{"host":"f9ztnrt83gaf1u90","time":1609391651,"event":{"mods":["BaseMod","Minty Spire (QoL Compilation)","Quick Restart","StSLib"],"gold_per_floor":[113,113,113,21,21,21,32,32,32,32,32,52,52,66,66,171,171,189,114,131,78,91,91,101,101,147,147,175,185,185,201,201,305,305,320,25,44,98,110,145,145,179,191,0,12,24,86,98,110,122],"floor_reached":51,"playtime":1876,"items_purged":["Defend_R"],"score":1108,"play_id":"1b04c836-9762-40a1-8e92-4daf328001c6","local_time":"20201231131411","is_ascension_mode":true,"campfire_choices":[{"data":"Enlightenment","floor":6.0,"key":"SMITH"},{"data":"Bash","floor":8.0,"key":"SMITH"},{"data":"Perfected Strike","floor":10.0,"key":"SMITH"},{"floor":13.0,"key":"RECALL"},{"data":"Spot Weakness","floor":15.0,"key":"SMITH"},{"data":"Pommel Strike","floor":23.0,"key":"SMITH"},{"floor":27.0,"key":"REST"},{"floor":32.0,"key":"REST"},{"data":"Offering","floor":41.0,"key":"SMITH"},{"floor":45.0,"key":"REST"},{"floor":49.0,"key":"REST"}],"circlet_count":0,"master_deck":["AscendersBane","Strike_R+1","Strike_R","Strike_R","Strike_R","Strike_R","Defend_R","Defend_R","Defend_R+1","Bash+1","Perfected Strike+1","Flame Barrier+1","Enlightenment+1","Shockwave+1","Spot Weakness+1","Bludgeon","Pommel Strike+1","Pommel Strike+1","Offering+1","Perfected Strike","Shrug It Off","Inflame+1","True Grit+1","Secret Weapon+1"],"relics":["Burning Blood","Frozen Egg 2","Busted Crown","Bag of Marbles","Meat on the Bone","SacredBark","Potion Belt","Pocketwatch","Happy Flower","MawBank","Smiling Mask","Red Mask","Peace Pipe"],"acts_visited":[],"potions_floor_usage":[50,50],"damage_taken":[{"damage":4.0,"enemies":"2 Louse","floor":1.0,"turns":3.0},{"damage":4.0,"enemies":"Jaw Worm","floor":7.0,"turns":2.0},{"damage":4.0,"enemies":"Small Slimes","floor":12.0,"turns":5.0},{"damage":1.0,"enemies":"Exordium Thugs","floor":14.0,"turns":3.0},{"damage":23.0,"enemies":"Hexaghost","floor":16.0,"turns":7.0},{"damage":6.0,"enemies":"Spheric Guardian","floor":18.0,"turns":3.0},{"damage":22.0,"enemies":"2 Thieves","floor":20.0,"turns":4.0},{"damage":20.0,"enemies":"Chosen and Byrds","floor":22.0,"turns":5.0},{"damage":16.0,"enemies":"3 Cultists","floor":24.0,"turns":5.0},{"damage":27.0,"enemies":"Book of Stabbing","floor":28.0,"turns":4.0},{"damage":15.0,"enemies":"Shelled Parasite and Fungi","floor":29.0,"turns":3.0},{"damage":8.0,"enemies":"Cultist and Chosen","floor":31.0,"turns":4.0},{"damage":78.0,"enemies":"Champ","floor":33.0,"turns":8.0},{"damage":24.0,"enemies":"3 Darklings","floor":35.0,"turns":3.0},{"damage":12.0,"enemies":"Orb Walker","floor":37.0,"turns":3.0},{"damage":28.0,"enemies":"2 Orb Walkers","floor":38.0,"turns":2.0},{"damage":16.0,"enemies":"3 Darklings","floor":39.0,"turns":3.0},{"damage":33.0,"enemies":"Giant Head","floor":40.0,"turns":6.0},{"damage":21.0,"enemies":"Nemesis","floor":42.0,"turns":5.0},{"damage":6.0,"enemies":"Mind Bloom Boss Battle","floor":47.0,"turns":4.0},{"damage":58,"enemies":"Time Eater","floor":50,"turns":6}],"seed_played":"6205160844969734186","potions_obtained":[{"floor":1.0,"key":"DuplicationPotion"},{"floor":12.0,"key":"Swift Potion"},{"floor":40.0,"key":"LiquidMemories"},{"floor":47.0,"key":"Energy Potion"}],"is_trial":false,"path_per_floor":["M","?","?","$","?","R","M","R","T","R","?","M","R","M","R","B",null,"M","$","M","$","M","R","M","$","T","R","E","M","?","M","R","B",null,"M","$","M","?","M","E","R","E","T","?","R","?","?","?","R","B",null],"character_chosen":"IRONCLAD","items_purchased":["Enlightenment","Pommel Strike","Perfected Strike","Shrug It Off","Potion Belt","SteroidPotion"],"campfire_rested":4,"item_purchase_floors":[4,21,36,36,36,36],"current_hp_per_floor":[74,79,79,79,62,62,64,64,64,64,64,66,66,71,71,54,77,77,77,61,61,47,47,37,37,37,62,41,44,44,54,79,19,69,51,51,57,47,49,34,34,31,31,31,56,56,56,56,81,41],"gold":134,"neow_bonus":"THREE_CARDS","is_daily":false,"chose_seed":false,"campfire_upgraded":6,"win_rate":0.0,"timestamp":1609391651,"path_taken":["M","?","?","$","?","R","M","R","T","R","?","M","R","M","R","BOSS","M","$","M","$","M","R","M","$","T","R","E","M","?","M","R","BOSS","M","$","M","?","M","E","R","E","T","?","R","?","?","?","R","BOSS"],"items_purchased_type":["Card","Card","Card","Card","Relic","Potion"],"build_version":"2020-12-22","purchased_purges":1,"victory":true,"max_hp_per_floor":[80,85,85,85,85,85,85,85,85,85,85,85,85,85,85,85,85,85,85,85,85,85,85,85,85,85,85,85,85,85,85,85,85,85,85,85,85,85,85,85,85,85,85,85,85,85,85,85,85,85],"card_choices":[{"not_picked":["Havoc","Armaments"],"picked":"Perfected Strike","floor":0.0},{"not_picked":["Bloodletting","Havoc"],"picked":"Flame Barrier","floor":1.0},{"not_picked":["Reckless Charge","Rupture"],"picked":"Shockwave","floor":7.0},{"not_picked":["Iron Wave","Intimidate"],"picked":"Spot Weakness","floor":12.0},{"not_picked":["Thunderclap","Rage","Sentinel"],"picked":"SKIP","floor":14.0},{"not_picked":["Corruption+1","Limit Break"],"picked":"Bludgeon","floor":16.0},{"not_picked":["Rampage"],"picked":"SKIP","floor":18.0},{"not_picked":["Warcry"],"picked":"SKIP","floor":20.0},{"not_picked":["Clash"],"picked":"SKIP","floor":22.0},{"not_picked":["Rupture+1"],"picked":"SKIP","floor":24.0},{"not_picked":["Reckless Charge"],"picked":"SKIP","floor":28.0},{"not_picked":["Anger"],"picked":"SKIP","floor":29.0},{"not_picked":[],"picked":"Pommel Strike+1","floor":31.0},{"not_picked":[],"picked":"Offering","floor":33.0},{"not_picked":["Spot Weakness"],"picked":"SKIP","floor":35.0},{"not_picked":[],"picked":"Inflame+1","floor":37.0},{"not_picked":["Iron Wave"],"picked":"SKIP","floor":39.0},{"not_picked":[],"picked":"True Grit+1","floor":40.0},{"not_picked":["Uppercut"],"picked":"SKIP","floor":42.0},{"not_picked":[],"picked":"Secret Weapon","floor":46.0}],"player_experience":198299,"relics_obtained":[{"floor":9.0,"key":"Frozen Egg 2"},{"floor":26.0,"key":"Bag of Marbles"},{"floor":28.0,"key":"Meat on the Bone"},{"floor":38.0,"key":"Pocketwatch"},{"floor":40.0,"key":"Happy Flower"},{"floor":42.0,"key":"MawBank"},{"floor":43.0,"key":"Smiling Mask"},{"floor":47.0,"key":"Peace Pipe"}],"event_choices":[{"damage_healed":0.0,"max_hp_gain":5.0,"max_hp_loss":0.0,"gold_gain":0.0,"event_name":"Big Fish","player_choice":"Donut","floor":2.0,"gold_loss":0.0,"damage_taken":0.0},{"damage_healed":0.0,"max_hp_gain":0.0,"max_hp_loss":0.0,"gold_gain":0.0,"event_name":"Living Wall","player_choice":"Grow","floor":3.0,"gold_loss":0.0,"damage_taken":0.0,"cards_upgraded":["Flame Barrier"]},{"damage_healed":0.0,"max_hp_gain":0.0,"max_hp_loss":0.0,"gold_gain":0.0,"event_name":"Shining Light","player_choice":"Entered Light","floor":5.0,"gold_loss":0.0,"damage_taken":17.0,"cards_upgraded":["Strike_R","Defend_R"]},{"damage_healed":0.0,"max_hp_gain":0.0,"max_hp_loss":0.0,"gold_gain":0.0,"event_name":"Upgrade Shrine","player_choice":"Upgraded","floor":11.0,"gold_loss":0.0,"damage_taken":0.0,"cards_upgraded":["Shockwave"]},{"damage_healed":0.0,"max_hp_gain":0.0,"max_hp_loss":0.0,"gold_gain":0.0,"event_name":"Beggar","player_choice":"Ignored","floor":30.0,"gold_loss":0.0,"damage_taken":0.0},{"damage_healed":0.0,"max_hp_gain":0.0,"max_hp_loss":0.0,"gold_gain":0.0,"event_name":"Mysterious Sphere","player_choice":"Fight","floor":38.0,"gold_loss":0.0,"damage_taken":0.0},{"damage_healed":0.0,"max_hp_gain":0.0,"max_hp_loss":0.0,"gold_gain":0.0,"event_name":"Tomb of Lord Red Mask","player_choice":"Paid","floor":44.0,"gold_loss":203.0,"damage_taken":0.0,"relics_obtained":["Red Mask"]},{"damage_healed":0.0,"max_hp_gain":0.0,"max_hp_loss":0.0,"gold_gain":0.0,"event_name":"SensoryStone","player_choice":"Memory 1","floor":46.0,"gold_loss":0.0,"damage_taken":0.0},{"damage_healed":0.0,"max_hp_gain":0.0,"max_hp_loss":0.0,"gold_gain":0.0,"event_name":"MindBloom","player_choice":"Fight","floor":47.0,"gold_loss":0.0,"damage_taken":0.0},{"damage_healed":0.0,"max_hp_gain":0.0,"max_hp_loss":0.0,"gold_gain":0.0,"event_name":"Upgrade Shrine","player_choice":"Upgraded","floor":48.0,"gold_loss":0.0,"damage_taken":0.0,"cards_upgraded":["Secret Weapon"]}],"is_beta":false,"boss_relics":[{"not_picked":["Ectoplasm","Black Blood"],"picked":"Busted Crown"},{"not_picked":["Philosopher\u0027s Stone","Calling Bell"],"picked":"SacredBark"}],"items_purged_floors":[19],"is_endless":false,"potions_floor_spawned":[1,12,16,20,22,24,28,40,47],"ascension_level":12}}