{"host":"p6y17sixyu8q9v1f","time":1609420089,"event":{"mods":["BaseMod","Colored Map","Minty Spire (QoL Compilation)"],"gold_per_floor":[116,116,131,131,148,175,190,204,204,204,32,51,76,38,38,38,38],"floor_reached":16,"playtime":823,"items_purged":["Defend_R"],"score":140,"play_id":"5d970ac7-6bec-43ff-89e5-451c534413fd","local_time":"20201231070809","is_ascension_mode":true,"campfire_choices":[{"data":"Armaments","floor":10,"key":"SMITH"},{"data":"Double Tap","floor":15,"key":"SMITH"}],"circlet_count":0,"master_deck":["Strike_R","Strike_R","Strike_R","Strike_R","Defend_R","Defend_R","Defend_R","Bash+1","Dropkick","Iron Wave+1","Iron Wave","Cleave","Armaments+1","Spot Weakness","Double Tap+1"],"relics":["Burning Blood","Anchor","Bag of Preparation","Membership Card","Bronze Scales"],"acts_visited":["Exordium"],"potions_floor_usage":[6,8,16,16],"damage_taken":[{"damage":4,"enemies":"Jaw Worm","floor":1,"turns":4},{"damage":0,"enemies":"Small Slimes","floor":3,"turns":2},{"damage":0,"enemies":"Cultist","floor":5,"turns":3},{"damage":9,"enemies":"Gremlin Nob","floor":6,"turns":3},{"damage":4,"enemies":"Lots of Slimes","floor":7,"turns":7},{"damage":0,"enemies":"Looter","floor":8,"turns":2},{"damage":9,"enemies":"Red Slaver","floor":12,"turns":3},{"damage":35,"enemies":"Lagavulin","floor":13,"turns":8},{"damage":49,"enemies":"Hexaghost","floor":16,"turns":8}],"seed_played":"5386252818161270034","potions_obtained":[{"floor":1,"key":"BlessingOfTheForge"},{"floor":3,"key":"Swift Potion"},{"floor":5,"key":"DistilledChaos"},{"floor":8,"key":"SteroidPotion"}],"is_trial":false,"path_per_floor":["M","?","M","?","M","E","M","M","T","R","$","M","E","$","R","B"],"character_chosen":"IRONCLAD","items_purchased":["Membership Card","Spot Weakness"],"campfire_rested":0,"item_purchase_floors":[11,11],"current_hp_per_floor":[80,73,79,79,80,77,79,80,80,80,80,77,48,48,48,0,0],"gold":38,"neow_bonus":"UPGRADE_CARD","is_daily":false,"chose_seed":false,"campfire_upgraded":2,"win_rate":0.0,"timestamp":1609420089,"path_taken":["M","?","M","?","?","E","M","M","T","R","$","M","E","$","R","BOSS"],"items_purchased_type":["Relic","Card"],"build_version":"2020-12-22","purchased_purges":1,"victory":false,"max_hp_per_floor":[80,80,80,80,80,80,80,80,80,80,80,80,80,80,80,80,80],"card_choices":[{"not_picked":["Carnage","Sentinel"],"picked":"Dropkick","floor":1},{"not_picked":["Body Slam","Inflame"],"picked":"Iron Wave","floor":3},{"not_picked":["Evolve","Sword Boomerang","Twin Strike"],"picked":"SKIP","floor":5},{"not_picked":["Havoc","Power Through"],"picked":"Iron Wave","floor":6},{"not_picked":["Rupture","Anger"],"picked":"Cleave","floor":7},{"not_picked":["Fiend Fire","Headbutt"],"picked":"Armaments","floor":8},{"not_picked":["Twin Strike","Disarm","Fire Breathing"],"picked":"SKIP","floor":12},{"not_picked":["Shrug It Off","Feed"],"picked":"Double Tap","floor":13}],"player_experience":825678,"relics_obtained":[{"floor":6,"key":"Anchor"},{"floor":9,"key":"Bag of Preparation"},{"floor":13,"key":"Bronze Scales"}],"event_choices":[{"cards_removed":["Strike_R"],"damage_healed":0,"gold_gain":0,"player_choice":"Card Removal","damage_taken":7,"max_hp_gain":0,"max_hp_loss":0,"event_name":"Golden Wing","floor":2,"gold_loss":0},{"damage_healed":0,"gold_gain":0,"player_choice":"Forge","damage_taken":0,"max_hp_gain":0,"max_hp_loss":0,"event_name":"Accursed Blacksmith","floor":4,"gold_loss":0,"cards_upgraded":["Iron Wave"]}],"is_beta":false,"boss_relics":[],"items_purged_floors":[14],"is_endless":false,"potions_floor_spawned":[1,3,5,8],"killed_by":"Hexaghost","ascension_level":5}}