{"host":"9fh35csyvbzgxvf9","time":1609443293,"event":{"mods":["BaseMod","Block Reminder","Colored Map","DeckTracker","Minty Spire (QoL Compilation)"],"gold_per_floor":[119,137,137,137,147,147,164,182,182,201,214,214,230,155,155,259,259,279,123,143,155,165,165,165],"floor_reached":23,"playtime":1981,"items_purged":["Strike_G"],"score":189,"play_id":"49a234b3-313f-4c04-a0f8-d947fc24188e","local_time":"20201231143453","is_ascension_mode":false,"campfire_choices":[{"data":"Sucker Punch","floor":6,"key":"SMITH"},{"floor":12,"key":"REST"},{"data":"Neutralize","floor":15,"key":"SMITH"}],"circlet_count":0,"master_deck":["Strike_G","Strike_G","Strike_G","Defend_G","Defend_G","Defend_G","Defend_G","Defend_G","Survivor","Neutralize+1","Sucker Punch+1","Outmaneuver","Heel Hook","Acrobatics","Deadly Poison","Poisoned Stab","Infinite Blades","Blade Dance","Cloak And Dagger","Envenom","CurseOfTheBell","Distraction+1","Backflip","Slice","Sucker Punch"],"relics":["Ring of the Snake","CultistMask","Pen Nib","Calling Bell","Dream Catcher","Meat on the Bone","Girya","Ancient Tea Set"],"acts_visited":["Exordium","TheCity"],"potions_floor_usage":[5,13,16,16,23,23],"damage_taken":[{"damage":0,"enemies":"Small Slimes","floor":1,"turns":3},{"damage":0,"enemies":"2 Louse","floor":2,"turns":4},{"damage":0,"enemies":"Cultist","floor":5,"turns":5},{"damage":0,"enemies":"Large Slime","floor":7,"turns":8},{"damage":1,"enemies":"Blue Slaver","floor":8,"turns":3},{"damage":7,"enemies":"Gremlin Gang","floor":10,"turns":4},{"damage":20,"enemies":"Exordium Wildlife","floor":11,"turns":5},{"damage":1,"enemies":"Red Slaver","floor":13,"turns":2},{"damage":19,"enemies":"Slime Boss","floor":16,"turns":12},{"damage":11,"enemies":"Shell Parasite","floor":18,"turns":8},{"damage":0,"enemies":"3 Byrds","floor":20,"turns":6},{"damage":36,"enemies":"Shelled Parasite and Fungi","floor":21,"turns":6},{"damage":16,"enemies":"Snake Plant","floor":22,"turns":6},{"damage":38,"enemies":"Slavers","floor":23,"turns":4}],"seed_played":"-7562759873065700174","potions_obtained":[{"floor":1,"key":"Poison Potion"},{"floor":7,"key":"PowerPotion"},{"floor":8,"key":"Weak Potion"},{"floor":11,"key":"Poison Potion"},{"floor":21,"key":"SpeedPotion"},{"floor":22,"key":"LiquidBronze"}],"is_trial":false,"path_per_floor":["M","M","?","?","M","R","M","M","T","M","M","R","M","$","R","B",null,"M","$","M","M","M","E"],"character_chosen":"THE_SILENT","items_purchased":["Ancient Tea Set"],"campfire_rested":1,"item_purchase_floors":[19],"current_hp_per_floor":[70,70,75,75,75,75,75,74,74,67,47,69,68,68,68,49,75,64,64,64,40,36,0,0],"gold":165,"neow_bonus":"TRANSFORM_CARD","is_daily":false,"chose_seed":false,"campfire_upgraded":2,"win_rate":0.0,"timestamp":1609443293,"path_taken":["M","M","?","?","M","R","M","M","T","M","M","R","?","$","R","BOSS","M","$","M","M","M","E"],"items_purchased_type":["Relic"],"build_version":"2020-12-22","purchased_purges":1,"victory":false,"max_hp_per_floor":[70,70,75,75,75,75,75,75,75,75,75,75,75,75,75,75,75,75,75,75,75,75,75,75],"card_choices":[{"not_picked":["Setup","Underhanded Strike"],"picked":"Outmaneuver","floor":1},{"not_picked":["Eviscerate","Escape Plan"],"picked":"Heel Hook","floor":2},{"not_picked":["Bane","Leg Sweep"],"picked":"Acrobatics","floor":5},{"not_picked":["Leg Sweep","Acrobatics"],"picked":"Deadly Poison","floor":7},{"not_picked":["Endless Agony","PiercingWail"],"picked":"Poisoned Stab","floor":8},{"not_picked":["Blade Dance","Acrobatics"],"picked":"Infinite Blades","floor":10},{"not_picked":["Calculated Gamble","Corpse Explosion"],"picked":"Blade Dance","floor":11},{"not_picked":["Backflip","Deadly Poison"],"picked":"Cloak And Dagger","floor":13},{"not_picked":["Unload","Doppelganger"],"picked":"Envenom","floor":16},{"not_picked":["Dagger Spray","Cloak And Dagger"],"picked":"Distraction+1","floor":18},{"not_picked":["Choke","Underhanded Strike+1"],"picked":"Backflip","floor":20},{"not_picked":["Dodge and Roll+1","Dagger Spray"],"picked":"Slice","floor":21},{"not_picked":["All Out Attack","Outmaneuver"],"picked":"Sucker Punch","floor":22}],"player_experience":263668,"relics_obtained":[{"floor":9,"key":"Pen Nib"},{"floor":17,"key":"Dream Catcher"},{"floor":17,"key":"Meat on the Bone"},{"floor":17,"key":"Girya"}],"event_choices":[{"damage_healed":0,"gold_gain":0,"player_choice":"Donut","damage_taken":0,"max_hp_gain":5,"max_hp_loss":0,"event_name":"Big Fish","floor":3,"gold_loss":0},{"damage_healed":0,"gold_gain":0,"player_choice":"Trade","damage_taken":0,"relics_obtained":["CultistMask"],"max_hp_gain":0,"max_hp_loss":0,"event_name":"FaceTrader","floor":4,"gold_loss":0}],"is_beta":false,"boss_relics":[{"not_picked":["Snecko Eye","Coffee Dripper"],"picked":"Calling Bell"}],"items_purged_floors":[14],"is_endless":false,"potions_floor_spawned":[1,7,8,11,21,22],"killed_by":"Slavers","ascension_level":0}}