{"host":"4sl6z5xrlou33vwc","time":1609420211,"event":{"mods":["AchievementEnabler","BaseMod","Colored Powertips","DeckTracker","Minty Spire (QoL Compilation)"],"gold_per_floor":[111,36,36,50,66,66,78,90,90,90,103,178,191,11,11,113,113,128,154,154,154,154,154,174,186,210,210,225,71,121,135,135,135,135],"floor_reached":33,"playtime":1247,"items_purged":["Strike_P","Strike_P"],"score":332,"play_id":"2ef18f42-33dd-4273-a972-c4ee26930c45","local_time":"20201231141011","is_ascension_mode":true,"campfire_choices":[{"floor":6,"key":"RECALL"},{"floor":15,"key":"REST"},{"data":"DeusExMachina","floor":23,"key":"SMITH"},{"data":"ConjureBlade","floor":32,"key":"SMITH"}],"circlet_count":0,"master_deck":["Defend_P","Eruption","Vigilance","BattleHymn+1","DeceiveReality","DeusExMachina+1","Vault+1","MasterReality+1","Consecrate+1","WaveOfTheHand","ConjureBlade+1","EmptyBody+1","Protect+1"],"relics":["PureWater","Matryoshka","Nunchaku","Astrolabe","Red Mask","Nilry\u0027s Codex","Toxic Egg 2","Pen Nib","Medical Kit"],"acts_visited":["Exordium","TheCity"],"potions_floor_usage":[11,11,16,19,24],"damage_taken":[{"damage":0,"enemies":"Cultist","floor":1,"turns":3},{"damage":0,"enemies":"Jaw Worm","floor":4,"turns":3},{"damage":1,"enemies":"2 Louse","floor":5,"turns":2},{"damage":0,"enemies":"2 Fungi Beasts","floor":7,"turns":2},{"damage":5,"enemies":"Large Slime","floor":8,"turns":4},{"damage":12,"enemies":"Exordium Wildlife","floor":11,"turns":3},{"damage":30,"enemies":"2 Fungi Beasts","floor":13,"turns":3},{"damage":0,"enemies":"Slime Boss","floor":16,"turns":5},{"damage":1,"enemies":"Spheric Guardian","floor":18,"turns":5},{"damage":8,"enemies":"Masked Bandits","floor":19,"turns":3},{"damage":4,"enemies":"Shell Parasite","floor":24,"turns":5},{"damage":0,"enemies":"Snecko","floor":25,"turns":2},{"damage":4,"enemies":"Chosen and Byrds","floor":28,"turns":3},{"damage":0,"enemies":"Centurion and Healer","floor":31,"turns":7},{"damage":56,"enemies":"Champ","floor":33,"turns":9}],"seed_played":"5274484618583284193","potions_obtained":[{"floor":1,"key":"Explosive Potion"},{"floor":7,"key":"Swift Potion"},{"floor":13,"key":"BottledMiracle"},{"floor":16,"key":"PowerPotion"},{"floor":19,"key":"Energy Potion"},{"floor":24,"key":"GamblersBrew"}],"is_trial":false,"path_per_floor":["M","$","?","M","M","R","M","M","T","?","M","?","M","$","R","B",null,"M","?","?","?","?","R","M","M","T","?","M","$","?","M","R","B"],"character_chosen":"WATCHER","items_purchased":["DeceiveReality","Medical Kit"],"campfire_rested":1,"item_purchase_floors":[14,29],"current_hp_per_floor":[79,79,79,79,78,78,78,73,73,73,61,50,20,20,43,43,79,78,70,54,54,54,54,50,50,50,50,46,46,46,46,46,0,0],"gold":135,"neow_bonus":"TEN_PERCENT_HP_BONUS","is_daily":false,"chose_seed":false,"campfire_upgraded":2,"win_rate":0.0,"timestamp":1609420211,"path_taken":["M","$","?","M","M","R","?","M","T","?","M","?","M","$","R","BOSS","M","?","?","?","?","R","M","?","T","?","M","$","?","?","R","BOSS"],"items_purchased_type":["Card","Relic"],"build_version":"2020-12-22","purchased_purges":2,"victory":false,"max_hp_per_floor":[79,79,79,79,79,79,79,79,79,79,79,79,79,79,79,79,79,79,79,79,79,79,79,79,79,79,79,79,79,79,79,79,79,79],"card_choices":[{"not_picked":["Perseverance","ThirdEye"],"picked":"BattleHymn","floor":1},{"not_picked":["BattleHymn","ThirdEye","Collect"],"picked":"SKIP","floor":4},{"not_picked":["FearNoEvil","Adaptation","ReachHeaven"],"picked":"SKIP","floor":5},{"not_picked":["Pray","ForeignInfluence","JustLucky"],"picked":"SKIP","floor":7},{"not_picked":["Pray","ForeignInfluence","JustLucky"],"picked":"SKIP","floor":7},{"not_picked":["EmptyBody","Evaluate","Indignation"],"picked":"SKIP","floor":8},{"not_picked":["FlyingSleeves","Tantrum","JustLucky"],"picked":"SKIP","floor":11},{"not_picked":["Wallop","ForeignInfluence","Consecrate"],"picked":"SKIP","floor":13},{"not_picked":["Brilliance","Ragnarok"],"picked":"DeusExMachina","floor":16},{"not_picked":["FlyingSleeves","FearNoEvil","SashWhip"],"picked":"SKIP","floor":18},{"not_picked":["Collect","ThirdEye","ClearTheMind+1"],"picked":"SKIP","floor":24},{"not_picked":["Worship","CrushJoints+1","EmptyBody"],"picked":"SKIP","floor":25},{"not_picked":["Worship","CrushJoints+1","EmptyBody"],"picked":"SKIP","floor":25},{"not_picked":["Worship","CrushJoints+1","EmptyBody"],"picked":"SKIP","floor":25},{"not_picked":["Consecrate+1","Conclude","LikeWater"],"picked":"SKIP","floor":28},{"not_picked":["Pray+1","SashWhip+1"],"picked":"Protect+1","floor":31}],"player_experience":351540,"relics_obtained":[{"floor":9,"key":"Matryoshka"},{"floor":19,"key":"Red Mask"},{"floor":20,"key":"Nilry\u0027s Codex"},{"floor":26,"key":"Toxic Egg 2"},{"floor":26,"key":"Pen Nib"}],"event_choices":[{"damage_healed":0,"gold_gain":0,"player_choice":"Forge","damage_taken":0,"max_hp_gain":0,"max_hp_loss":0,"event_name":"Accursed Blacksmith","floor":3,"gold_loss":0,"cards_upgraded":["BattleHymn"]},{"damage_healed":0,"gold_gain":0,"player_choice":"Searched \u00272\u0027 times","damage_taken":0,"relics_obtained":["Nunchaku"],"max_hp_gain":0,"max_hp_loss":0,"event_name":"Dead Adventurer","floor":10,"gold_loss":0},{"damage_healed":0,"gold_gain":75,"player_choice":"Gather Gold","damage_taken":11,"max_hp_gain":0,"max_hp_loss":0,"event_name":"World of Goop","floor":12,"gold_loss":0},{"damage_healed":0,"gold_gain":0,"player_choice":"Fought Bandits","damage_taken":0,"max_hp_gain":0,"max_hp_loss":0,"event_name":"Masked Bandits","floor":19,"gold_loss":0},{"damage_healed":0,"gold_gain":0,"player_choice":"Obtained Book","damage_taken":16,"max_hp_gain":0,"max_hp_loss":0,"event_name":"Cursed Tome","floor":20,"gold_loss":0},{"damage_healed":0,"gold_gain":0,"player_choice":"Ignored","damage_taken":0,"max_hp_gain":0,"max_hp_loss":0,"event_name":"Ghosts","floor":21,"gold_loss":0},{"damage_healed":0,"gold_gain":0,"cards_transformed":["Defend_P","Defend_P"],"player_choice":"Became Test Subject","damage_taken":0,"max_hp_gain":0,"max_hp_loss":0,"event_name":"Drug Dealer","floor":22,"gold_loss":0,"cards_obtained":["WaveOfTheHand","ConjureBlade"]},{"damage_healed":0,"gold_gain":0,"player_choice":"Read","damage_taken":0,"max_hp_gain":0,"max_hp_loss":0,"event_name":"The Library","floor":27,"gold_loss":0,"cards_obtained":["EmptyBody"]},{"damage_healed":0,"gold_gain":100,"player_choice":"Bet on Murderer","damage_taken":0,"max_hp_gain":0,"max_hp_loss":0,"event_name":"The Joust","floor":30,"gold_loss":50}],"is_beta":false,"boss_relics":[{"not_picked":["Runic Pyramid","Velvet Choker"],"picked":"Astrolabe"}],"items_purged_floors":[2,14],"is_endless":false,"potions_floor_spawned":[1,7,13,16,19,24],"killed_by":"Champ","ascension_level":3}}