{"host":"8g198xe1n7br41jb","time":1609425462,"event":{"mods":["BaseMod","Downfall","Minty Spire (QoL Compilation)","StSLib","SuperFastMode"],"gold_per_floor":[349,368,381,381,396,426,426,426,56,73,105,105,123,148,158,158,158,158],"floor_reached":16,"playtime":1011,"items_purged":["Guardian:Strike_Guardian"],"score":134,"play_id":"81c2b155-ed99-4215-aa9a-fd84728504ce","local_time":"20201231153742","is_ascension_mode":true,"campfire_choices":[{"data":"Guardian:TwinSlam","floor":1.0,"key":"SMITH"},{"data":"Guardian:DonusPower","floor":8,"key":"SMITH"},{"data":"Guardian:Orbwalk","floor":12,"key":"SMITH"}],"circlet_count":0,"master_deck":["Guardian:Strike_Guardian","Guardian:Strike_Guardian","Guardian:Strike_Guardian","Guardian:Defend_Guardian","Guardian:Defend_Guardian","Guardian:Defend_Guardian","Guardian:Defend_Guardian","Guardian:CurlUp","Guardian:TwinSlam+1","Guardian:Recover","Guardian:Gem_Crimson","Guardian:DonusPower+1","Guardian:CrystalBeam","Guardian:Orbwalk+1","Guardian:TemporalStrike","Guardian:TimeBomb","Guardian:TemporalShield","Guardian:VentSteam"],"relics":["Guardian:ModeShifter","InkBottle","PreservedInsect","Vajra","Pear","Sundial"],"acts_visited":["Exordium"],"potions_floor_usage":[11,14,14,16],"damage_taken":[{"damage":10.0,"enemies":"Cultist","floor":2.0,"turns":3.0},{"damage":8,"enemies":"2 Louse","floor":3,"turns":2},{"damage":8,"enemies":"Small Slimes","floor":5,"turns":3},{"damage":26,"enemies":"3 Sentries","floor":6,"turns":8},{"damage":0,"enemies":"downfall:FleeingMerchant","floor":9,"turns":4},{"damage":0,"enemies":"2 Fungi Beasts","floor":10,"turns":2},{"damage":18,"enemies":"Gremlin Nob","floor":11,"turns":3},{"damage":0,"enemies":"3 Louse","floor":13,"turns":2},{"damage":8,"enemies":"Lagavulin","floor":14,"turns":6},{"damage":0,"enemies":"Gremlin Gang","floor":15,"turns":4},{"damage":6,"enemies":"downfall:Ironclad","floor":16,"turns":5}],"seed_played":"-6207732826374161825","potions_obtained":[{"floor":3,"key":"Weak Potion"},{"floor":10,"key":"BlessingOfTheForge"},{"floor":13,"key":"AttackPotion"},{"floor":15,"key":"Guardian:BlockOnCardUsePotion"}],"is_trial":false,"path_per_floor":["R","M","M","?","M","E","T","R","$","M","E","R","M","E","M","B"],"character_chosen":"GUARDIAN","items_purchased":["Vajra","Guardian:Orbwalk","Guardian:TemporalStrike"],"campfire_rested":0,"item_purchase_floors":[9,9,9],"current_hp_per_floor":[72,62,54,54,46,20,20,20,20,20,12,12,12,4,4,0,0,0],"gold":158,"neow_bonus":"TWO_FIFTY_GOLD","is_daily":false,"chose_seed":false,"campfire_upgraded":3,"win_rate":0.0,"timestamp":1609425462,"path_taken":["R","?","?","?","M","E","T","R","$","M","E","R","M","E","M","BOSS"],"items_purchased_type":["Relic","Card","Card"],"build_version":"2020-12-22","purchased_purges":1,"victory":false,"max_hp_per_floor":[72,72,72,72,72,72,72,72,72,72,82,82,82,82,82,82,82,82],"card_choices":[{"not_picked":["Guardian:TemporalShield","Guardian:FloatingOrbs"],"picked":"Guardian:Recover","floor":2},{"not_picked":["Guardian:Planning","Guardian:RollAttack"],"picked":"Guardian:Gem_Crimson","floor":3},{"not_picked":["Guardian:Gem_Lightblue","Guardian:Orbwalk"],"picked":"Guardian:DonusPower","floor":5},{"not_picked":["Guardian:HyperBeam_Guardian","Guardian:WalkerClaw"],"picked":"Guardian:CrystalBeam","floor":6},{"not_picked":["Guardian:EvasiveProtocol","Guardian:Reroute","Guardian:SpikerProtocol"],"picked":"SKIP","floor":9},{"not_picked":["Guardian:RefractedBeam","Guardian:Gem_Cyan"],"picked":"Guardian:Gem_White","floor":10},{"not_picked":["Guardian:Gem_Purple","Guardian:Reroute"],"picked":"Guardian:TimeBomb","floor":11},{"not_picked":["Guardian:Planning","Guardian:Suspension"],"picked":"Guardian:TemporalShield","floor":13},{"not_picked":["Guardian:Gem_Green","Guardian:SphericShield"],"picked":"Guardian:VentSteam","floor":14},{"not_picked":["Guardian:PolyBeam","Guardian:RollAttack","Guardian:Gem_Cyan"],"picked":"SKIP","floor":15}],"player_experience":1194271,"relics_obtained":[{"floor":6,"key":"InkBottle"},{"floor":7,"key":"PreservedInsect"},{"floor":11,"key":"Pear"},{"floor":14,"key":"Sundial"}],"event_choices":[],"is_beta":false,"boss_relics":[],"items_purged_floors":[9],"is_endless":false,"potions_floor_spawned":[3,10,13,15],"killed_by":"downfall:Ironclad","ascension_level":2}}