{"host":"u2zgzag0koeblr9v","time":1609440846,"event":{"mods":["AchievementEnabler","BaseMod","Colored Map","Key Reminder","Minty Spire (QoL Compilation)"],"gold_per_floor":[113,90,90,23,40,66,78,92,92,135,135,135,135],"floor_reached":12,"playtime":563,"items_purged":[],"score":106,"play_id":"f0395517-6829-4cf3-ae92-360d3d565ce4","local_time":"20201231135406","is_ascension_mode":true,"campfire_choices":[],"circlet_count":0,"master_deck":["Strike_R","Strike_R","Strike_R","Strike_R","Defend_R","Defend_R","Defend_R","Bash","Twin Strike","True Grit","Metallicize","Metallicize","Ghostly Armor","Disarm","Entrench"],"relics":["Burning Blood","Oddly Smooth Stone","Juzu Bracelet","CeramicFish","Meat on the Bone"],"acts_visited":["Exordium"],"potions_floor_usage":[10],"damage_taken":[{"damage":0,"enemies":"Cultist","floor":1,"turns":4},{"damage":0,"enemies":"Small Slimes","floor":5,"turns":2},{"damage":41,"enemies":"Lagavulin","floor":6,"turns":9},{"damage":5,"enemies":"2 Louse","floor":7,"turns":4},{"damage":15,"enemies":"Blue Slaver","floor":8,"turns":5},{"damage":21,"enemies":"3 Sentries","floor":10,"turns":11},{"damage":25,"enemies":"Gremlin Nob","floor":12,"turns":4}],"seed_played":"-3532622435954172279","potions_obtained":[{"floor":5,"key":"Ancient Potion"},{"floor":6,"key":"Strength Potion"},{"floor":10,"key":"Explosive Potion"}],"is_trial":false,"path_per_floor":["M","$","?","$","M","E","M","M","T","E","?","E"],"character_chosen":"IRONCLAD","items_purchased":["True Grit","Metallicize"],"campfire_rested":0,"item_purchase_floors":[2,4],"current_hp_per_floor":[80,80,80,80,80,45,46,37,37,22,15,0,0],"gold":135,"neow_bonus":"RANDOM_COMMON_RELIC","is_daily":false,"chose_seed":false,"campfire_upgraded":0,"win_rate":0.0,"timestamp":1609440846,"path_taken":["M","?","?","$","M","E","M","M","T","E","?","E"],"items_purchased_type":["Card","Card"],"build_version":"2020-12-22","purchased_purges":0,"victory":false,"max_hp_per_floor":[80,80,80,80,80,80,80,80,80,80,80,80,80],"card_choices":[{"not_picked":["Headbutt","Cleave"],"picked":"Twin Strike","floor":1},{"not_picked":["Clothesline","Pommel Strike"],"picked":"Metallicize","floor":5},{"not_picked":["Clothesline","Searing Blow"],"picked":"Ghostly Armor","floor":6},{"not_picked":["Intimidate","Shrug It Off"],"picked":"Disarm","floor":7},{"not_picked":["Wild Strike","Havoc","Perfected Strike"],"picked":"SKIP","floor":8},{"not_picked":["Fiend Fire","Anger"],"picked":"Entrench","floor":10}],"player_experience":369071,"relics_obtained":[{"floor":6,"key":"Juzu Bracelet"},{"floor":9,"key":"CeramicFish"},{"floor":10,"key":"Meat on the Bone"}],"event_choices":[{"cards_removed":["Defend_R"],"damage_healed":0,"gold_gain":0,"player_choice":"Offered Basic","damage_taken":0,"max_hp_gain":0,"max_hp_loss":0,"event_name":"Bonfire Elementals","floor":3,"gold_loss":0},{"cards_removed":["Strike_R"],"damage_healed":0,"gold_gain":0,"player_choice":"Card Removal","damage_taken":7,"max_hp_gain":0,"max_hp_loss":0,"event_name":"Golden Wing","floor":11,"gold_loss":0}],"is_beta":false,"boss_relics":[],"items_purged_floors":[],"is_endless":false,"potions_floor_spawned":[5,6,10],"killed_by":"Gremlin Nob","ascension_level":4}}