{"host":"jqbwv9vyd5ud9wcv","time":1609398195,"event":{"mods":["Arknights The Spire","BaseMod","Bestiary","Card Forge","Hermit","Minty Spire (QoL Compilation)","Relic Stats","StSLib","The Hierophant","The Runesmith","Uncapped"],"gold_per_floor":[115,115,125,125,139,170,445,445,445,445,459,512,512,364,364,461,461,472,472,321,335,355,355,355,355,379,399,369,369,185,195,195,298,298,311,97,111,125,137,137,137,59,59,59,59,59,59,70,70,70,70],"floor_reached":50,"playtime":1939,"items_purged":[],"score":488,"play_id":"3dcff85d-bd55-4b67-8c02-8d16d0915ad6","local_time":"20201231020315","is_ascension_mode":false,"campfire_choices":[{"floor":8,"key":"REST"},{"data":"Catalyst","floor":10,"key":"SMITH"},{"floor":13,"key":"REST"},{"data":"Bouncing Flask","floor":15,"key":"SMITH"},{"floor":23,"key":"REST"},{"floor":29,"key":"REST"},{"floor":32,"key":"REST"},{"floor":40,"key":"REST"},{"floor":44,"key":"REST"},{"floor":47,"key":"REST"},{"floor":49,"key":"REST"}],"circlet_count":0,"master_deck":["Strike_G+1","Strike_G+1","Strike_G+1","Strike_G+1","Defend_G+1","Defend_G+1","Defend_G+1","Defend_G+1","Defend_G+1","Survivor+1","Neutralize+1","After Image+1","A Thousand Cuts+1","Venomology+1","Blade Dance+1","Caltrops+1","Corpse Explosion+1","Envenom+1","Infinite Blades+1","Noxious Fumes+1","Distraction+1","Die Die Die+1","Crippling Poison+1","All Out Attack+1","Flechettes+1","Catalyst+1","Bouncing Flask+1","Masterful Stab+1","Regret","Choke+1","Catalyst+1","Finisher+1","Dagger Spray+1","Dash+1","Terror+1","Dodge and Roll+1","A Thousand Cuts+1","Riddle With Holes+1","Venomology+1","Deadly Poison+1","Heel Hook+1","Leg Sweep+1","Transmutation+1","Trip+1","Dramatic Entrance+1","Noxious Fumes+1"],"relics":["Ring of the Snake","Hammer of Thor","Seething Fire","Anvil of the Gods","NeowsBlessing","ats:Originium","White Beast Statue","Happy Flower","Frozen Eye","WristBlade","Juzu Bracelet","MutagenicStrength","Regal Pillow","Vajra","Black Star","Pen Nib","Sundial"],"acts_visited":["Exordium","TheCity","TheBeyond"],"potions_floor_usage":[16,16,16,21,21,22,22,27,31,31,33,33,33,37,38,38,38,39,48,50,50],"damage_taken":[{"damage":0,"enemies":"Small Slimes","floor":1,"turns":1},{"damage":0,"enemies":"Cultist","floor":3,"turns":1},{"damage":0,"enemies":"2 Louse","floor":5,"turns":1},{"damage":12,"enemies":"3 Sentries","floor":6,"turns":4},{"damage":6,"enemies":"Looter","floor":11,"turns":3},{"damage":20,"enemies":"The Guardian","floor":16,"turns":5},{"damage":20,"enemies":"Spheric Guardian","floor":18,"turns":5},{"damage":26,"enemies":"2 Thieves","floor":21,"turns":4},{"damage":2,"enemies":"3 Cultists","floor":22,"turns":4},{"damage":20,"enemies":"Snake Plant","floor":27,"turns":3},{"damage":8,"enemies":"Centurion and Healer","floor":31,"turns":4},{"damage":55,"enemies":"Champ","floor":33,"turns":8},{"damage":33,"enemies":"3 Darklings","floor":35,"turns":3},{"damage":8,"enemies":"3 Shapes","floor":37,"turns":3},{"damage":28,"enemies":"Maw","floor":38,"turns":5},{"damage":14,"enemies":"3 Darklings","floor":39,"turns":3},{"damage":13,"enemies":"Spire Growth","floor":48,"turns":3},{"damage":114,"enemies":"Donu and Deca","floor":50,"turns":6}],"seed_played":"8670163467757534876","potions_obtained":[{"floor":1,"key":"SteroidPotion"},{"floor":5,"key":"Dexterity Potion"},{"floor":6,"key":"Fire Potion"},{"floor":16,"key":"BlessingOfTheForge"},{"floor":18,"key":"FairyPotion"},{"floor":21,"key":"Energy Potion"},{"floor":22,"key":"Explosive Potion"},{"floor":28,"key":"EssenceOfSteel"},{"floor":28,"key":"EssenceOfSteel"},{"floor":31,"key":"LiquidMemories"},{"floor":33,"key":"SpeedPotion"},{"floor":35,"key":"Energy Potion"},{"floor":38,"key":"Block Potion"},{"floor":48,"key":"BlessingOfTheForge"}],"is_trial":false,"path_per_floor":["M","?","M","$","M","E","?","R","T","R","M","?","R","$","R","B",null,"M","?","$","M","M","R","?","?","T","M","?","R","$","M","R","B",null,"M","$","M","M","M","R","?","$","T","R","?","?","R","M","R","B"],"character_chosen":"THE_SILENT","items_purchased":["Frozen Eye","Juzu Bracelet","Vajra","Terror","Pen Nib","Venomology","DistilledChaos"],"campfire_rested":9,"item_purchase_floors":[14,20,30,30,36,36,42],"current_hp_per_floor":[70,70,70,70,70,58,58,70,70,70,64,64,70,70,70,50,70,50,37,37,16,23,45,45,85,85,65,65,85,85,77,85,30,85,52,52,44,16,2,42,42,42,42,82,81,71,81,68,81,0,0],"gold":70,"neow_bonus":"THREE_ENEMY_KILL","is_daily":false,"chose_seed":false,"campfire_upgraded":2,"win_rate":0.0,"timestamp":1609398195,"path_taken":["M","?","M","$","?","E","?","R","T","R","?","?","R","$","R","BOSS","M","?","$","M","M","R","?","?","T","M","?","R","$","M","R","BOSS","M","$","M","M","M","R","?","$","T","R","?","?","R","M","R","BOSS"],"items_purchased_type":["Relic","Relic","Relic","Card","Relic","Card","Potion"],"build_version":"2020-12-22","purchased_purges":0,"victory":false,"max_hp_per_floor":[70,70,70,70,70,70,70,70,70,70,70,70,70,70,70,70,70,70,75,75,75,75,75,75,85,85,85,85,85,85,85,85,85,85,85,85,85,85,85,85,85,85,85,85,81,81,81,81,81,81,81],"relic_stats":{"Regal Pillow":30,"Happy Flower":[19],"counters":[18,66],"Sundial":[0],"Pen Nib":[4],"Juzu Bracelet":1,"Black Star":0,"obtain_stats":[{"Regal Pillow":26,"NeowsBlessing":0,"Happy Flower":9,"Vajra":30,"Hammer of Thor":0,"Pen Nib":36,"Juzu Bracelet":20,"Seething Fire":0,"White Beast Statue":6,"Frozen Eye":14,"ats:Originium":6,"WristBlade":17,"Anvil of the Gods":0,"Sundial":43,"MutagenicStrength":24,"Black Star":34,"Ring of the Snake":0},{"Regal Pillow":9,"NeowsBlessing":0,"Happy Flower":4,"Vajra":10,"Hammer of Thor":0,"Pen Nib":13,"Juzu Bracelet":7,"Seething Fire":0,"White Beast Statue":4,"Frozen Eye":5,"ats:Originium":4,"WristBlade":6,"Anvil of the Gods":0,"Sundial":16,"MutagenicStrength":9,"Black Star":12,"Ring of the Snake":0},{"Regal Pillow":28,"NeowsBlessing":0,"Happy Flower":7,"Vajra":31,"Hammer of Thor":0,"Pen Nib":46,"Juzu Bracelet":20,"Seething Fire":0,"White Beast Statue":7,"Frozen Eye":10,"ats:Originium":7,"WristBlade":15,"Anvil of the Gods":0,"Sundial":57,"MutagenicStrength":28,"Black Star":43,"Ring of the Snake":0}],"Ring of the Snake":[36]},"card_choices":[{"not_picked":["PiercingWail","Prepared","Expertise"],"picked":"SKIP","floor":1},{"not_picked":["Heel Hook","Deflect"],"picked":"Catalyst","floor":3},{"not_picked":["Bane","Eviscerate"],"picked":"Bouncing Flask","floor":5},{"not_picked":["Sucker Punch","Eviscerate"],"picked":"Masterful Stab","floor":6},{"not_picked":["Dagger Spray","Quick Slash"],"picked":"Choke","floor":11},{"not_picked":["Bullet Time","Die Die Die"],"picked":"Doppelganger","floor":16},{"not_picked":["Backflip+1","Dodge and Roll"],"picked":"Catalyst","floor":18},{"not_picked":["Reflex","Dagger Spray"],"picked":"Finisher+1","floor":21},{"not_picked":["PiercingWail+1","Underhanded Strike+1"],"picked":"Dagger Spray","floor":22},{"not_picked":["Slice","Blade Dance"],"picked":"Dash","floor":27},{"not_picked":["Tactician","Underhanded Strike"],"picked":"Dodge and Roll","floor":31},{"not_picked":["Glass Knife","Venomology"],"picked":"A Thousand Cuts","floor":33},{"not_picked":["Dodge and Roll+1","Finisher+1"],"picked":"Riddle With Holes","floor":35},{"not_picked":["Dodge and Roll","Outmaneuver+1"],"picked":"Deadly Poison","floor":37},{"not_picked":["Riddle With Holes+1","Reflex+1"],"picked":"Heel Hook","floor":38},{"not_picked":["Prepared","Sucker Punch"],"picked":"Leg Sweep+1","floor":39},{"not_picked":["Deep Breath","Magnetism"],"picked":"Transmutation","floor":46},{"not_picked":["Bandage Up","PanicButton"],"picked":"Trip","floor":46},{"not_picked":["Good Instincts","Enlightenment"],"picked":"Dramatic Entrance","floor":46},{"not_picked":["Masterful Stab+1","Distraction"],"picked":"Noxious Fumes","floor":48}],"player_experience":12378,"relics_obtained":[{"floor":6,"key":"ats:Originium"},{"floor":6,"key":"White Beast Statue"},{"floor":9,"key":"Happy Flower"},{"floor":26,"key":"Regal Pillow"},{"floor":43,"key":"Sundial"}],"event_choices":[{"damage_healed":0,"gold_gain":0,"cards_transformed":["Strike_G"],"player_choice":"Transformed","damage_taken":0,"max_hp_gain":0,"max_hp_loss":0,"event_name":"Transmorgrifier","floor":2,"gold_loss":0,"cards_obtained":["Flechettes"]},{"damage_healed":0,"gold_gain":275,"player_choice":"Desecrate","damage_taken":0,"max_hp_gain":0,"max_hp_loss":0,"event_name":"Golden Shrine","floor":7,"gold_loss":0,"cards_obtained":["Regret"]},{"damage_healed":0,"gold_gain":53,"player_choice":"Gained Gold","damage_taken":0,"max_hp_gain":0,"max_hp_loss":0,"event_name":"Golden Wing","floor":12,"gold_loss":0},{"damage_healed":0,"gold_gain":0,"player_choice":"Shed Blood","damage_taken":18,"max_hp_gain":5,"max_hp_loss":0,"event_name":"Forgotten Altar","floor":19,"gold_loss":0},{"damage_healed":0,"gold_gain":0,"player_choice":"Inject Mutagens","damage_taken":0,"relics_obtained":["MutagenicStrength"],"max_hp_gain":0,"max_hp_loss":0,"event_name":"Drug Dealer","floor":24,"gold_loss":0},{"cards_removed":["Doppelganger"],"damage_healed":30,"gold_gain":0,"player_choice":"Offered Rare","damage_taken":0,"max_hp_gain":10,"max_hp_loss":0,"event_name":"Bonfire Elementals","floor":25,"gold_loss":0},{"damage_healed":0,"gold_gain":0,"player_choice":"Bought 2 Potions","damage_taken":0,"max_hp_gain":0,"max_hp_loss":0,"event_name":"The Woman in Blue","floor":28,"gold_loss":0},{"damage_healed":0,"gold_gain":0,"player_choice":"Ignored","damage_taken":0,"max_hp_gain":0,"max_hp_loss":0,"event_name":"The Moai Head","floor":41,"gold_loss":0},{"damage_healed":0,"gold_gain":0,"player_choice":"Max HP","damage_taken":0,"max_hp_gain":0,"max_hp_loss":4,"event_name":"Winding Halls","floor":45,"gold_loss":0},{"damage_healed":0,"gold_gain":0,"player_choice":"Memory 3","damage_taken":10,"max_hp_gain":0,"max_hp_loss":0,"event_name":"SensoryStone","floor":46,"gold_loss":0}],"is_beta":false,"boss_relics":[{"not_picked":["Sozu","Philosopher\u0027s Stone"],"picked":"WristBlade"},{"not_picked":["Runic Dome","Astrolabe"],"picked":"Black Star"}],"items_purged_floors":[],"is_endless":false,"potions_floor_spawned":[1,5,6,11,16,18,21,22,27,31,33,35,37,38,39,48],"killed_by":"Donu and Deca","ascension_level":0}}