{"host":"fevvm7bbzuh4s1jc","time":1609440661,"event":{"mods":["BaseMod","Highlight Path","Minty Spire (QoL Compilation)","Relic Stats"],"gold_per_floor":[112,122,137,157,168,168,203,203,256,291,308,308,308],"floor_reached":12,"playtime":597,"items_purged":[],"score":184,"play_id":"ca696d62-137d-4262-a935-b0d58d724e79","local_time":"20201231135101","is_ascension_mode":true,"campfire_choices":[{"data":"Doom and Gloom","floor":6,"key":"SMITH"},{"data":"Zap","floor":8,"key":"SMITH"}],"circlet_count":0,"master_deck":["AscendersBane","Strike_B","Strike_B","Strike_B","Strike_B","Defend_B","Defend_B","Defend_B","Defend_B","Zap+1","Dualcast","Sweeping Beam","Doom and Gloom+1","Hello World","Reinforced Body","Reboot"],"relics":["Cracked Core","Ornamental Fan","Akabeko","Cables"],"acts_visited":["Exordium"],"potions_floor_usage":[7,10,12],"damage_taken":[{"damage":1,"enemies":"Cultist","floor":1,"turns":3},{"damage":7,"enemies":"Jaw Worm","floor":2,"turns":3},{"damage":0,"enemies":"Small Slimes","floor":3,"turns":2},{"damage":7,"enemies":"Looter","floor":4,"turns":3},{"damage":3,"enemies":"Blue Slaver","floor":5,"turns":4},{"damage":30,"enemies":"Gremlin Nob","floor":7,"turns":5},{"damage":6,"enemies":"Lagavulin","floor":10,"turns":5},{"damage":1,"enemies":"3 Louse","floor":11,"turns":2},{"damage":29,"enemies":"Gremlin Nob","floor":12,"turns":3}],"seed_played":"-3873117679831876328","potions_obtained":[{"floor":4,"key":"EssenceOfSteel"},{"floor":5,"key":"BlessingOfTheForge"},{"floor":7,"key":"PowerPotion"}],"is_trial":false,"path_per_floor":["M","M","M","M","M","R","E","R","T","E","M","E"],"character_chosen":"DEFECT","items_purchased":[],"campfire_rested":0,"item_purchase_floors":[],"current_hp_per_floor":[70,63,63,56,53,53,23,23,23,17,16,0,0],"gold":308,"neow_bonus":"TEN_PERCENT_HP_BONUS","is_daily":false,"chose_seed":false,"campfire_upgraded":2,"win_rate":0.0,"timestamp":1609440661,"path_taken":["M","?","M","M","M","R","E","R","T","E","M","E"],"items_purchased_type":[],"build_version":"2020-12-22","purchased_purges":0,"victory":false,"max_hp_per_floor":[78,78,78,78,78,78,78,78,78,78,78,78,78],"relic_stats":{"counters":[9,30],"Ornamental Fan":[8],"obtain_stats":[{"Ornamental Fan":7,"Cracked Core":0,"Akabeko":9,"Cables":10},{"Ornamental Fan":6,"Cracked Core":0,"Akabeko":6,"Cables":7},{"Ornamental Fan":20,"Cracked Core":0,"Akabeko":20,"Cables":25}],"Cables":[3,3,0,0,0]},"card_choices":[{"not_picked":["Stack","Beam Cell"],"picked":"Sweeping Beam","floor":1},{"not_picked":["Hello World","Sweeping Beam"],"picked":"Doom and Gloom","floor":2},{"not_picked":["Turbo","Hologram"],"picked":"Hello World","floor":3},{"not_picked":["Steam","Hologram"],"picked":"Reinforced Body","floor":4},{"not_picked":["Go for the Eyes","Stack","Conserve Battery"],"picked":"SKIP","floor":5},{"not_picked":["Creative AI","Darkness","Gash"],"picked":"SKIP","floor":7},{"not_picked":["Loop","Tempest"],"picked":"Reboot","floor":10},{"not_picked":["Sweeping Beam","Rebound","Leap"],"picked":"SKIP","floor":11}],"player_experience":2608164,"relics_obtained":[{"floor":7,"key":"Ornamental Fan"},{"floor":9,"key":"Akabeko"},{"floor":10,"key":"Cables"}],"event_choices":[],"is_beta":false,"boss_relics":[],"items_purged_floors":[],"is_endless":false,"potions_floor_spawned":[4,5,7],"killed_by":"Gremlin Nob","ascension_level":20}}