{"host":"6r341r9cz00j2qc1","time":1609378478,"event":{"mods":["BaseMod","Better Third Choice","Downfall","GungeonMod","Hermit","Lobotomy","LobotomyExtend","Minty Spire (QoL Compilation)","Shop Mod","StSLib"],"gold_per_floor":[118,129,129,147,147,147],"floor_reached":4,"playtime":426,"items_purged":[],"score":26,"play_id":"8f821a1f-85ba-4c3e-a2d3-5abb51a050fe","local_time":"20201231023438","is_ascension_mode":false,"campfire_choices":[],"circlet_count":0,"master_deck":["hermit:Strike_Hermit","hermit:Strike_Hermit","hermit:Strike_Hermit","hermit:Strike_Hermit","hermit:Defend_Hermit","hermit:Defend_Hermit","hermit:Defend_Hermit","hermit:Defend_Hermit","hermit:Snapshot","hermit:Covet","QueenOfHatred","OSAHOGD","hermit:Snipe","BodiesMountain","hermit:Snipe"],"relics":["hermit:Momento","CogitoBucket","LetterFromLob","FossilizedHelix"],"acts_visited":["Exordium"],"potions_floor_usage":[],"damage_taken":[{"damage":7,"enemies":"2 Louse","floor":1,"turns":2},{"damage":0,"enemies":"2 Louse","floor":1,"turns":2},{"damage":0,"enemies":"Jaw Worm","floor":3,"turns":2},{"damage":107,"enemies":"Cultist","floor":4,"turns":9}],"seed_played":"-2677305581415263360","potions_obtained":[{"floor":1,"key":"hermit:Tonic"}],"is_trial":false,"path_per_floor":["M","?","M","?","M","M"],"character_chosen":"HERMIT","items_purchased":[],"campfire_rested":0,"item_purchase_floors":[],"current_hp_per_floor":[68,75,75,75,0,0],"gold":147,"neow_bonus":"","is_daily":false,"chose_seed":false,"campfire_upgraded":0,"win_rate":0.0,"timestamp":1609378478,"path_taken":["M","?","M","?","M","?"],"items_purchased_type":[],"build_version":"2020-12-22","purchased_purges":0,"victory":false,"max_hp_per_floor":[75,75,75,75,75,75],"card_choices":[{"not_picked":["MeatLantern","VoidDream"],"picked":"QueenOfHatred","floor":1},{"not_picked":["hermit:Feint","hermit:LowProfile"],"picked":"hermit:WideOpen","floor":1},{"not_picked":["MHz","MeatLantern"],"picked":"OSAHOGD","floor":1},{"not_picked":["hermit:TrackingShot","hermit:Ricochet"],"picked":"hermit:Snipe","floor":1},{"not_picked":["CrumblingArmor","Laetitia"],"picked":"BodiesMountain","floor":3},{"not_picked":["hermit:BodyArmor","hermit:ItchyTrigger"],"picked":"hermit:Snipe","floor":3}],"player_experience":451725,"relics_obtained":[{"floor":1,"key":"LetterFromLob"},{"floor":1,"key":"LetterFromLob"}],"event_choices":[{"damage_healed":0,"gold_gain":0,"player_choice":"Gave Potion","damage_taken":0,"relics_obtained":["FossilizedHelix"],"max_hp_gain":0,"max_hp_loss":0,"event_name":"WeMeetAgain","floor":2,"gold_loss":0}],"is_beta":false,"boss_relics":[],"items_purged_floors":[],"is_endless":false,"potions_floor_spawned":[1],"killed_by":"Cultist","ascension_level":0}}