{"host":"jgyoyy5iuhtvyvtg","time":1609403583,"event":{"mods":["2.2 Compatiblity","BaseMod","Challenge The Spire","Colored Map","Conspire","Downfall","Hermit","Highlight Path","Infinite Spire","Lobotomy","LobotomyExtend","Minty Spire (QoL Compilation)","Quick Restart","Replay The Spire","Spikes Relics","StSLib","The Construct","The Disciple","The Jungle","Yuri Mod"],"gold_per_floor":[112,112,123,136,147,174,22,42,68,89,129,129,157,179,179,290,290,305,305,305,329,329,329,368,399,426,472,297,297,338,353,353,468,468,498,498,525,549,609,649,649,649,649,649,666,666,694,270,270,287,287],"floor_reached":52,"playtime":2614,"items_purged":["hermit:Strike_Hermit","Writhe","hermit:Strike_Hermit","ReplayTheSpireMod:Restless Dread"],"score":1378,"play_id":"339371c1-fbe1-46bb-9418-069fc852c339","local_time":"20201231003303","is_ascension_mode":true,"campfire_choices":[{"data":"hermit:Manifest","floor":12.0,"key":"SMITH"},{"floor":15.0,"key":"REST"},{"data":"hermit:Determination","floor":23.0,"key":"SMITH"},{"data":"hermit:Grudge","floor":29.0,"key":"SMITH"},{"data":"hermit:WideOpen","floor":32,"key":"SMITH"},{"data":"hermit:FatalDesire","floor":44,"key":"SMITH"},{"floor":46,"key":"DIG"},{"floor":49,"key":"DIG"}],"circlet_count":0,"master_deck":["AscendersBane","hermit:Strike_Hermit","hermit:Strike_Hermit","hermit:Defend_Hermit","hermit:Defend_Hermit","hermit:Defend_Hermit","hermit:Defend_Hermit","hermit:Snapshot","hermit:Covet","hermit:SprayPray","hermit:LowProfile","hermit:Misfire","hermit:Scavenge","hermit:ShadowCloak","hermit:WideOpen+1","hermit:Scavenge+1","hermit:Manifest+1","hermit:Determination+1","hermit:Grudge+1","hermit:FatalDesire+1","hermit:Scavenge","hermit:Spite","hermit:HoleUp","hermit:Adapt+1","hermit:Adapt+1","AbeCurse","Spreading Infection","hermit:HoleUp","hermit:Desperado","hermit:ShadowCloak+1","hermit:SprayPray+1","Languid","hermit:Scavenge+1","hermit:Manifest+1","hermit:Gestalt+1","hermit:Manifest+1"],"relics":["hermit:Momento","LetterFromLob","Tiny Chest","Gremlin Food","Replay:Mystery Machine","Coffee Dripper","Shovel","Matryoshka","infinitespire:Eraser","Blue Candle","MealTicket","Onion Ring","theJungle:ShellPeas","Frozen Egg 2","Replay:Ancient Bell","Bag of Marbles","Chameleon Ring","infinitespire:Joker Card","Membership Card","Boot","Replay:Wax Seal","Girya","conspire:TopHat","Ring of Misfortune","Toxic Egg 2","infinitespire:Broken Mirror","Guardian:PocketSentry","Incense Burner","Turnip","infinitespire:Lychee Nut"],"acts_visited":["Exordium","Exordium","TheBeyond"],"potions_floor_usage":[30,31,40],"damage_taken":[{"damage":0.0,"enemies":"conspire:RoseBush","floor":1.0,"turns":4.0},{"damage":5.0,"enemies":"Cultist","floor":3.0,"turns":4.0},{"damage":0.0,"enemies":"Small Slimes","floor":4.0,"turns":3.0},{"damage":6.0,"enemies":"Blue Slaver","floor":5.0,"turns":5.0},{"damage":23.0,"enemies":"3 Sentries","floor":6.0,"turns":8.0},{"damage":2.0,"enemies":"Looter","floor":8.0,"turns":3.0},{"damage":11.0,"enemies":"Exordium Thugs","floor":10.0,"turns":5.0},{"damage":2.0,"enemies":"Lagavulin","floor":11.0,"turns":7.0},{"damage":0.0,"enemies":"conspire:2 RoseBushes","floor":13.0,"turns":8.0},{"damage":0.0,"enemies":"Large Slime","floor":14.0,"turns":6.0},{"damage":25.0,"enemies":"The Guardian","floor":16.0,"turns":14.0},{"damage":3.0,"enemies":"theJungle:5_Spyders","floor":18.0,"turns":7.0},{"damage":8.0,"enemies":"Shell Parasite","floor":21.0,"turns":6.0},{"damage":1.0,"enemies":"Nightmare","floor":24.0,"turns":12.0},{"damage":19.0,"enemies":"theJungle:Lyon","floor":25.0,"turns":6.0},{"damage":7.0,"enemies":"theJungle:Cassacara","floor":27.0,"turns":10.0},{"damage":2,"enemies":"theJungle:2_Phrogs","floor":30,"turns":11},{"damage":20,"enemies":"theJungle:Snecko_Cultist_And_Trap","floor":31,"turns":6},{"damage":0,"enemies":"theJungle:QueenSpyder","floor":33,"turns":12},{"damage":2,"enemies":"Orb Walker","floor":35,"turns":6},{"damage":0,"enemies":"3 Shapes","floor":38,"turns":5},{"damage":0,"enemies":"Mind Bloom Boss Battle","floor":39,"turns":8},{"damage":21,"enemies":"Reptomancer","floor":40,"turns":7},{"damage":4,"enemies":"Sphere and 2 Shapes","floor":45,"turns":3},{"damage":0,"enemies":"3 Darklings","floor":47,"turns":2},{"damage":17,"enemies":"Donu and Deca","floor":50,"turns":12}],"seed_played":"8783818059875699797","potions_obtained":[{"floor":3.0,"key":"SkillPotion"},{"floor":4.0,"key":"AttackPotion"},{"floor":8.0,"key":"infinitespire:BlackPotion"},{"floor":10.0,"key":"Adrenaline Potion"},{"floor":16.0,"key":"FairyPotion"},{"floor":27.0,"key":"GamblersBrew"},{"floor":30,"key":"AttackPotion"},{"floor":31,"key":"DistilledChaos"}],"is_trial":false,"path_per_floor":["M","?","M","M","M","E","$","M","T","M","E","R","M","M","R","B",null,"M","?","?","M","AVR","R","NM","M","T","E","?","R","E","M","R","B",null,"M","AVR","T","M","?","E","?","T","T","R","M","R","M","$","R","B",null,null],"character_chosen":"HERMIT","items_purchased":["hermit:ShadowCloak","Incense Burner","hermit:Gestalt+1","hermit:Manifest+1","Turnip","SpeedPotion"],"campfire_rested":1,"item_purchase_floors":[7,48,48,48,48,48],"current_hp_per_floor":[75,75,70,70,64,41,41,39,39,28,26,26,26,26,50,25,68,65,65,65,57,57,57,56,37,37,30,30,30,28,8,8,8,64,62,62,62,62,62,41,41,41,41,41,37,37,37,52,52,41,41],"gold":287,"neow_bonus":"TEN_PERCENT_HP_BONUS","is_daily":false,"chose_seed":false,"campfire_upgraded":5,"win_rate":0.0,"timestamp":1609403583,"path_taken":["M","?","M","?","M","E","$","M","T","M","E","R","M","M","R","BOSS","M","?","?","M","AVR","R","NM","M","T","E","?","R","E","M","R","BOSS","M","AVR","?","?","?","E","?","?","T","R","M","R","M","$","R","BOSS"],"items_purchased_type":["Card","Relic","Card","Card","Relic","Potion"],"build_version":"2020-12-22","purchased_purges":4,"victory":true,"max_hp_per_floor":[82,82,82,82,82,82,82,82,82,82,82,82,82,82,82,82,82,82,82,82,82,82,82,82,82,82,82,82,82,82,82,82,82,82,82,82,82,82,82,82,82,82,82,82,82,82,82,82,61,61,61],"card_choices":[{"not_picked":["hermit:LowProfile","hermit:Cheat"],"picked":"hermit:SprayPray","floor":1.0},{"not_picked":["hermit:Combo","hermit:Glare"],"picked":"hermit:LowProfile","floor":3.0},{"not_picked":["hermit:Dive","hermit:Feint"],"picked":"hermit:Misfire","floor":4.0},{"not_picked":["hermit:DeadMansHand","hermit:NoHoldsBarred","hermit:Feint"],"picked":"SKIP","floor":5.0},{"not_picked":["hermit:Ricochet","hermit:Misfire"],"picked":"hermit:Scavenge","floor":6.0},{"not_picked":["hermit:Roughhouse","hermit:Ricochet"],"picked":"hermit:WideOpen","floor":8.0},{"not_picked":["hermit:Spite","hermit:BodyArmor"],"picked":"hermit:Scavenge","floor":10.0},{"not_picked":["hermit:DeadMansHand","hermit:Dive"],"picked":"hermit:Manifest","floor":11.0},{"not_picked":["hermit:TrackingShot","hermit:Ricochet"],"picked":"hermit:Determination","floor":13.0},{"not_picked":["hermit:SprayPray","hermit:ShadowCloak"],"picked":"hermit:Grudge","floor":14.0},{"not_picked":["hermit:Magnum","hermit:OverwhelmingPower"],"picked":"hermit:FatalDesire","floor":16.0},{"not_picked":["hermit:Enervate","hermit:FullyLoaded+1","hermit:TrackingShot"],"picked":"SKIP","floor":18.0},{"not_picked":["hermit:Grudge","hermit:Manifest"],"picked":"hermit:Scavenge","floor":21.0},{"not_picked":["hermit:Deadeye","hermit:EternalForm"],"picked":"hermit:Spite","floor":24.0},{"not_picked":["hermit:HighCaliber","hermit:Horror"],"picked":"hermit:HoleUp","floor":25.0},{"not_picked":["hermit:Shortfuse","hermit:Showdown","hermit:CalledShot"],"picked":"SKIP","floor":27.0},{"not_picked":["hermit:Midnight","hermit:Manifest","hermit:Dive"],"picked":"SKIP","floor":30},{"not_picked":["hermit:Headshot","hermit:WideOpen"],"picked":"hermit:Adapt+1","floor":31},{"not_picked":["hermit:Gambit","hermit:FromBeyond"],"picked":"hermit:Adapt+1","floor":33},{"not_picked":["ReplayTheSpireMod:Splinters","Overencumbered"],"picked":"ReplayTheSpireMod:Restless Dread","floor":34},{"not_picked":["Shame","Overencumbered"],"picked":"AbeCurse","floor":34},{"not_picked":["Delirium","conspire:Blindness"],"picked":"Spreading Infection","floor":34},{"not_picked":["hermit:SprayPray","hermit:OverwhelmingPower+1"],"picked":"hermit:HoleUp","floor":35},{"not_picked":["hermit:Deadeye","hermit:Manifest"],"picked":"hermit:Desperado","floor":38},{"not_picked":["hermit:GhostlyPresence+1","hermit:Gestalt"],"picked":"hermit:ShadowCloak+1","floor":39},{"not_picked":["hermit:Ricochet","hermit:EternalForm+1"],"picked":"hermit:SprayPray+1","floor":40},{"not_picked":["hermit:CursedWeapon+1","hermit:LoneWolf+1"],"picked":"hermit:Scavenge+1","floor":45},{"not_picked":["hermit:Maintenance+1","hermit:Ricochet"],"picked":"hermit:Manifest+1","floor":47}],"player_experience":3194975,"relics_obtained":[{"floor":1.0,"key":"LetterFromLob"},{"floor":6.0,"key":"Tiny Chest"},{"floor":9.0,"key":"Gremlin Food"},{"floor":11.0,"key":"Replay:Mystery Machine"},{"floor":24.0,"key":"infinitespire:Eraser"},{"floor":26.0,"key":"Blue Candle"},{"floor":26.0,"key":"MealTicket"},{"floor":27.0,"key":"Onion Ring"},{"floor":30,"key":"Frozen Egg 2"},{"floor":37,"key":"Boot"},{"floor":37,"key":"Replay:Wax Seal"},{"floor":39,"key":"Girya"},{"floor":40,"key":"conspire:TopHat"},{"floor":41,"key":"Ring of Misfortune"},{"floor":42,"key":"Toxic Egg 2"},{"floor":43,"key":"infinitespire:Broken Mirror"},{"floor":46,"key":"Guardian:PocketSentry"},{"floor":49,"key":"infinitespire:Lychee Nut"}],"event_choices":[{"damage_healed":0.0,"max_hp_gain":0.0,"max_hp_loss":0.0,"gold_gain":0.0,"event_name":"The Woman in Blue","player_choice":"Bought 0 Potions","floor":2.0,"gold_loss":0.0,"damage_taken":0.0},{"damage_healed":0.0,"max_hp_gain":0.0,"max_hp_loss":0.0,"gold_gain":0.0,"event_name":"conspire:Investor","player_choice":"Leave","floor":20.0,"gold_loss":0.0,"damage_taken":0.0},{"damage_healed":0,"gold_gain":0,"player_choice":"Fight","damage_taken":0,"max_hp_gain":0,"max_hp_loss":0,"event_name":"MindBloom","floor":39,"gold_loss":0}],"is_beta":false,"boss_relics":[{"not_picked":["Painkiller Herb","Ectoplasm"],"picked":"Coffee Dripper"},{"not_picked":["hermit:DentedPlate","Replay:Wanted Poster"],"picked":"Replay:Ancient Bell"},{"not_picked":["Smiling Mask","Dream Catcher"],"picked":"Bag of Marbles"},{"not_picked":["infinitespire:Midas Blood","conspire:Flyswatter"],"picked":"Chameleon Ring"},{"not_picked":["WizardHat","Prayer Wheel"],"picked":"infinitespire:Joker Card"}],"items_purged_floors":[7,22,36,48],"is_endless":false,"potions_floor_spawned":[3,4,8,10,16,27,30,31,38,39],"ascension_level":12}}