{"host":"08sn1703g14rasc1","time":1609392842,"event":{"mods":["AchievementEnabler","BaseMod","Colored Map","Colored Powertips","Hermit","Minty Spire (QoL Compilation)","StSLib"],"gold_per_floor":[112,1,1,11,11,38,51,51,101,83,83,83,93,113,113,209,209,221,241,241,2,2,2,17,27,108,108,120,132,159,178,178,178,178],"floor_reached":33,"playtime":2102,"items_purged":["hermit:Strike_Hermit"],"score":373,"play_id":"5d550ba3-5708-4f41-8033-7a4f7a41d8b6","local_time":"20201230213402","is_ascension_mode":true,"campfire_choices":[{"data":"hermit:Maintenance","floor":8,"key":"SMITH"},{"floor":12,"key":"REST"},{"data":"hermit:HeroicBravado","floor":15,"key":"SMITH"},{"floor":23,"key":"REST"},{"floor":27,"key":"REST"},{"floor":32,"key":"REST"}],"circlet_count":0,"master_deck":["hermit:Strike_Hermit","hermit:Strike_Hermit","hermit:Strike_Hermit","hermit:Defend_Hermit","hermit:Defend_Hermit","hermit:Defend_Hermit","hermit:Snapshot","hermit:Covet","hermit:Headshot","hermit:Brawl","hermit:LoneWolf","hermit:TakeCover","hermit:Maintenance+1","hermit:LuckOfTheDraw","hermit:HeroicBravado+1","hermit:BigShot","hermit:RoundhouseKick","CurseOfTheBell","hermit:Dive","hermit:Manifest+1","Pain","hermit:Maintenance+1","hermit:ShadowCloak","hermit:Shortfuse","hermit:GhostlyPresence","hermit:Virtue","hermit:HighCaliber","hermit:Desperado+1"],"relics":["hermit:Momento","NeowsBlessing","Gremlin Horn","White Beast Statue","Potion Belt","Calling Bell","Tiny Chest","Mercury Hourglass","FossilizedHelix","WarpedTongs","DollysMirror","Ornamental Fan","PreservedInsect"],"acts_visited":["Exordium","TheCity"],"potions_floor_usage":[10,16,19,19,19,24,25,29,29,29,31,33],"damage_taken":[{"damage":0,"enemies":"Cultist","floor":1,"turns":1},{"damage":0,"enemies":"2 Louse","floor":4,"turns":1},{"damage":0,"enemies":"Gremlin Nob","floor":6,"turns":1},{"damage":9,"enemies":"Jaw Worm","floor":7,"turns":4},{"damage":14,"enemies":"Exordium Thugs","floor":10,"turns":4},{"damage":7,"enemies":"2 Fungi Beasts","floor":13,"turns":4},{"damage":1,"enemies":"Looter","floor":14,"turns":3},{"damage":45,"enemies":"The Guardian","floor":16,"turns":11},{"damage":35,"enemies":"Shell Parasite","floor":18,"turns":9},{"damage":11,"enemies":"3 Byrds","floor":19,"turns":4},{"damage":0,"enemies":"Cultist and Chosen","floor":24,"turns":7},{"damage":19,"enemies":"Snake Plant","floor":25,"turns":6},{"damage":27,"enemies":"Shelled Parasite and Fungi","floor":28,"turns":7},{"damage":0,"enemies":"Centurion and Healer","floor":29,"turns":7},{"damage":3,"enemies":"Chosen and Byrds","floor":31,"turns":9},{"damage":107,"enemies":"Automaton","floor":33,"turns":10}],"seed_played":"-7156867955736189667","potions_obtained":[{"floor":6,"key":"hermit:Tonic"},{"floor":7,"key":"SkillPotion"},{"floor":10,"key":"Swift Potion"},{"floor":13,"key":"SneckoOil"},{"floor":14,"key":"SpeedPotion"},{"floor":16,"key":"BlessingOfTheForge"},{"floor":18,"key":"Swift Potion"},{"floor":19,"key":"FearPotion"},{"floor":24,"key":"Weak Potion"},{"floor":25,"key":"FairyPotion"},{"floor":28,"key":"Energy Potion"},{"floor":29,"key":"SpeedPotion"},{"floor":31,"key":"Swift Potion"}],"is_trial":false,"path_per_floor":["M","$","T","M","$","E","M","R","T","M","?","R","M","M","R","B",null,"M","M","?","$","$","R","M","M","T","R","M","M","T","M","R","B"],"character_chosen":"HERMIT","items_purchased":["hermit:Brawl","DollysMirror","Block Potion","hermit:ShadowCloak"],"campfire_rested":4,"item_purchase_floors":[2,21,21,21],"current_hp_per_floor":[68,68,68,68,68,68,59,59,59,45,45,67,60,59,59,14,60,25,14,14,14,14,36,36,17,17,39,12,12,12,9,31,0,0],"gold":178,"neow_bonus":"THREE_ENEMY_KILL","is_daily":false,"chose_seed":false,"campfire_upgraded":2,"win_rate":0.0,"timestamp":1609392842,"path_taken":["M","?","?","M","$","E","M","R","T","M","?","R","M","?","R","BOSS","M","M","?","?","$","R","M","?","T","R","M","M","?","M","R","BOSS"],"items_purchased_type":["Card","Relic","Potion","Card"],"build_version":"2020-12-22","purchased_purges":1,"victory":false,"max_hp_per_floor":[75,75,75,75,75,75,75,75,75,75,75,75,75,75,75,75,75,75,75,75,75,75,75,75,75,75,75,75,75,75,75,75,75,75],"card_choices":[{"not_picked":["hermit:HoleUp","hermit:Feint"],"picked":"hermit:Headshot","floor":1},{"not_picked":["hermit:Combo","hermit:Shortfuse"],"picked":"hermit:LoneWolf","floor":4},{"not_picked":["hermit:BodyArmor","hermit:Gestalt"],"picked":"hermit:TakeCover","floor":6},{"not_picked":["hermit:Spite","hermit:Quickdraw"],"picked":"hermit:Maintenance","floor":7},{"not_picked":["hermit:Quickdraw","hermit:WideOpen"],"picked":"hermit:LuckOfTheDraw","floor":10},{"not_picked":["hermit:BodyArmor","hermit:Shortfuse"],"picked":"hermit:HeroicBravado","floor":13},{"not_picked":["hermit:CursedWeapon","hermit:Combo"],"picked":"hermit:BigShot","floor":14},{"not_picked":["hermit:DeadOrAlive","hermit:Purgatory"],"picked":"hermit:RoundhouseKick","floor":16},{"not_picked":["hermit:Desperado+1","hermit:FullyLoaded"],"picked":"hermit:Dive","floor":18},{"not_picked":["hermit:FullyLoaded","hermit:Gestalt"],"picked":"hermit:Manifest+1","floor":19},{"not_picked":["hermit:Misfire","hermit:Ricochet"],"picked":"hermit:Shortfuse","floor":24},{"not_picked":["hermit:Quickdraw+1","hermit:LowProfile"],"picked":"hermit:GhostlyPresence","floor":25},{"not_picked":["hermit:Quickdraw","hermit:GoldenBullet"],"picked":"hermit:Virtue","floor":28},{"not_picked":["hermit:FlashPowder","hermit:Gestalt"],"picked":"hermit:HighCaliber","floor":29},{"not_picked":["hermit:Feint","hermit:Snipe"],"picked":"hermit:Desperado+1","floor":31}],"player_experience":458133,"relics_obtained":[{"floor":3,"key":"Gremlin Horn"},{"floor":6,"key":"White Beast Statue"},{"floor":9,"key":"Potion Belt"},{"floor":17,"key":"Tiny Chest"},{"floor":17,"key":"Mercury Hourglass"},{"floor":17,"key":"FossilizedHelix"},{"floor":26,"key":"Ornamental Fan"},{"floor":30,"key":"PreservedInsect"}],"event_choices":[{"cards_removed":["hermit:Defend_Hermit"],"damage_healed":0,"gold_gain":0,"player_choice":"Purged","damage_taken":0,"max_hp_gain":0,"max_hp_loss":0,"event_name":"Purifier","floor":11,"gold_loss":0},{"damage_healed":0,"gold_gain":0,"player_choice":"Rummage","damage_taken":0,"relics_obtained":["WarpedTongs"],"max_hp_gain":0,"max_hp_loss":0,"event_name":"Accursed Blacksmith","floor":20,"gold_loss":0,"cards_obtained":["Pain"]}],"is_beta":false,"boss_relics":[{"not_picked":["Astrolabe","Ectoplasm"],"picked":"Calling Bell"}],"items_purged_floors":[2],"is_endless":false,"potions_floor_spawned":[6,7,10,13,14,16,18,19,24,25,28,29,31],"killed_by":"Automaton","ascension_level":7}}