{"host":"mvlqq966zh3ccmv5","time":1609405355,"event":{"mods":["AchievementEnabler","BaseMod","DeckTracker","Minty Spire (QoL Compilation)","SuperFastMode"],"gold_per_floor":[37,74,74,131,199,199,242,242,242,242,280,56,97,130,130,257,257,270,270,286,324,334,372,425,425,479,479,493,187,187,200,200,299,299,318,337,337,35,55,71,97,97,122,156,0,0,33,33,33,33],"floor_reached":51,"playtime":1605,"items_purged":[],"score":1060,"play_id":"87929510-c640-431f-8ae6-5573deab4ed1","local_time":"20201231180235","is_ascension_mode":true,"campfire_choices":[{"data":"HandOfGreed","floor":6.0,"key":"SMITH"},{"data":"Zap","floor":8.0,"key":"SMITH"},{"data":"Dualcast","floor":10.0,"key":"SMITH"},{"floor":15.0,"key":"REST"},{"floor":25.0,"key":"REST"},{"data":"Fusion","floor":27.0,"key":"SMITH"},{"floor":30.0,"key":"REST"},{"data":"Darkness","floor":32.0,"key":"SMITH"},{"floor":46,"key":"REST"},{"floor":49,"key":"REST"}],"circlet_count":0,"master_deck":["Zap+1","Dualcast+1","HandOfGreed+1","Turbo","Cold Snap","FTL","Coolheaded","Ball Lightning","Chaos+1","Cold Snap","Meteor Strike","Reboot","Darkness+1","Conserve Battery","Defragment+1","Hologram","Meteor Strike","Glacier","Biased Cognition+1","Sweeping Beam+1","Go for the Eyes+1","Core Surge","Stack+1","Redo+1","Fusion+1","Defragment+1","Electrodynamics+1","Fusion+1","Capacitor+1","Chaos+1","Aggregate","Madness","Madness","Barrage+1","Loop+1"],"relics":["Cracked Core","Question Card","Happy Flower","Frozen Egg 2","Pandora\u0027s Box","White Beast Statue","MealTicket","DataDisk","Regal Pillow","SlaversCollar","Ancient Tea Set","Lee\u0027s Waffle","Ornamental Fan","Bag of Marbles","CaptainsWheel","Red Mask","Centennial Puzzle"],"acts_visited":["Exordium","TheCity","TheBeyond"],"potions_floor_usage":[35,35,41,47,50],"damage_taken":[{"damage":7.0,"enemies":"Jaw Worm","floor":1.0,"turns":3.0},{"damage":5.0,"enemies":"Cultist","floor":2.0,"turns":4.0},{"damage":6.0,"enemies":"2 Louse","floor":4.0,"turns":4.0},{"damage":0.0,"enemies":"Gremlin Gang","floor":5.0,"turns":5.0},{"damage":0.0,"enemies":"Large Slime","floor":7.0,"turns":6.0},{"damage":6.0,"enemies":"Looter","floor":11.0,"turns":3.0},{"damage":7.0,"enemies":"3 Louse","floor":13.0,"turns":2.0},{"damage":16.0,"enemies":"Lagavulin","floor":14.0,"turns":4.0},{"damage":32.0,"enemies":"The Guardian","floor":16.0,"turns":9.0},{"damage":0.0,"enemies":"Chosen","floor":18.0,"turns":3.0},{"damage":0.0,"enemies":"3 Byrds","floor":20.0,"turns":5.0},{"damage":19.0,"enemies":"Centurion and Healer","floor":21.0,"turns":6.0},{"damage":0.0,"enemies":"Snecko","floor":22.0,"turns":5.0},{"damage":13.0,"enemies":"Shelled Parasite and Fungi","floor":23.0,"turns":4.0},{"damage":19.0,"enemies":"Gremlin Leader","floor":24.0,"turns":8.0},{"damage":14.0,"enemies":"Centurion and Healer","floor":28.0,"turns":5.0},{"damage":17.0,"enemies":"Snake Plant","floor":31.0,"turns":2.0},{"damage":31.0,"enemies":"Automaton","floor":33.0,"turns":8.0},{"damage":10,"enemies":"3 Darklings","floor":35,"turns":3},{"damage":18,"enemies":"3 Shapes","floor":36,"turns":4},{"damage":0,"enemies":"3 Darklings","floor":39,"turns":4},{"damage":0,"enemies":"Sphere and 2 Shapes","floor":40,"turns":5},{"damage":25,"enemies":"Reptomancer","floor":41,"turns":5},{"damage":56,"enemies":"Nemesis","floor":44,"turns":7},{"damage":18,"enemies":"Reptomancer","floor":47,"turns":5},{"damage":67,"enemies":"Time Eater","floor":50,"turns":9}],"seed_played":"-6174547235988921598","potions_obtained":[{"floor":3.0,"key":"BlessingOfTheForge"},{"floor":3.0,"key":"FairyPotion"},{"floor":3.0,"key":"Strength Potion"},{"floor":4.0,"key":"PowerPotion"},{"floor":11.0,"key":"AttackPotion"},{"floor":14.0,"key":"SteroidPotion"},{"floor":23.0,"key":"Block Potion"},{"floor":24.0,"key":"ColorlessPotion"},{"floor":28.0,"key":"DuplicationPotion"},{"floor":31.0,"key":"FearPotion"},{"floor":33.0,"key":"Energy Potion"},{"floor":35,"key":"Energy Potion"},{"floor":36,"key":"Explosive Potion"},{"floor":41,"key":"CultistPotion"},{"floor":44,"key":"Swift Potion"},{"floor":47,"key":"SteroidPotion"}],"is_trial":false,"path_per_floor":["M","M","?","M","M","R","M","R","T","R","M","$","M","E","R","B",null,"M","?","M","M","M","M","E","R","T","R","M","$","R","M","R","B",null,"M","M","?","$","M","M","E","?","T","E","?","R","E","$","R","B",null],"character_chosen":"DEFECT","items_purchased":["Happy Flower","Chaos","DataDisk","Regal Pillow","Ancient Tea Set","Lee\u0027s Waffle"],"campfire_rested":5,"item_purchase_floors":[12,12,29,29,38,38],"current_hp_per_floor":[61,56,56,50,50,50,50,50,50,50,44,44,37,21,43,11,59,59,59,59,40,40,27,8,30,30,30,16,31,68,51,51,20,61,51,33,33,82,82,82,57,47,47,24,24,63,45,60,82,15],"gold":33,"neow_bonus":"RANDOM_COLORLESS_2","is_daily":false,"chose_seed":false,"campfire_upgraded":5,"win_rate":0.0,"timestamp":1609405355,"path_taken":["M","M","?","M","M","R","?","R","T","R","M","$","M","E","R","BOSS","M","?","M","M","?","M","E","R","T","R","M","$","R","M","R","BOSS","M","M","?","$","M","M","E","?","T","E","?","R","E","$","R","BOSS"],"items_purchased_type":["Relic","Card","Relic","Relic","Relic","Relic"],"build_version":"2020-12-22","purchased_purges":0,"victory":true,"max_hp_per_floor":[75,75,75,75,75,75,75,75,75,75,75,75,75,75,75,75,75,75,75,75,75,75,75,75,75,75,75,75,75,75,75,75,75,75,75,75,75,82,82,82,82,82,82,82,82,82,82,82,82,82],"card_choices":[{"not_picked":["Magnetism","Thinking Ahead"],"picked":"HandOfGreed","floor":0.0},{"not_picked":["Barrage","Stack"],"picked":"Turbo","floor":1.0},{"not_picked":["Beam Cell","Redo"],"picked":"Cold Snap","floor":2.0},{"not_picked":["Conserve Battery","Rebound"],"picked":"FTL","floor":4.0},{"not_picked":["Gash","Hello World"],"picked":"Coolheaded","floor":5.0},{"not_picked":["Coolheaded","Streamline"],"picked":"Ball Lightning","floor":7.0},{"not_picked":["Hello World","Rebound","Undo","Streamline"],"picked":"SKIP","floor":11.0},{"not_picked":["Turbo","Gash","Hologram"],"picked":"Cold Snap","floor":13.0},{"not_picked":["Redo","BootSequence","Compile Driver"],"picked":"Meteor Strike","floor":14.0},{"not_picked":["Fission","Hyperbeam","Thunder Strike"],"picked":"Reboot","floor":16.0},{"not_picked":["Conserve Battery+1","Streamline","Gash"],"picked":"Sweeping Beam+1","floor":18.0},{"not_picked":["Streamline+1","Lockon","Turbo"],"picked":"Go for the Eyes+1","floor":20.0},{"not_picked":["Scrape","Barrage+1","Undo"],"picked":"Core Surge","floor":21.0},{"not_picked":["Hologram+1","Gash","Ball Lightning"],"picked":"Stack+1","floor":22.0},{"not_picked":["Stack","Compile Driver","Turbo"],"picked":"Redo+1","floor":23.0},{"not_picked":["Beam Cell","Amplify","Skim"],"picked":"Fusion","floor":24.0},{"not_picked":["Cold Snap","Leap+1","Auto Shields+1"],"picked":"Defragment+1","floor":28.0},{"not_picked":["BootSequence","Hologram+1","Gash","Barrage"],"picked":"SKIP","floor":31.0},{"not_picked":["Echo Form+1","Thunder Strike","Biased Cognition+1"],"picked":"Electrodynamics+1","floor":33.0},{"not_picked":["Leap+1","Gash","Turbo"],"picked":"Fusion+1","floor":35},{"not_picked":["Fusion+1","Conserve Battery+1","Gash+1"],"picked":"Capacitor+1","floor":36},{"not_picked":["Compile Driver","Aggregate","Rebound+1"],"picked":"Chaos+1","floor":39},{"not_picked":["Conserve Battery","Sweeping Beam","Rebound+1"],"picked":"Aggregate","floor":40},{"not_picked":["Go for the Eyes","Steam","Lockon","Hologram"],"picked":"SKIP","floor":41},{"not_picked":["Streamline","Sweeping Beam+1","Recycle"],"picked":"Barrage+1","floor":44},{"not_picked":["Rainbow","Ball Lightning","Scrape+1"],"picked":"Loop+1","floor":47}],"player_experience":227176,"relics_obtained":[{"floor":9.0,"key":"Question Card"},{"floor":14.0,"key":"Frozen Egg 2"},{"floor":24.0,"key":"White Beast Statue"},{"floor":26.0,"key":"MealTicket"},{"floor":41,"key":"Ornamental Fan"},{"floor":43,"key":"Bag of Marbles"},{"floor":44,"key":"CaptainsWheel"},{"floor":47,"key":"Centennial Puzzle"}],"event_choices":[{"damage_healed":0.0,"max_hp_gain":0.0,"max_hp_loss":0.0,"gold_gain":0.0,"event_name":"Lab","player_choice":"Got Potions","floor":3.0,"gold_loss":0.0,"damage_taken":0.0},{"damage_healed":0.0,"max_hp_gain":0.0,"max_hp_loss":0.0,"gold_gain":0.0,"event_name":"Upgrade Shrine","player_choice":"Upgraded","floor":19.0,"gold_loss":0.0,"damage_taken":0.0,"cards_upgraded":["Chaos"]},{"cards_removed":["Leap"],"damage_healed":0,"gold_gain":0,"player_choice":"Removed Skill","damage_taken":0,"max_hp_gain":0,"max_hp_loss":0,"event_name":"Falling","floor":37,"gold_loss":0},{"damage_healed":0,"gold_gain":0,"player_choice":"Embrace Madness","damage_taken":10,"max_hp_gain":0,"max_hp_loss":0,"event_name":"Winding Halls","floor":42,"gold_loss":0,"cards_obtained":["Madness","Madness"]},{"damage_healed":0,"gold_gain":0,"player_choice":"Paid","damage_taken":0,"relics_obtained":["Red Mask"],"max_hp_gain":0,"max_hp_loss":0,"event_name":"Tomb of Lord Red Mask","floor":45,"gold_loss":156}],"is_beta":false,"boss_relics":[{"not_picked":["Astrolabe","Coffee Dripper"],"picked":"Pandora\u0027s Box"},{"not_picked":["Tiny House","Cursed Key"],"picked":"SlaversCollar"}],"items_purged_floors":[],"is_endless":false,"potions_floor_spawned":[4,11,14,23,24,28,31,33,35,36,39,40,41,44,47],"ascension_level":7}}