{"host":"873t0y8ybyo38pfq","time":1609423052,"event":{"mods":["BaseMod","Bestiary","Colored Map","Colored Powertips","Highlight Path","Minty Spire (QoL Compilation)","Quick Restart","RNG Fix","Rare Cards Sparkle","Relic Stats","StSLib"],"gold_per_floor":[112,131,151,168,168,168,168,179,205,215,229,229,255,273,273,378,378,397,77,77,347,360,360,310,225,280,297,297,43,43,69,69,164,164,174,185,4,4,20,46,58,58,58,86,86,97,108,134,134,134,134,134,15,48,48,48],"floor_reached":55,"playtime":2410,"items_purged":["Heatsinks","Aggregate"],"score":990,"play_id":"4748488b-4277-4a83-9ef0-51489166a3b3","local_time":"20201231085732","is_ascension_mode":true,"campfire_choices":[{"data":"Chaos","floor":6,"key":"SMITH"},{"data":"Doom and Gloom","floor":12,"key":"SMITH"},{"data":"Defragment","floor":15,"key":"SMITH"},{"data":"Machine Learning","floor":23,"key":"SMITH"},{"floor":28,"key":"REST"},{"data":"Conserve Battery","floor":32,"key":"SMITH"},{"floor":42,"key":"REST"},{"floor":49,"key":"RECALL"},{"data":"Secret Technique","floor":52,"key":"SMITH"}],"circlet_count":0,"master_deck":["Zap","Dualcast","Chaos+1","Cold Snap","Conserve Battery+1","Ball Lightning","Undo","Defragment+1","Skim","Biased Cognition+1","Skim","Chaos","Core Surge","Core Surge","Compile Driver","Dark Shackles","Machine Learning+1","Doom and Gloom","Tempest","Electrodynamics","Loop","Redo","Secret Technique+1","Darkness+1","White Noise+1","Reinforced Body","Turbo","Glacier","Cold Snap+1","Echo Form","Force Field","Force Field+1"],"relics":["Cracked Core","NeowsBlessing","White Beast Statue","Bag of Marbles","Blood Vial","Pandora\u0027s Box","Lantern","Orichalcum","Bronze Scales","Art of War","Pantograph","Nuclear Battery","Unceasing Top","Dream Catcher","Bottled Flame","Pear"],"acts_visited":["Exordium","TheCity","TheBeyond","TheEnding"],"potions_floor_usage":[4,13,16,16,31,33,33,41,41,44,44,44,47,47,47,48,54,55],"damage_taken":[{"damage":0,"enemies":"2 Louse","floor":1,"turns":1},{"damage":0,"enemies":"Small Slimes","floor":2,"turns":1},{"damage":0,"enemies":"Cultist","floor":3,"turns":1},{"damage":10,"enemies":"Large Slime","floor":4,"turns":5},{"damage":6,"enemies":"Lots of Slimes","floor":8,"turns":2},{"damage":4,"enemies":"3 Louse","floor":10,"turns":3},{"damage":16,"enemies":"Large Slime","floor":11,"turns":4},{"damage":8,"enemies":"3 Sentries","floor":13,"turns":4},{"damage":0,"enemies":"Looter","floor":14,"turns":3},{"damage":0,"enemies":"Hexaghost","floor":16,"turns":7},{"damage":7,"enemies":"Spheric Guardian","floor":18,"turns":4},{"damage":8,"enemies":"2 Thieves","floor":22,"turns":3},{"damage":9,"enemies":"Snecko","floor":27,"turns":4},{"damage":13,"enemies":"Gremlin Leader","floor":31,"turns":4},{"damage":30,"enemies":"Automaton","floor":33,"turns":7},{"damage":5,"enemies":"3 Shapes","floor":35,"turns":3},{"damage":4,"enemies":"Orb Walker","floor":36,"turns":3},{"damage":5,"enemies":"Writhing Mass","floor":39,"turns":4},{"damage":45,"enemies":"Nemesis","floor":40,"turns":5},{"damage":0,"enemies":"3 Darklings","floor":41,"turns":2},{"damage":22,"enemies":"Reptomancer","floor":44,"turns":4},{"damage":15,"enemies":"Sphere and 2 Shapes","floor":46,"turns":4},{"damage":8,"enemies":"Transient","floor":47,"turns":5},{"damage":0,"enemies":"Giant Head","floor":48,"turns":8},{"damage":61,"enemies":"Donu and Deca","floor":50,"turns":6},{"damage":55,"enemies":"Shield and Spear","floor":54,"turns":9},{"damage":61,"enemies":"The Heart","floor":55,"turns":3}],"seed_played":"-2769063918216429054","potions_obtained":[{"floor":1,"key":"Weak Potion"},{"floor":3,"key":"GamblersBrew"},{"floor":8,"key":"BlessingOfTheForge"},{"floor":10,"key":"CultistPotion"},{"floor":13,"key":"GamblersBrew"},{"floor":14,"key":"FocusPotion"},{"floor":16,"key":"SpeedPotion"},{"floor":18,"key":"Energy Potion"},{"floor":22,"key":"PotionOfCapacity"},{"floor":27,"key":"FocusPotion"},{"floor":31,"key":"EssenceOfSteel"},{"floor":33,"key":"SpeedPotion"},{"floor":35,"key":"SkillPotion"},{"floor":36,"key":"Swift Potion"},{"floor":39,"key":"EntropicBrew"},{"floor":44,"key":"SteroidPotion"},{"floor":46,"key":"FocusPotion"},{"floor":47,"key":"PotionOfCapacity"},{"floor":48,"key":"FairyPotion"},{"floor":54,"key":"Ancient Potion"}],"is_trial":false,"path_per_floor":["M","M","M","M","?","R","?","M","T","M","M","R","E","M","R","B",null,"M","$","?","?","M","R","?","?","T","M","R","$","?","E","R","B",null,"M","M","$","?","M","E","M","R","T","E","?","M","M","E","R","B",null,"R","$","E","B"],"character_chosen":"DEFECT","items_purchased":["Lantern","Dark Shackles","Art of War","Secret Technique","Force Field","Block Potion"],"campfire_rested":2,"item_purchase_floors":[19,19,29,37,53,53],"current_hp_per_floor":[75,75,75,65,62,62,55,49,49,45,29,29,21,23,23,25,75,68,68,68,41,35,35,35,35,35,28,50,50,50,39,39,36,75,70,68,68,68,65,22,24,46,46,26,26,13,7,9,9,4,75,75,75,30,0,0],"gold":48,"neow_bonus":"THREE_ENEMY_KILL","is_daily":false,"chose_seed":false,"campfire_upgraded":6,"win_rate":0.0,"timestamp":1609423052,"path_taken":["M","?","M","M","?","R","?","?","T","M","M","R","E","M","R","BOSS","M","$","?","?","?","R","?","?","T","?","R","$","?","E","R","BOSS","M","M","$","?","M","E","M","R","T","E","?","M","M","E","R","BOSS","R","$","E","BOSS"],"items_purchased_type":["Relic","Card","Relic","Card","Card","Potion"],"build_version":"2020-12-22","purchased_purges":2,"victory":false,"max_hp_per_floor":[75,75,75,75,75,75,75,75,75,75,75,75,75,75,75,75,75,75,75,75,75,75,75,75,75,75,75,75,75,75,75,75,75,75,75,75,75,75,75,75,75,75,75,75,75,75,75,75,75,75,75,75,75,85,85,85],"relic_stats":{"Blood Vial":32,"Dream Catcher":0,"counters":[27,109],"Bronze Scales":[229],"Pantograph":75,"Pandora\u0027s Box":["Skim","Aggregate","Chaos","Core Surge","Heatsinks","Core Surge","Auto Shields"],"Art of War":[16],"Orichalcum":[108],"obtain_stats":[{"Lantern":19,"Pear":54,"NeowsBlessing":0,"Orichalcum":25,"White Beast Statue":5,"Nuclear Battery":34,"Blood Vial":13,"Dream Catcher":44,"Bottled Flame":48,"Bronze Scales":26,"Pantograph":31,"Pandora\u0027s Box":17,"Bag of Marbles":9,"Art of War":29,"Cracked Core":0,"Unceasing Top":40},{"Lantern":11,"Pear":26,"NeowsBlessing":0,"Orichalcum":12,"White Beast Statue":4,"Nuclear Battery":15,"Blood Vial":8,"Dream Catcher":21,"Bottled Flame":24,"Bronze Scales":12,"Pantograph":14,"Pandora\u0027s Box":10,"Bag of Marbles":5,"Art of War":13,"Cracked Core":0,"Unceasing Top":19},{"Lantern":35,"Pear":106,"NeowsBlessing":0,"Orichalcum":38,"White Beast Statue":8,"Nuclear Battery":53,"Blood Vial":21,"Dream Catcher":74,"Bottled Flame":91,"Bronze Scales":38,"Pantograph":46,"Pandora\u0027s Box":31,"Bag of Marbles":10,"Art of War":42,"Cracked Core":0,"Unceasing Top":68}],"Unceasing Top":[7]},"card_choices":[{"not_picked":["Fusion","Gash"],"picked":"Chaos","floor":1},{"not_picked":["Beam Cell","Double Energy"],"picked":"FTL","floor":2},{"not_picked":["Genetic Algorithm","Redo"],"picked":"Doom and Gloom","floor":3},{"not_picked":["Steam Power","Skim"],"picked":"Cold Snap","floor":4},{"not_picked":["Hologram","Gash"],"picked":"Conserve Battery","floor":8},{"not_picked":["Rebound","Leap"],"picked":"Ball Lightning","floor":10},{"not_picked":["Aggregate","Rebound"],"picked":"Undo","floor":11},{"not_picked":["Steam","Rainbow"],"picked":"Defragment","floor":13},{"not_picked":["Steam","Stack"],"picked":"Skim","floor":14},{"not_picked":["Machine Learning","All For One"],"picked":"Biased Cognition","floor":16},{"not_picked":["Cold Snap","Skim"],"picked":"Compile Driver","floor":18},{"not_picked":["Ball Lightning","Consume"],"picked":"Machine Learning","floor":22},{"not_picked":["Rebound+1","Compile Driver","Steam"],"picked":"SKIP","floor":27},{"not_picked":["Melter","Chaos"],"picked":"Static Discharge","floor":31},{"not_picked":["Amplify","Fission"],"picked":"Electrodynamics","floor":33},{"not_picked":["Coolheaded","Sweeping Beam"],"picked":"Loop","floor":35},{"not_picked":["Turbo","Steam"],"picked":"Redo","floor":36},{"not_picked":["Coolheaded","Melter+1"],"picked":"Darkness+1","floor":39},{"not_picked":["Redo","Streamline+1","Storm"],"picked":"SKIP","floor":40},{"not_picked":["Redo","Rebound"],"picked":"White Noise+1","floor":41},{"not_picked":["Sweeping Beam","Barrage"],"picked":"Reinforced Body","floor":44},{"not_picked":["Streamline+1","Conserve Battery"],"picked":"Glacier","floor":46},{"not_picked":["Reinforced Body+1","Turbo"],"picked":"Cold Snap+1","floor":47},{"not_picked":["Turbo","Aggregate+1"],"picked":"Echo Form","floor":48},{"not_picked":["Melter","Rebound"],"picked":"Force Field+1","floor":54}],"player_experience":1441298,"relics_obtained":[{"floor":9,"key":"Bag of Marbles"},{"floor":13,"key":"Blood Vial"},{"floor":26,"key":"Bronze Scales"},{"floor":31,"key":"Pantograph"},{"floor":40,"key":"Unceasing Top"},{"floor":44,"key":"Dream Catcher"},{"floor":48,"key":"Bottled Flame"},{"floor":54,"key":"Pear"}],"event_choices":[{"damage_healed":0,"gold_gain":0,"player_choice":"Success","damage_taken":3,"relics_obtained":["White Beast Statue"],"max_hp_gain":0,"max_hp_loss":0,"event_name":"Scrap Ooze","floor":5,"gold_loss":0},{"cards_removed":["Strike_B"],"damage_healed":0,"gold_gain":0,"player_choice":"Card Removal","damage_taken":7,"max_hp_gain":0,"max_hp_loss":0,"event_name":"Golden Wing","floor":7,"gold_loss":0},{"damage_healed":0,"gold_gain":0,"player_choice":"Forge","damage_taken":0,"max_hp_gain":0,"max_hp_loss":0,"event_name":"Accursed Blacksmith","floor":20,"gold_loss":0,"cards_upgraded":["Biased Cognition"]},{"damage_healed":0,"gold_gain":270,"player_choice":"GOLD GOLD GOLD ","damage_taken":27,"max_hp_gain":0,"max_hp_loss":0,"event_name":"Knowing Skull","floor":21,"potions_obtained":[],"gold_loss":0,"cards_obtained":[]},{"damage_healed":0,"gold_gain":0,"player_choice":"Bet on Murderer","damage_taken":0,"max_hp_gain":0,"max_hp_loss":0,"event_name":"The Joust","floor":24,"gold_loss":50},{"damage_healed":0,"gold_gain":0,"player_choice":"Obtained Relic","damage_taken":0,"relics_obtained":["Orichalcum"],"max_hp_gain":0,"max_hp_loss":0,"event_name":"Addict","floor":25,"gold_loss":85},{"damage_healed":0,"gold_gain":0,"cards_transformed":["Auto Shields","FTL"],"player_choice":"Became Test Subject","damage_taken":0,"max_hp_gain":0,"max_hp_loss":0,"event_name":"Drug Dealer","floor":30,"gold_loss":0,"cards_obtained":["Doom and Gloom","Tempest"]},{"cards_removed":["Doom and Gloom"],"damage_healed":0,"gold_gain":0,"player_choice":"Removed Attack","damage_taken":0,"max_hp_gain":0,"max_hp_loss":0,"event_name":"Falling","floor":38,"gold_loss":0},{"damage_healed":0,"gold_gain":0,"cards_transformed":["Static Discharge"],"player_choice":"Transformed","damage_taken":0,"max_hp_gain":0,"max_hp_loss":0,"event_name":"Transmorgrifier","floor":45,"gold_loss":0,"cards_obtained":["Turbo"]}],"is_beta":false,"boss_relics":[{"not_picked":["Calling Bell","Cursed Key"],"picked":"Pandora\u0027s Box"},{"not_picked":["SacredBark","Black Star"],"picked":"Nuclear Battery"}],"items_purged_floors":[19,29],"is_endless":false,"potions_floor_spawned":[1,3,8,10,11,13,14,16,18,22,27,31,33,35,36,39,40,41,44,46,47,48,54],"killed_by":"The Heart","ascension_level":4}}