{"host":"61ejhfsushs0xmcl","time":1609403257,"event":{"mods":["BaseMod","Colored Map","Downfall","Gold Saver","Minty Spire (QoL Compilation)","StSLib","Waifu the Spire"],"gold_per_floor":[1134,1145,1155,1173,690,690,690,701,732,657,688,706,739,889,900,1004,1004,1004,1018,1038,1138,1156,1186,1186,467,467,486,506,431,419,419,429,531,531,531,542,559,573,623,623,648,648,648,648,344,363,381,381],"floor_reached":49,"playtime":2284,"items_purged":["Guardian:Defend_Guardian","Slimebound:Icky","Guardian:Defend_Guardian","Guardian:Strike_Guardian"],"score":890,"play_id":"066df49e-884c-47f8-9807-4a2643c0eda7","local_time":"20201231162737","is_ascension_mode":true,"campfire_choices":[{"data":"Guardian:GemFinder","floor":1,"key":"SMITH"},{"data":"expansioncontent:TimeRipple","floor":10,"key":"SMITH"},{"data":"Guardian:ArmoredProtocol","floor":18,"key":"SMITH"},{"data":"Guardian:BaubleBeam","floor":26,"key":"SMITH"},{"data":"Guardian:Suspension","floor":29,"key":"SMITH"},{"data":"Guardian:ExploitGems","floor":35,"key":"SMITH"},{"data":"Guardian:StasisEngine","floor":40,"key":"SMITH"}],"circlet_count":0,"master_deck":["Guardian:Strike_Guardian","Guardian:Defend_Guardian","Guardian:Defend_Guardian","Guardian:CurlUp","Guardian:TwinSlam","Guardian:GemFinder+1","Guardian:Gem_Red","Guardian:CrystalBeam","Guardian:StasisEngine+1","expansioncontent:TimeRipple+1","Guardian:RollAttack","Guardian:PrismaticBarrier","Guardian:Gem_Red","Guardian:Gem_Red","Guardian:ArmoredProtocol+1","Guardian:Gem_Red","Guardian:Gem_Red","Guardian:VentSteam+1","Guardian:BaubleBeam+1","Guardian:Suspension+1","Guardian:PrismaticBeam","Guardian:ExploitGems+1","Guardian:CrystalBeam","expansioncontent:Chronoboost","expansioncontent:Collect"],"relics":["Guardian:ModeShifter","ClockworkSouvenir","Akabeko","Happy Flower","FossilizedHelix","downfall:HeartBlessingGreen","Pen Nib","Pear","Sozu","Darkstone Periapt","Bag of Preparation","Tiny Chest","Chemical X","downfall:HeartBlessingBlue","Toy Ornithopter","Guardian:StasisSlotReductionRelic","CaptainsWheel","Boot","InkBottle","downfall:TeleportStone","Centennial Puzzle"],"acts_visited":["Exordium","TheCity","TheBeyond"],"potions_floor_usage":[9,19],"damage_taken":[{"damage":5,"enemies":"Cultist","floor":2,"turns":4},{"damage":1,"enemies":"Small Slimes","floor":3,"turns":4},{"damage":0,"enemies":"2 Louse","floor":4,"turns":2},{"damage":0,"enemies":"downfall:FleeingMerchant","floor":5,"turns":4},{"damage":0,"enemies":"Large Slime","floor":8,"turns":5},{"damage":11,"enemies":"3 Sentries","floor":9,"turns":6},{"damage":21,"enemies":"Gremlin Nob","floor":11,"turns":4},{"damage":0,"enemies":"Gremlin Gang","floor":12,"turns":3},{"damage":0,"enemies":"Lagavulin","floor":13,"turns":7},{"damage":0,"enemies":"2 Fungi Beasts","floor":15,"turns":2},{"damage":14,"enemies":"downfall:Silent","floor":16,"turns":6},{"damage":0,"enemies":"Shell Parasite","floor":19,"turns":6},{"damage":16,"enemies":"Spheric Guardian","floor":20,"turns":4},{"damage":14,"enemies":"Snake Plant","floor":22,"turns":3},{"damage":4,"enemies":"Book of Stabbing","floor":23,"turns":4},{"damage":12,"enemies":"downfall:FleeingMerchant","floor":25,"turns":4},{"damage":0,"enemies":"Sentry and Sphere","floor":27,"turns":4},{"damage":0,"enemies":"3 Cultists","floor":28,"turns":1},{"damage":0,"enemies":"downfall:FleeingMerchant","floor":30,"turns":4},{"damage":0,"enemies":"Snake Plant","floor":32,"turns":1},{"damage":16,"enemies":"downfall:Ironclad","floor":33,"turns":4},{"damage":0,"enemies":"Orb Walker","floor":36,"turns":1},{"damage":0,"enemies":"3 Darklings","floor":37,"turns":3},{"damage":0,"enemies":"Spire Growth","floor":38,"turns":1},{"damage":0,"enemies":"Mind Bloom Boss Battle","floor":39,"turns":4},{"damage":0,"enemies":"Jaw Worm Horde","floor":46,"turns":2},{"damage":0,"enemies":"Writhing Mass","floor":47,"turns":3},{"damage":0,"enemies":"downfall:Defect","floor":48,"turns":2}],"seed_played":"-1604815455329946077","potions_obtained":[{"floor":2,"key":"Fire Potion"},{"floor":3,"key":"SpeedPotion"},{"floor":11,"key":"SkillPotion"},{"floor":15,"key":"Block Potion"}],"is_trial":false,"path_per_floor":["R","M","M","M","$","?","T","M","E","R","E","M","E","?","M","B",null,"R","M","M","?","M","E","T","$","R","M","M","R","$","?","M","B",null,"R","M","M","M","?","R","T","?","T","?","$","M","M","B",null],"character_chosen":"GUARDIAN","items_purchased":["ClockworkSouvenir","Akabeko","expansioncontent:TimeRipple","Bag of Preparation","Guardian:BaubleBeam","Tiny Chest","Chemical X","Guardian:PrismaticBeam","Toy Ornithopter","Centennial Puzzle"],"campfire_rested":0,"item_purchase_floors":[5,5,5,25,25,25,25,30,30,45],"current_hp_per_floor":[56,51,50,50,50,50,50,50,39,39,18,18,28,28,28,14,90,90,90,74,74,60,56,56,44,44,44,44,54,54,54,54,38,100,100,100,100,100,100,100,100,90,90,90,90,90,90,90],"gold":381,"neow_bonus":"THREE_RARE_CARDS","is_daily":false,"chose_seed":false,"campfire_upgraded":7,"win_rate":0.0,"timestamp":1609403257,"path_taken":["R","M","?","M","$","?","T","M","E","R","E","M","E","?","M","BOSS","R","M","M","?","?","E","T","$","R","M","M","R","$","?","M","BOSS","R","M","M","M","?","R","T","?","?","?","$","?","M","BOSS"],"items_purchased_type":["Relic","Relic","Card","Relic","Card","Relic","Relic","Card","Relic","Relic"],"build_version":"2020-12-22","purchased_purges":4,"victory":true,"max_hp_per_floor":[80,80,80,80,80,80,80,80,80,80,80,80,90,90,90,90,90,90,90,90,90,90,90,90,90,90,90,90,100,100,100,100,100,100,100,100,100,100,100,100,100,100,100,100,100,100,100,100],"card_choices":[{"not_picked":["Guardian:GemFire","Guardian:StasisEngine"],"picked":"Guardian:GemFinder","floor":0},{"not_picked":["Guardian:Gem_Red","Guardian:Gem_Green"],"picked":"Guardian:Gem_Cyan","floor":2},{"not_picked":["Guardian:Recover","Guardian:TimeBomb"],"picked":"Guardian:Gem_Crimson","floor":2},{"not_picked":["Guardian:Gem_Lightblue","Guardian:Gem_Green"],"picked":"Guardian:Gem_Red","floor":3},{"not_picked":["Guardian:TemporalShield","Guardian:VentSteam"],"picked":"Guardian:CrystalBeam","floor":3},{"not_picked":["Guardian:Gem_Green","Guardian:Gem_Lightblue"],"picked":"Guardian:Gem_Red","floor":4},{"not_picked":["Guardian:Incinerate","Guardian:VentSteam"],"picked":"Guardian:Gem_Lightblue","floor":4},{"not_picked":["Guardian:ShieldSpikes","Guardian:StasisField"],"picked":"Guardian:StasisEngine","floor":5},{"not_picked":["Guardian:Gem_Green","Guardian:Gem_Lightblue"],"picked":"Guardian:Gem_Cyan","floor":8},{"not_picked":["Guardian:Gem_Lightblue","Guardian:WalkerClaw"],"picked":"Guardian:RollAttack","floor":8},{"not_picked":["Guardian:Gem_Cyan","Guardian:Gem_Green"],"picked":"Guardian:Gem_Red","floor":9},{"not_picked":["Guardian:Gem_Red","Guardian:ShieldSpikes"],"picked":"Guardian:PrismaticBarrier","floor":9},{"not_picked":["Guardian:Gem_Red","Guardian:Gem_Cyan"],"picked":"Guardian:Gem_Green","floor":11},{"not_picked":["Guardian:PrismaticBarrier","Guardian:SphericShield"],"picked":"Guardian:Gem_White","floor":11},{"not_picked":["Guardian:Gem_Cyan","Guardian:Gem_Lightblue"],"picked":"Guardian:Gem_Red","floor":12},{"not_picked":["Guardian:FloatingOrbs","Guardian:Reroute"],"picked":"Guardian:Gem_Blue","floor":12},{"not_picked":["Guardian:Gem_Green","Guardian:Gem_Cyan"],"picked":"Guardian:Gem_Red","floor":13},{"not_picked":["Guardian:PrimingBeam","Guardian:Gem_Cyan"],"picked":"Guardian:ArmoredProtocol","floor":13},{"not_picked":["Guardian:Gem_Lightblue","Guardian:Gem_Cyan"],"picked":"Guardian:Gem_Red","floor":15},{"not_picked":["Guardian:Planning","Guardian:PolyBeam","Guardian:Emergency"],"picked":"SKIP","floor":15},{"not_picked":["Guardian:Gem_Cyan","Guardian:Gem_Green"],"picked":"Guardian:Gem_Red","floor":16},{"not_picked":["Guardian:HyperBeam_Guardian","Guardian:RevengeProtocol"],"picked":"Guardian:Gem_Orange","floor":16},{"not_picked":["Guardian:Gem_Lightblue","Guardian:Gem_Green"],"picked":"Guardian:Gem_Red","floor":19},{"not_picked":["Guardian:ChargeCore+1","Guardian:ShieldCharger+1"],"picked":"Guardian:VentSteam+1","floor":19},{"not_picked":["Guardian:Gem_Cyan","Guardian:Gem_Lightblue"],"picked":"Guardian:Gem_Red","floor":20},{"not_picked":["Guardian:PiercingHide","Guardian:Gem_Red","Guardian:GuardianWhirl"],"picked":"SKIP","floor":20},{"not_picked":["Guardian:TemporalStrike","Guardian:Repulse+1"],"picked":"Guardian:Gem_White","floor":22},{"not_picked":["Guardian:CrystalBeam","Guardian:Gem_Purple"],"picked":"Guardian:Gem_Synthetic","floor":23},{"not_picked":["Guardian:ChargeCore+1","Guardian:EvasiveProtocol","Guardian:Harden+1"],"picked":"SKIP","floor":25},{"not_picked":["Guardian:Clone","Guardian:Gem_Cyan"],"picked":"Guardian:Gem_White","floor":27},{"not_picked":["Guardian:ChargeCore","Guardian:FuturePlans"],"picked":"Guardian:Suspension","floor":28},{"not_picked":["Guardian:Gem_White","Guardian:Suspension"],"picked":"Guardian:Gem_Fragmented","floor":30},{"not_picked":["Guardian:ShieldCharger","Guardian:Gem_Cyan","Guardian:RollAttack+1"],"picked":"SKIP","floor":32},{"not_picked":["Guardian:StasisField","Guardian:TimeSifter"],"picked":"Guardian:ExploitGems","floor":33},{"not_picked":["Guardian:ShieldCharger+1","Guardian:Incinerate","Guardian:Gem_Green"],"picked":"SKIP","floor":36},{"not_picked":["Guardian:TimeCapacitor","Guardian:EvasiveProtocol"],"picked":"Guardian:CrystalBeam","floor":37},{"not_picked":["Guardian:DonusPower","Guardian:ArmoredProtocol+1","Guardian:ChargeUp+1"],"picked":"SKIP","floor":38},{"not_picked":["expansioncontent:PrepareCrush","expansioncontent:Hexaburn"],"picked":"expansioncontent:Chronoboost","floor":42},{"not_picked":["expansioncontent:Flail","expansioncontent:GoopSpray"],"picked":"expansioncontent:Collect","floor":42},{"not_picked":["Guardian:Gem_Lightblue","Guardian:Harden","Guardian:WalkerClaw"],"picked":"SKIP","floor":46},{"not_picked":["Guardian:Planning+1","Guardian:Gem_Cyan","Guardian:RollAttack+1"],"picked":"SKIP","floor":47}],"player_experience":775354,"relics_obtained":[{"floor":7,"key":"Happy Flower"},{"floor":9,"key":"FossilizedHelix"},{"floor":11,"key":"Pen Nib"},{"floor":13,"key":"Pear"},{"floor":23,"key":"Darkstone Periapt"},{"floor":39,"key":"CaptainsWheel"},{"floor":41,"key":"Boot"},{"floor":43,"key":"InkBottle"}],"event_choices":[],"is_beta":false,"boss_relics":[{"not_picked":["Cursed Key","Guardian:ModeShifterPlus"],"picked":"Sozu"},{"not_picked":["Calling Bell","Tiny House"],"picked":"Guardian:StasisSlotReductionRelic"}],"items_purged_floors":[5,25,30,45],"is_endless":false,"potions_floor_spawned":[2,3,11,15,19,20,28,32,33,36,39,47],"ascension_level":1}}