{"host":"0tg1gncob7yth7j0","time":1609431923,"event":{"mods":["BaseMod","Best Route Mod","Block Reminder","Disable Question Mark Monsters","Gold Saver","Minty Spire (QoL Compilation)","SacredBarkPlus","StSLib","Transform Curses"],"gold_per_floor":[447,427,427,450,468,468,508,508,531,531,544,544,316,339,339,435,435,481,481,204,204,252,277,277],"floor_reached":23,"playtime":1043,"items_purged":["Injury","Strike_P"],"score":406,"play_id":"5769aca2-9937-4fe1-b852-fd94503c0c9c","local_time":"20201231112523","is_ascension_mode":true,"campfire_choices":[{"data":"Eruption","floor":6,"key":"SMITH"},{"floor":8,"key":"REST"},{"data":"Vigilance","floor":10,"key":"SMITH"},{"data":"Halt","floor":15,"key":"SMITH"}],"circlet_count":0,"master_deck":["AscendersBane","Strike_P","Strike_P","Strike_P","Defend_P","Defend_P","Defend_P","Defend_P","Eruption+1","Vigilance+1","CutThroughFate","Halt+1","Conclude","Crescendo+1","Tantrum","Wish","ForeignInfluence","Adaptation","EmptyFist","Fasting2","DeceiveReality"],"relics":["PureWater","Lantern","Golden Idol","Art of War","Akabeko","ClockworkSouvenir","Cursed Key"],"acts_visited":["Exordium","TheCity"],"potions_floor_usage":[7,16,23],"damage_taken":[{"damage":4,"enemies":"Jaw Worm","floor":1,"turns":3},{"damage":0,"enemies":"2 Louse","floor":4,"turns":2},{"damage":0,"enemies":"Cultist","floor":5,"turns":3},{"damage":23,"enemies":"Lagavulin","floor":7,"turns":3},{"damage":1,"enemies":"Looter","floor":11,"turns":3},{"damage":0,"enemies":"Large Slime","floor":14,"turns":3},{"damage":0,"enemies":"Slime Boss","floor":16,"turns":2},{"damage":13,"enemies":"Chosen","floor":18,"turns":4},{"damage":24,"enemies":"2 Thieves","floor":22,"turns":4},{"damage":27,"enemies":"3 Cultists","floor":23,"turns":4}],"seed_played":"-7266646681897174033","potions_obtained":[{"floor":1,"key":"Dexterity Potion"},{"floor":5,"key":"FearPotion"},{"floor":7,"key":"Strength Potion"},{"floor":22,"key":"GamblersBrew"}],"is_trial":false,"path_per_floor":["M","?","?","M","M","R","E","R","T","R","M","?","$","M","R","B",null,"M","?","$","?","M","M"],"character_chosen":"WATCHER","items_purchased":["ClockworkSouvenir","EmptyFist","Fasting2","DeceiveReality"],"campfire_rested":1,"item_purchase_floors":[13,20,20,20],"current_hp_per_floor":[57,57,57,57,57,57,34,54,54,54,53,53,53,53,53,53,64,51,51,51,51,27,0,0],"gold":277,"neow_bonus":"RANDOM_COMMON_RELIC","is_daily":false,"chose_seed":false,"campfire_upgraded":3,"win_rate":0.0,"timestamp":1609431923,"path_taken":["M","?","?","M","M","R","E","R","T","R","M","?","$","M","R","BOSS","M","?","$","?","M","M"],"items_purchased_type":["Relic","Card","Card","Card"],"build_version":"2020-12-22","purchased_purges":2,"victory":false,"max_hp_per_floor":[68,68,68,68,68,68,68,68,68,68,68,68,68,68,68,68,68,68,68,68,68,68,68,68],"card_choices":[{"not_picked":["Vengeance","ReachHeaven","Sanctity"],"picked":"SKIP","floor":1},{"not_picked":["ThirdEye","WindmillStrike"],"picked":"CutThroughFate","floor":4},{"not_picked":["CutThroughFate","ThirdEye"],"picked":"Halt","floor":5},{"not_picked":["Wireheading","PathToVictory"],"picked":"Conclude","floor":7},{"not_picked":["BowlingBash","WreathOfFlame"],"picked":"Crescendo","floor":11},{"not_picked":["BowlingBash","Wireheading"],"picked":"Tantrum","floor":14},{"not_picked":["MasterReality","Blasphemy"],"picked":"Wish","floor":16},{"not_picked":["Vengeance","PathToVictory"],"picked":"ForeignInfluence","floor":18},{"not_picked":["LikeWater","PathToVictory","CrushJoints"],"picked":"SKIP","floor":22}],"player_experience":3614540,"relics_obtained":[{"floor":7,"key":"Art of War"},{"floor":9,"key":"Akabeko"}],"event_choices":[{"damage_healed":0,"gold_gain":0,"player_choice":"Left Gold","damage_taken":0,"max_hp_gain":0,"max_hp_loss":0,"event_name":"World of Goop","floor":2,"gold_loss":20},{"damage_healed":0,"gold_gain":0,"player_choice":"Take Wound","damage_taken":0,"relics_obtained":["Golden Idol"],"max_hp_gain":0,"max_hp_loss":0,"event_name":"Golden Idol","floor":3,"gold_loss":0,"cards_obtained":["Injury"]},{"damage_healed":0,"gold_gain":0,"player_choice":"Grow","damage_taken":0,"max_hp_gain":0,"max_hp_loss":0,"event_name":"Living Wall","floor":12,"gold_loss":0,"cards_upgraded":["Crescendo"]},{"damage_healed":0,"gold_gain":0,"player_choice":"Read","damage_taken":0,"max_hp_gain":0,"max_hp_loss":0,"event_name":"The Library","floor":19,"gold_loss":0,"cards_obtained":["Adaptation"]},{"damage_healed":0,"gold_gain":0,"player_choice":"Ignored","damage_taken":0,"max_hp_gain":0,"max_hp_loss":0,"event_name":"Vampires","floor":21,"gold_loss":0}],"is_beta":false,"boss_relics":[{"not_picked":["Runic Dome","Velvet Choker"],"picked":"Cursed Key"}],"items_purged_floors":[13,20],"is_endless":false,"potions_floor_spawned":[1,5,7,22],"killed_by":"3 Cultists","ascension_level":14}}