{"host":"ow66nzv2xecjoor3","time":1609401153,"event":{"mods":["BaseMod","Bestiary","Block Reminder","Colored Powertips","Curses Come First","Highlight Path","Keyboard Shortcuts","Minty Spire (QoL Compilation)","Permanent Neow","Relic Stats","StSLib","UnlockEverythingMod"],"gold_per_floor":[119,119,169,179,190,190,223,223,223,237,283,296,321,332,332,408,408,434,113,132,151,175,212,212,237,284,303,303,330,330,364,364,364,364],"floor_reached":33,"playtime":1377,"items_purged":["Strike_G"],"score":638,"play_id":"d8743f4c-8522-42a2-8c6b-6be8c967e80f","local_time":"20201231015233","is_ascension_mode":true,"campfire_choices":[{"data":"Predator","floor":6.0,"key":"SMITH"},{"floor":8.0,"key":"REST"},{"data":"Corpse Explosion","floor":15.0,"key":"SMITH"},{"data":"Calculated Gamble","floor":24.0,"key":"SMITH"},{"data":"Footwork","floor":28,"key":"SMITH"},{"floor":32,"key":"REST"}],"circlet_count":0,"master_deck":["AscendersBane","Strike_G","Strike_G+1","Strike_G","Strike_G","Defend_G","Defend_G","Defend_G","Defend_G","Defend_G","Survivor","Neutralize+1","Predator+1","Backstab","Predator+1","Dagger Spray","Dash","Footwork+1","Crippling Poison","Corpse Explosion+1","Phantasmal Killer","CurseOfTheBell","PiercingWail","Acrobatics","Calculated Gamble+1","Calculated Gamble+1","Reflex","PiercingWail","Backflip"],"relics":["Ring of the Snake","HornCleat","Strawberry","PreservedInsect","Pantograph","Calling Bell","CeramicFish","Meat on the Bone","Tough Bandages","Bag of Preparation","Bottled Flame","Orichalcum","Centennial Puzzle"],"acts_visited":["Exordium","TheCity"],"potions_floor_usage":[29,33,33],"damage_taken":[{"damage":0.0,"enemies":"Small Slimes","floor":1.0,"turns":4.0},{"damage":1.0,"enemies":"Jaw Worm","floor":4.0,"turns":3.0},{"damage":6.0,"enemies":"Cultist","floor":5.0,"turns":3.0},{"damage":22.0,"enemies":"3 Sentries","floor":7.0,"turns":7.0},{"damage":7.0,"enemies":"Exordium Thugs","floor":10.0,"turns":3.0},{"damage":2.0,"enemies":"Red Slaver","floor":12.0,"turns":2.0},{"damage":8.0,"enemies":"Lagavulin","floor":13.0,"turns":6.0},{"damage":3.0,"enemies":"Large Slime","floor":14.0,"turns":4.0},{"damage":21.0,"enemies":"Slime Boss","floor":16.0,"turns":9.0},{"damage":2.0,"enemies":"Shell Parasite","floor":18.0,"turns":4.0},{"damage":0.0,"enemies":"Chosen","floor":20.0,"turns":3.0},{"damage":0.0,"enemies":"3 Cultists","floor":21.0,"turns":2.0},{"damage":7.0,"enemies":"Snake Plant","floor":22.0,"turns":6.0},{"damage":4.0,"enemies":"Gremlin Leader","floor":23.0,"turns":6.0},{"damage":14,"enemies":"Book of Stabbing","floor":25,"turns":7},{"damage":7,"enemies":"Snecko","floor":27,"turns":4},{"damage":10,"enemies":"Cultist and Chosen","floor":29,"turns":4},{"damage":16,"enemies":"Gremlin Leader","floor":31,"turns":7},{"damage":74,"enemies":"Champ","floor":33,"turns":21}],"seed_played":"-2312079673501657412","potions_obtained":[{"floor":4.0,"key":"EntropicBrew"},{"floor":10.0,"key":"Dexterity Potion"},{"floor":14.0,"key":"Strength Potion"},{"floor":16.0,"key":"SneckoOil"},{"floor":20.0,"key":"PowerPotion"},{"floor":23.0,"key":"Ancient Potion"},{"floor":27,"key":"Strength Potion"},{"floor":31,"key":"EntropicBrew"}],"is_trial":false,"path_per_floor":["M","?","?","M","M","R","E","R","T","M","T","M","E","M","R","B",null,"M","$","M","M","M","E","R","E","T","M","R","M","?","E","R","B"],"character_chosen":"THE_SILENT","items_purchased":["Bag of Preparation","Ancient Potion"],"campfire_rested":2,"item_purchase_floors":[19,19],"current_hp_per_floor":[59,39,39,38,32,32,10,29,36,29,29,27,19,16,16,20,60,58,58,58,58,51,47,47,45,45,38,38,40,19,15,38,0,0],"gold":364,"neow_bonus":"UPGRADE_CARD","is_daily":false,"chose_seed":false,"campfire_upgraded":4,"win_rate":0.0,"timestamp":1609401153,"path_taken":["M","?","?","?","M","R","E","R","T","M","?","M","E","?","R","BOSS","M","$","M","M","M","E","R","E","T","M","R","M","?","E","R","BOSS"],"items_purchased_type":["Relic","Potion"],"build_version":"2020-12-22","purchased_purges":1,"victory":false,"max_hp_per_floor":[66,66,66,66,66,66,66,66,73,73,73,73,73,73,73,73,73,73,73,73,73,73,73,73,73,73,73,73,73,78,78,78,78,78],"relic_stats":{"Tough Bandages":[381],"Centennial Puzzle":[3],"counters":[19,105],"Pantograph":50,"CeramicFish":63,"PreservedInsect":168,"Bag of Preparation":[18],"Orichalcum":[60],"obtain_stats":[{"CeramicFish":17,"PreservedInsect":11,"Bag of Preparation":19,"Orichalcum":25,"Calling Bell":17,"Tough Bandages":17,"Bottled Flame":23,"Centennial Puzzle":31,"HornCleat":7,"Strawberry":9,"Pantograph":13,"Ring of the Snake":0,"Meat on the Bone":17},{"CeramicFish":9,"PreservedInsect":5,"Bag of Preparation":10,"Orichalcum":15,"Calling Bell":9,"Tough Bandages":9,"Bottled Flame":14,"Centennial Puzzle":18,"HornCleat":4,"Strawberry":4,"Pantograph":7,"Ring of the Snake":0,"Meat on the Bone":9},{"CeramicFish":41,"PreservedInsect":20,"Bag of Preparation":45,"Orichalcum":69,"Calling Bell":41,"Tough Bandages":41,"Bottled Flame":62,"Centennial Puzzle":84,"HornCleat":17,"Strawberry":17,"Pantograph":28,"Ring of the Snake":0,"Meat on the Bone":41}],"Ring of the Snake":[38],"Meat on the Bone":36},"card_choices":[{"not_picked":["Blade Dance","PiercingWail"],"picked":"Predator","floor":1.0},{"not_picked":["Concentrate","Crippling Poison"],"picked":"Backstab","floor":4.0},{"not_picked":["Eviscerate","Distraction"],"picked":"Predator","floor":5.0},{"not_picked":["Poisoned Stab","Concentrate"],"picked":"Dagger Spray","floor":7.0},{"not_picked":["Dodge and Roll","Dagger Spray"],"picked":"Dash","floor":10.0},{"not_picked":["Bane","PiercingWail"],"picked":"Footwork","floor":12.0},{"not_picked":["Terror","Prepared"],"picked":"Crippling Poison","floor":13.0},{"not_picked":["Poisoned Stab","Reflex"],"picked":"Corpse Explosion","floor":14.0},{"not_picked":["Grand Finale","After Image"],"picked":"Phantasmal Killer","floor":16.0},{"not_picked":["Dagger Spray","Flying Knee"],"picked":"PiercingWail","floor":18.0},{"not_picked":["Underhanded Strike","Flying Knee"],"picked":"Acrobatics","floor":20.0},{"not_picked":["Distraction","Caltrops","Calculated Gamble"],"picked":"SKIP","floor":21.0},{"not_picked":["Distraction","Caltrops"],"picked":"Calculated Gamble","floor":21.0},{"not_picked":["Crippling Poison","Sucker Punch"],"picked":"Calculated Gamble+1","floor":22.0},{"not_picked":["Flechettes","Infinite Blades"],"picked":"Reflex","floor":23.0},{"not_picked":["Blade Dance","Dagger Spray","Sucker Punch"],"picked":"SKIP","floor":25},{"not_picked":["Setup","Cloak And Dagger"],"picked":"PiercingWail","floor":27},{"not_picked":["Riddle With Holes","Setup"],"picked":"Backflip","floor":29},{"not_picked":["Heel Hook","Setup","Escape Plan"],"picked":"SKIP","floor":31}],"player_experience":2678293,"relics_obtained":[{"floor":7.0,"key":"HornCleat"},{"floor":9.0,"key":"Strawberry"},{"floor":11.0,"key":"PreservedInsect"},{"floor":13.0,"key":"Pantograph"},{"floor":17.0,"key":"CeramicFish"},{"floor":17.0,"key":"Meat on the Bone"},{"floor":17.0,"key":"Tough Bandages"},{"floor":23.0,"key":"Bottled Flame"},{"floor":25,"key":"Orichalcum"},{"floor":31,"key":"Centennial Puzzle"}],"event_choices":[{"damage_healed":0.0,"max_hp_gain":0.0,"max_hp_loss":0.0,"gold_gain":0.0,"event_name":"Shining Light","player_choice":"Entered Light","floor":2.0,"gold_loss":0.0,"damage_taken":20.0,"cards_upgraded":["Predator","Strike_G"]},{"damage_healed":0.0,"max_hp_gain":0.0,"max_hp_loss":0.0,"gold_gain":50.0,"event_name":"Golden Shrine","player_choice":"Pray","floor":3.0,"gold_loss":0.0,"damage_taken":0.0},{"damage_healed":0,"gold_gain":0,"player_choice":"Shed Blood","damage_taken":26,"max_hp_gain":5,"max_hp_loss":0,"event_name":"Forgotten Altar","floor":30,"gold_loss":0}],"is_beta":false,"boss_relics":[{"not_picked":["HoveringKite","SlaversCollar"],"picked":"Calling Bell"}],"items_purged_floors":[19],"is_endless":false,"potions_floor_spawned":[4,10,12,14,16,20,23,27,31],"killed_by":"Champ","ascension_level":20}}