{"host":"se62q65hiqxz7cab","time":1609385276,"event":{"mods":["Act Like it!","BaseMod","Colored Map","Minty Spire (QoL Compilation)","Replay The Spire","StSLib","The Bug Knight","The Cursed"],"gold_per_floor":[117,131,147,147,147,147,159,159,178,178,201,215,225,236,256,276,276,378,378,397,397,407,407,407,407],"floor_reached":24,"playtime":1053,"items_purged":[],"score":194,"play_id":"31941bae-56fd-419d-a321-cbc4e76fda3e","local_time":"20201231112756","is_ascension_mode":false,"campfire_choices":[{"data":"HollowMod:PureVessel","floor":8,"key":"SMITH"},{"data":"HollowMod:SoulSplash","floor":10,"key":"SMITH"},{"floor":17,"key":"REST"}],"circlet_count":0,"master_deck":["HollowMod:NailStrikeStart","HollowMod:NailStrikeStart","HollowMod:NailStrikeStart","HollowMod:NailStrikeStart","HollowMod:QuickDashStart","HollowMod:QuickDashStart","HollowMod:QuickDashStart","HollowMod:QuickDashStart","HollowMod:FocusHealStart","HollowMod:PogoStrike","HollowMod:PureVessel+1","HollowMod:CycloneSlash","HollowMod:SoulSplash+1","HollowMod:DashSlash","HollowMod:GoodIntentions","HollowMod:RecoilStrike","HollowMod:SoulStrike","HollowMod:QuirrelsAssistance","HollowMod:SoulStrike+1","HollowMod:MonarchWings+1"],"relics":["HollowMod:VesselMask","Lantern","SlaversCollar"],"acts_visited":["Exordium","TheCity"],"potions_floor_usage":[14,24,24,24],"damage_taken":[{"damage":0,"enemies":"2 Louse","floor":1,"turns":4},{"damage":4,"enemies":"Small Slimes","floor":2,"turns":4},{"damage":6,"enemies":"Jaw Worm","floor":3,"turns":3},{"damage":10,"enemies":"Looter","floor":7,"turns":3},{"damage":8,"enemies":"2 Fungi Beasts","floor":9,"turns":3},{"damage":9,"enemies":"Gremlin Gang","floor":12,"turns":4},{"damage":0,"enemies":"Lots of Slimes","floor":13,"turns":3},{"damage":3,"enemies":"Exordium Thugs","floor":14,"turns":5},{"damage":5,"enemies":"2 Fungi Beasts","floor":15,"turns":3},{"damage":5,"enemies":"Blue Slaver","floor":16,"turns":4},{"damage":21,"enemies":"Slime Boss","floor":18,"turns":5},{"damage":61,"enemies":"Spheric Guardian","floor":20,"turns":10},{"damage":0,"enemies":"3 Byrds","floor":22,"turns":5},{"damage":37,"enemies":"Masked Bandits","floor":24,"turns":3}],"seed_played":"7879875683225763772","potions_obtained":[{"floor":2,"key":"EssenceOfSteel"},{"floor":7,"key":"LifebloodPotion"},{"floor":12,"key":"SpeedPotion"},{"floor":16,"key":"Energy Potion"},{"floor":20,"key":"Strength Potion"}],"is_trial":false,"path_per_floor":["M","M","M","?","PTL","PTL","M","R","M","R","T","M","M","M","M","M","R","B",null,"M","?","M","?","?"],"character_chosen":"THE_BUGKNIGHT","items_purchased":[],"campfire_rested":1,"item_purchase_floors":[],"current_hp_per_floor":[75,75,69,69,69,69,59,59,57,57,57,48,48,51,46,47,69,48,75,24,24,24,24,0,0],"gold":407,"neow_bonus":"ONE_RANDOM_RARE_CARD","is_daily":false,"chose_seed":false,"campfire_upgraded":2,"win_rate":0.0,"timestamp":1609385276,"path_taken":["M","M","M","?","PTL","PTL","M","R","M","R","T","M","M","M","M","M","R","BOSS","M","?","M","?","?"],"items_purchased_type":[],"build_version":"2020-12-22","purchased_purges":0,"victory":false,"max_hp_per_floor":[75,75,75,75,75,75,75,75,75,75,75,75,75,75,75,75,75,75,75,75,75,75,75,75,75],"card_choices":[{"not_picked":["HollowMod:VengefulVoid","HollowMod:CrystalDash"],"picked":"HollowMod:CycloneSlash","floor":1},{"not_picked":["HollowMod:DesolateDive","HollowMod:SharpenedNail"],"picked":"HollowMod:SoulSplash","floor":2},{"not_picked":["HollowMod:BrokenVessel","HollowMod:ChannelNail","HollowMod:TaintedHusks"],"picked":"SKIP","floor":3},{"not_picked":["HollowMod:MonarchWings","HollowMod:BrokenVessel"],"picked":"HollowMod:DashSlash","floor":7},{"not_picked":["HollowMod:DungDefenderAura","HollowMod:LifebloodCocoon"],"picked":"HollowMod:GoodIntentions","floor":9},{"not_picked":["HollowMod:GreatSlash","HollowMod:BlackTendrils"],"picked":"HollowMod:RecoilStrike","floor":12},{"not_picked":["HollowMod:CycloneSlash","HollowMod:LordofShades"],"picked":"HollowMod:SoulStrike","floor":13},{"not_picked":["HollowMod:InfectedAttack","HollowMod:InfectedCysts","HollowMod:BrokenVessel"],"picked":"SKIP","floor":14},{"not_picked":["HollowMod:DescendingDark","HollowMod:CornifersMapStart"],"picked":"HollowMod:QuirrelsAssistance","floor":15},{"not_picked":["HollowMod:MawleksShell","HollowMod:HeavyBlow","HollowMod:HowlingWraiths"],"picked":"SKIP","floor":16},{"not_picked":["HollowMod:GreatSlash+1","HollowMod:SoulSplash"],"picked":"HollowMod:SoulStrike+1","floor":20},{"not_picked":["HollowMod:ChannelNail","HollowMod:SiblingsSouls+1"],"picked":"HollowMod:MonarchWings+1","floor":22}],"player_experience":143610,"relics_obtained":[{"floor":11,"key":"Lantern"}],"event_choices":[{"damage_healed":0,"gold_gain":0,"player_choice":"Ignored","damage_taken":0,"max_hp_gain":0,"max_hp_loss":0,"event_name":"Shining Light","floor":4,"gold_loss":0},{"damage_healed":0,"gold_gain":0,"player_choice":"Ignored","damage_taken":0,"max_hp_gain":0,"max_hp_loss":0,"event_name":"Vampires","floor":21,"gold_loss":0},{"damage_healed":0,"gold_gain":0,"player_choice":"Ignored","damage_taken":0,"max_hp_gain":0,"max_hp_loss":0,"event_name":"Ghosts","floor":23,"gold_loss":0},{"damage_healed":0,"gold_gain":0,"player_choice":"Fought Bandits","damage_taken":0,"max_hp_gain":0,"max_hp_loss":0,"event_name":"Masked Bandits","floor":24,"gold_loss":0}],"is_beta":false,"boss_relics":[{"not_picked":["Coffee Dripper","Abe\u0027s Treasure"],"picked":"SlaversCollar"}],"items_purged_floors":[],"is_endless":false,"potions_floor_spawned":[2,7,12,13,16,20],"killed_by":"Masked Bandits","ascension_level":0}}