{"host":"t7mx8yfj1no5p62f","time":1609428615,"event":{"mods":["BaseMod","Colored Map","Colored Powertips","Minty Spire (QoL Compilation)","Relic Stats","StSLib"],"gold_per_floor":[111,130,205,223,243,274,274,274,274],"floor_reached":8,"playtime":294,"items_purged":[],"score":116,"play_id":"0e65bcb3-852e-4197-afff-acd05a0766b0","local_time":"20201231103015","is_ascension_mode":true,"campfire_choices":[{"data":"Streamline","floor":7,"key":"SMITH"}],"circlet_count":0,"master_deck":["AscendersBane","Strike_B","Strike_B","Strike_B","Strike_B","Defend_B","Defend_B","Defend_B","Defend_B","Zap","Dualcast","Cold Snap","Streamline+1","FTL","Compile Driver"],"relics":["Cracked Core","Pantograph"],"acts_visited":["Exordium"],"potions_floor_usage":[8,8],"damage_taken":[{"damage":4,"enemies":"Small Slimes","floor":1,"turns":3},{"damage":5,"enemies":"Jaw Worm","floor":2,"turns":3},{"damage":5,"enemies":"2 Louse","floor":4,"turns":3},{"damage":5,"enemies":"Exordium Thugs","floor":5,"turns":4},{"damage":26,"enemies":"Gremlin Nob","floor":6,"turns":4},{"damage":19,"enemies":"3 Sentries","floor":8,"turns":4}],"seed_played":"7564017182110325387","potions_obtained":[{"floor":2,"key":"Energy Potion"},{"floor":6,"key":"LiquidMemories"}],"is_trial":false,"path_per_floor":["M","M","?","M","M","E","R","E"],"character_chosen":"DEFECT","items_purchased":[],"campfire_rested":0,"item_purchase_floors":[],"current_hp_per_floor":[67,62,51,46,41,15,15,0,0],"gold":274,"neow_bonus":"TEN_PERCENT_HP_BONUS","is_daily":false,"chose_seed":false,"campfire_upgraded":1,"win_rate":0.0,"timestamp":1609428615,"path_taken":["M","M","?","M","M","E","R","E"],"items_purchased_type":[],"build_version":"2020-12-22","purchased_purges":0,"victory":false,"max_hp_per_floor":[78,78,78,78,78,78,78,78,78],"relic_stats":{"counters":[6,21],"Pantograph":0,"obtain_stats":[{"Pantograph":6,"Cracked Core":0},{"Pantograph":5,"Cracked Core":0},{"Pantograph":17,"Cracked Core":0}]},"card_choices":[{"not_picked":["Leap","Scrape"],"picked":"Cold Snap","floor":1},{"not_picked":["BootSequence","Leap"],"picked":"Streamline","floor":2},{"not_picked":["Gash","Rebound"],"picked":"FTL","floor":4},{"not_picked":["Double Energy","Go for the Eyes"],"picked":"Compile Driver","floor":5},{"not_picked":["Heatsinks","Static Discharge","Aggregate"],"picked":"SKIP","floor":6}],"player_experience":1619009,"relics_obtained":[{"floor":6,"key":"Pantograph"}],"event_choices":[{"damage_healed":0,"gold_gain":75,"player_choice":"Gather Gold","damage_taken":11,"max_hp_gain":0,"max_hp_loss":0,"event_name":"World of Goop","floor":3,"gold_loss":0}],"is_beta":false,"boss_relics":[],"items_purged_floors":[],"is_endless":false,"potions_floor_spawned":[2,6],"killed_by":"3 Sentries","ascension_level":20}}