{"host":"ci7ivtocgfxh0ueo","time":1609384025,"event":{"mods":["BaseMod","GifTheSpireLib","Minty Spire (QoL Compilation)","StSLib"],"gold_per_floor":[114,129,404,415,427,427,447,2,74,102,117,87,99,33,33,33,33],"floor_reached":16,"playtime":480,"items_purged":["Regret"],"score":192,"play_id":"65bc234d-c1ab-4cd3-8e4a-20cd0c443bd4","local_time":"20201231110705","is_ascension_mode":true,"campfire_choices":[{"data":"Infernal Blade","floor":6,"key":"SMITH"},{"data":"Armaments","floor":15,"key":"SMITH"}],"circlet_count":0,"master_deck":["AscendersBane","Strike_R","Strike_R","Strike_R","Strike_R+1","Strike_R+1","Defend_R","Defend_R","Defend_R","Defend_R","Bash","Searing Blow","Infernal Blade+1","Armaments+1","Shockwave","Carnage","Warcry","Warcry","Pommel Strike"],"relics":["Burning Blood","NeowsBlessing","Membership Card","Whetstone","Mummified Hand","Pantograph","Champion Belt","Centennial Puzzle"],"acts_visited":["Exordium"],"potions_floor_usage":[4,7,7,10,13,13],"damage_taken":[{"damage":0,"enemies":"Small Slimes","floor":1,"turns":1},{"damage":0,"enemies":"Cultist","floor":2,"turns":1},{"damage":0,"enemies":"2 Louse","floor":4,"turns":1},{"damage":16,"enemies":"Red Slaver","floor":5,"turns":3},{"damage":23,"enemies":"Blue Slaver","floor":7,"turns":4},{"damage":17,"enemies":"3 Sentries","floor":10,"turns":9},{"damage":9,"enemies":"3 Louse","floor":11,"turns":3},{"damage":7,"enemies":"Exordium Wildlife","floor":13,"turns":5},{"damage":63,"enemies":"The Guardian","floor":16,"turns":15}],"seed_played":"-6851368869242415728","potions_obtained":[{"floor":2,"key":"LiquidBronze"},{"floor":4,"key":"Fruit Juice"},{"floor":5,"key":"Fire Potion"},{"floor":7,"key":"FearPotion"},{"floor":11,"key":"Swift Potion"}],"is_trial":false,"path_per_floor":["M","M","?","M","M","R","M","$","T","E","M","?","M","?","R","B"],"character_chosen":"IRONCLAD","items_purchased":["Membership Card","Whetstone","Mummified Hand","Block Potion"],"campfire_rested":0,"item_purchase_floors":[8,8,8,8],"current_hp_per_floor":[74,75,75,80,70,70,53,53,53,42,39,39,38,38,38,0,0],"gold":33,"neow_bonus":"THREE_ENEMY_KILL","is_daily":false,"chose_seed":false,"campfire_upgraded":2,"win_rate":0.0,"timestamp":1609384025,"path_taken":["M","M","?","M","M","R","M","$","T","E","?","?","?","?","R","BOSS"],"items_purchased_type":["Relic","Relic","Relic","Potion"],"build_version":"2020-12-22","purchased_purges":1,"victory":false,"max_hp_per_floor":[75,75,75,80,80,80,80,80,80,80,80,80,80,80,80,80,80],"card_choices":[{"not_picked":["Body Slam","Clash"],"picked":"Searing Blow","floor":1},{"not_picked":["Twin Strike","Rupture"],"picked":"Infernal Blade","floor":2},{"not_picked":["Warcry","Juggernaut"],"picked":"Armaments","floor":4},{"not_picked":["Thunderclap","Bloodletting"],"picked":"Shockwave","floor":5},{"not_picked":["Body Slam","Wild Strike"],"picked":"Carnage","floor":7},{"not_picked":["Flex","Armaments"],"picked":"Warcry","floor":10},{"not_picked":["Body Slam","Pommel Strike"],"picked":"Warcry","floor":11},{"not_picked":["Clothesline","Twin Strike"],"picked":"Pommel Strike","floor":13}],"player_experience":1313109,"relics_obtained":[{"floor":9,"key":"Pantograph"},{"floor":10,"key":"Champion Belt"}],"event_choices":[{"damage_healed":0,"gold_gain":275,"player_choice":"Desecrate","damage_taken":0,"max_hp_gain":0,"max_hp_loss":0,"event_name":"Golden Shrine","floor":3,"gold_loss":0,"cards_obtained":["Regret"]},{"damage_healed":0,"gold_gain":0,"player_choice":"Bought 2 Potions","damage_taken":0,"max_hp_gain":0,"max_hp_loss":0,"event_name":"The Woman in Blue","floor":12,"gold_loss":0},{"damage_healed":0,"gold_gain":0,"player_choice":"Paid Gold","damage_taken":0,"relics_obtained":["Centennial Puzzle"],"max_hp_gain":0,"max_hp_loss":0,"event_name":"WeMeetAgain","floor":14,"gold_loss":66}],"is_beta":false,"boss_relics":[],"items_purged_floors":[8],"is_endless":false,"potions_floor_spawned":[2,4,5,7,11],"killed_by":"The Guardian","ascension_level":17}}