{"host":"uoq8e77duj6rs50g","time":1609378023,"event":{"mods":["BaseMod","Better Match","Better Note","Better Third Choice","BetterRewards","Block Reminder","ChefMod","Curses Come First","Hermit","Hubris","Ironclad Rager","Minty Spire (QoL Compilation)","Relic Stats","Replay The Spire","Shade Mod","StSLib","The Blue Laboratory","The Cursed","The Dragon Tamer","The Exalted","The Judge","The Runesmith","The Servant 0.9.4"],"gold_per_floor":[115,40,40,52,63,81,81,81,150,191,210,235,235,235,235,364,364,387,402,417,127,146,146,146,179,228,228,252,275,291,291,291,410,410,433,160,174,192,192,231,231,231,231,262,262,222,222,241,241,241],"floor_reached":51,"playtime":3746,"items_purged":["Strike_S","Strike_S","Strike_S"],"score":729,"play_id":"c08e4e74-820a-44ac-806d-42a21ca7118e","local_time":"20201230202703","is_ascension_mode":false,"campfire_choices":[{"floor":8,"key":"REST"},{"floor":13,"key":"REST"},{"floor":15,"key":"DIG"},{"floor":23,"key":"REST"},{"floor":27,"key":"REST"},{"floor":32,"key":"REST"},{"floor":41,"key":"REST"},{"data":"TheWorld","floor":45,"key":"SMITH"},{"data":"SilverBlades","floor":47,"key":"SMITH"},{"data":"Unruled","floor":49,"key":"SMITH"}],"circlet_count":0,"master_deck":["Strike_S","Defend_S","Defend_S","Defend_S","KidneyShot","Exchange","Specialist","Ricochet+1","Starlight+1","TimeWarp+1","MoonPhase+1","ReturningBlade","BottledTime","FlawlessForm+1","Contraction","SilverBlades+1","Shuttle","SpecialFormula+1","Rearm+1","Specialist","Spin","Gouge","Luminosity","MoonPhase+1","Unruled+1","Starlight+1","TheWorld+1","Rearm+1","DoubleEdge+1","ReturningBlade+1","DoubleEdge","Spin"],"relics":["SplendidAttire","hubris:Icosahedron","Golden Idol","Letter Opener","Pet Ghost","hubris:Towel","Unceasing Top","Whetstone","Simple Rune","MysterySword","War Paint","Prayer Wheel","hubris:CrystalStatue","hubris:Spice"],"acts_visited":["Exordium","TheCity","TheBeyond"],"potions_floor_usage":[16,16,16,25,50],"damage_taken":[{"damage":3,"enemies":"Jaw Worm","floor":1,"turns":4},{"damage":11,"enemies":"Small Slimes","floor":4,"turns":3},{"damage":0,"enemies":"2 Louse","floor":5,"turns":2},{"damage":2,"enemies":"2 Fungi Beasts","floor":6,"turns":2},{"damage":20,"enemies":"Lagavulin","floor":10,"turns":8},{"damage":0,"enemies":"Large Slime","floor":11,"turns":3},{"damage":9,"enemies":"Red Slaver","floor":12,"turns":3},{"damage":48,"enemies":"Slime Boss","floor":16,"turns":11},{"damage":0,"enemies":"Chosen","floor":18,"turns":4},{"damage":11,"enemies":"2 Thieves","floor":19,"turns":3},{"damage":0,"enemies":"Sentry and Sphere","floor":20,"turns":6},{"damage":13,"enemies":"Centurion and Healer","floor":22,"turns":8},{"damage":28,"enemies":"Slavers","floor":25,"turns":6},{"damage":20,"enemies":"Snake Plant","floor":28,"turns":4},{"damage":0,"enemies":"3 Cultists","floor":29,"turns":3},{"damage":10,"enemies":"Centurion and Healer","floor":30,"turns":5},{"damage":13,"enemies":"Collector","floor":33,"turns":8},{"damage":12,"enemies":"3 Shapes","floor":35,"turns":4},{"damage":30,"enemies":"3 Darklings","floor":37,"turns":4},{"damage":8,"enemies":"Spire Growth","floor":38,"turns":4},{"damage":0,"enemies":"Giant Head","floor":40,"turns":7},{"damage":0,"enemies":"Reptomancer","floor":44,"turns":4},{"damage":0,"enemies":"Transient","floor":48,"turns":5},{"damage":10,"enemies":"Donu and Deca","floor":50,"turns":7}],"seed_played":"6289732963650870956","potions_obtained":[{"floor":1,"key":"SpeedPotion"},{"floor":10,"key":"Adrenaline Potion"},{"floor":12,"key":"PowerPotion"},{"floor":19,"key":"blueLaboratory:RememoryPotion"},{"floor":22,"key":"blueLaboratory:HummingbirdPotion"},{"floor":29,"key":"blueLaboratory:Moonshine"},{"floor":40,"key":"Explosive Potion"},{"floor":44,"key":"ColorlessPotion"}],"is_trial":false,"path_per_floor":["M","$","?","M","M","M","?","R","T","E","M","M","R","?","R","B",null,"M","M","M","$","M","R","?","E","T","R","M","M","M","$","R","B",null,"M","$","M","M","$","E","R","?","T","E","R","?","R","M","R","B",null],"character_chosen":"THE_SERVANT","items_purchased":["SpecialFormula","Rearm","Specialist","War Paint"],"campfire_rested":6,"item_purchase_floors":[21,21,21,36],"current_hp_per_floor":[62,62,62,51,51,49,49,60,60,40,40,31,49,49,49,1,60,60,49,49,49,41,59,59,36,36,54,39,44,39,39,57,49,60,53,53,31,31,31,39,57,57,57,68,68,68,68,68,68,66],"gold":241,"neow_bonus":"RANDOM_COLORLESS","is_daily":false,"chose_seed":false,"campfire_upgraded":3,"win_rate":0.0,"timestamp":1609378023,"path_taken":["M","$","?","M","M","M","?","R","T","E","M","M","R","?","R","BOSS","M","M","M","$","M","R","?","E","T","R","M","?","M","$","R","BOSS","M","$","M","M","?","E","R","?","T","E","R","?","R","M","R","BOSS"],"items_purchased_type":["Card","Card","Card","Relic"],"build_version":"2020-12-22","purchased_purges":3,"victory":true,"max_hp_per_floor":[65,65,65,65,65,65,60,60,60,60,60,60,60,60,60,60,60,60,60,60,60,60,60,60,60,60,60,60,60,60,60,60,60,60,60,60,60,60,60,60,60,60,60,68,68,68,68,68,68,68],"relic_stats":{"counters":[24,118],"Golden Idol":157,"Prayer Wheel":2,"Letter Opener":[334],"Whetstone":["TimeWarp","Ricochet"],"War Paint":["SpecialFormula","Rearm"],"obtain_stats":[{"SplendidAttire":17,"hubris:CrystalStatue":43,"Golden Idol":7,"Uniform":0,"Letter Opener":9,"Whetstone":25,"hubris:Towel":14,"War Paint":36,"Pet Ghost":10,"hubris:Icosahedron":3,"hubris:Spice":44,"MysterySword":34,"Simple Rune":26,"Prayer Wheel":40,"Unceasing Top":15},{"SplendidAttire":8,"hubris:CrystalStatue":21,"Golden Idol":4,"Uniform":0,"Letter Opener":4,"Whetstone":13,"hubris:Towel":7,"War Paint":18,"Pet Ghost":5,"hubris:Icosahedron":1,"hubris:Spice":22,"MysterySword":17,"Simple Rune":13,"Prayer Wheel":21,"Unceasing Top":7},{"SplendidAttire":36,"hubris:CrystalStatue":102,"Golden Idol":11,"Uniform":0,"Letter Opener":11,"Whetstone":63,"hubris:Towel":25,"War Paint":87,"Pet Ghost":19,"hubris:Icosahedron":4,"hubris:Spice":106,"MysterySword":83,"Simple Rune":63,"Prayer Wheel":102,"Unceasing Top":25}],"Unceasing Top":[46]},"card_choices":[{"not_picked":["Deep Breath","Replay:BasicMightCard"],"picked":"Specialist","floor":0},{"not_picked":["Hightail","Foresight"],"picked":"Ricochet","floor":1},{"not_picked":["Defy","TimeWarp","Spin"],"picked":"SKIP","floor":4},{"not_picked":["Spin","Revamp"],"picked":"Starlight","floor":5},{"not_picked":["DoubleEdge","Rewind"],"picked":"TimeWarp","floor":6},{"not_picked":["Advance","Replace"],"picked":"MoonPhase","floor":10},{"not_picked":["Alleviate","LightFlow"],"picked":"ReturningBlade","floor":11},{"not_picked":["Revamp","Rewind"],"picked":"BottledTime","floor":12},{"not_picked":["PendulumOfEternity","ForgedInTime"],"picked":"FlawlessForm","floor":16},{"not_picked":["Reset+1","RealityMarble"],"picked":"Contraction","floor":18},{"not_picked":["Ricochet+1","ShiftingGears"],"picked":"SilverBlades","floor":19},{"not_picked":["Reset","Starlight"],"picked":"Shuttle","floor":20},{"not_picked":["RealityMarble+1","Gouge"],"picked":"Spin","floor":22},{"not_picked":["DoubleEdge","ShatteredReality"],"picked":"Luminosity","floor":25},{"not_picked":["Alleviate","Reset"],"picked":"MoonPhase+1","floor":28},{"not_picked":["FastForward","Revamp"],"picked":"Unruled","floor":29},{"not_picked":["Sabotage","ReturningBlade"],"picked":"Starlight+1","floor":30},{"not_picked":["Sunlight","MurderousAura"],"picked":"TheWorld","floor":33},{"not_picked":["Alleviate","TimeWarp","Revamp+1"],"picked":"SKIP","floor":35},{"not_picked":["Gouge","RealityMarble"],"picked":"Rearm+1","floor":37},{"not_picked":["Read","Revamp+1"],"picked":"DoubleEdge+1","floor":38},{"not_picked":["Rewind","Ricochet+1","FastForward+1"],"picked":"SKIP","floor":40},{"not_picked":["BottledTime","Desolation+1"],"picked":"ReturningBlade+1","floor":44},{"not_picked":["Replace","FastForward"],"picked":"DoubleEdge","floor":48},{"not_picked":["Potential+1","Shuttle"],"picked":"Spin","floor":48}],"player_experience":357787,"relics_obtained":[{"floor":9,"key":"Letter Opener"},{"floor":10,"key":"Pet Ghost"},{"floor":15,"key":"Unceasing Top"},{"floor":25,"key":"Whetstone"},{"floor":26,"key":"Simple Rune"},{"floor":40,"key":"Prayer Wheel"},{"floor":43,"key":"hubris:CrystalStatue"},{"floor":44,"key":"hubris:Spice"}],"event_choices":[{"damage_healed":0,"gold_gain":0,"player_choice":"Lose Max HP","damage_taken":0,"relics_obtained":["Golden Idol"],"max_hp_gain":0,"max_hp_loss":5,"event_name":"Golden Idol","floor":7,"gold_loss":0},{"damage_healed":0,"gold_gain":0,"cards_transformed":["Defend_S"],"player_choice":"Transformed","damage_taken":0,"max_hp_gain":0,"max_hp_loss":0,"event_name":"Transmorgrifier","floor":24,"gold_loss":0,"cards_obtained":["Gouge"]},{"damage_healed":0,"gold_gain":0,"player_choice":"Upgraded Two","damage_taken":0,"max_hp_gain":0,"max_hp_loss":0,"event_name":"Designer","floor":46,"gold_loss":40,"cards_upgraded":["MoonPhase","Starlight"]}],"is_beta":false,"boss_relics":[{"not_picked":["hubris:RunicObelisk","StoneMask"],"picked":"SplendidAttire"},{"not_picked":["Philosopher\u0027s Stone","Replay:Bronze Core"],"picked":"MysterySword"}],"items_purged_floors":[2,21,36],"is_endless":false,"potions_floor_spawned":[1,10,12,19,22,29,40,44],"ascension_level":0}}