{"host":"j1eo1fqrqta44853","time":1609450834,"event":{"mods":["Act Like it!","BaseMod","CatGirl Mod","Custom Start","Downfall","Elementarium","Gensokyo","GungeonMod","HololiveMod","Hubris","Infinite Spire","Lobotomy","LobotomyExtend","Marisa????????","Minty Spire (QoL Compilation)","Pale of the Ancients","Rare Cards Sparkle","Replay The Spire","SIMod","Shedinja","StSLib","The Alterego","The Jungle","The Marked","The Mystic","The Runesmith","The Senshi","The Vixen","TheBandit","Waifu the Spire"],"gold_per_floor":[113,0,0,0,17,45,63,63,63,82,95,95,114,134,134,231,231,251,251,251,7,7,7],"floor_reached":22,"playtime":2393,"items_purged":[],"score":211,"play_id":"c464bcbf-f950-4f82-ae15-d0af34aacf49","local_time":"20201231154034","is_ascension_mode":false,"campfire_choices":[{"floor":8,"key":"RECALL"},{"data":"alterego_mod:IndependentAction","floor":15,"key":"SMITH"}],"circlet_count":0,"master_deck":["alterego_mod:Strike","alterego_mod:Strike","alterego_mod:Strike","alterego_mod:Defend","alterego_mod:Defend","alterego_mod:Defend","alterego_mod:Impale","alterego_mod:BigMeatyClaws","alterego_mod:BrynhildrsRune","alterego_mod:BiFurious","alterego_mod:PainIsPleasure+1","alterego_mod:GoddessCore","alterego_mod:Rake","alterego_mod:Maid","alterego_mod:Undulate","alterego_mod:IndependentAction+1","alterego_mod:Mirror","UniverseFragment","alterego_mod:Mirror","OldLady","alterego_mod:Valkyrie","alterego_mod:Bounce","alterego_mod:Exercise","alterego_mod:Exercise","alterego_mod:Jiggle"],"relics":["alterego_mod:MasochisticConstitution","CogitoBucket","Ancient Tea Set","hubris:Backtick","Burning Blood","Enchiridion","Strawberry"],"acts_visited":["Exordium","TheCity"],"potions_floor_usage":[7,16],"damage_taken":[{"damage":4,"enemies":"2 Louse","floor":1,"turns":4},{"damage":22,"enemies":"Small Slimes","floor":5,"turns":6},{"damage":46,"enemies":"Lagavulin","floor":6,"turns":10},{"damage":2,"enemies":"Cultist","floor":7,"turns":4},{"damage":9,"enemies":"Looter","floor":10,"turns":3},{"damage":21,"enemies":"Gremlin Gang","floor":11,"turns":8},{"damage":19,"enemies":"Exordium Wildlife","floor":13,"turns":9},{"damage":14,"enemies":"Blue Slaver","floor":14,"turns":6},{"damage":21,"enemies":"Hexaghost","floor":16,"turns":13},{"damage":24,"enemies":"Spheric Guardian","floor":18,"turns":7},{"damage":105,"enemies":"2 Thieves","floor":22,"turns":5}],"seed_played":"-907039822844080617","potions_obtained":[{"floor":5,"key":"SkillPotion"},{"floor":10,"key":"FairyPotion"},{"floor":14,"key":"Regen Potion"},{"floor":16,"key":"Elixir"}],"is_trial":false,"path_per_floor":["M","$","?","?","M","E","M","R","T","M","M","?","M","M","R","B",null,"M","?","?","$","M"],"character_chosen":"The_Alterego","items_purchased":["alterego_mod:PainIsPleasure","alterego_mod:GoddessCore","alterego_mod:Exercise","Strawberry","alterego_mod:Jiggle"],"campfire_rested":0,"item_purchase_floors":[2,2,21,21,21],"current_hp_per_floor":[71,71,71,71,57,34,40,40,40,39,40,40,45,46,46,45,79,80,64,64,71,0,0],"gold":7,"neow_bonus":"","is_daily":false,"chose_seed":false,"campfire_upgraded":1,"win_rate":0.0,"timestamp":1609450834,"path_taken":["M","$","?","?","M","E","M","R","T","M","M","?","M","M","R","BOSS","M","?","?","$","?"],"items_purchased_type":["Card","Card","Card","Relic","Card"],"build_version":"2020-12-22","purchased_purges":0,"victory":false,"max_hp_per_floor":[71,71,71,71,72,73,74,74,74,75,76,76,77,78,78,79,79,80,80,80,87,87,87],"card_choices":[{"not_picked":["Bloodbath","OldLady"],"picked":"NakedNest","floor":1},{"not_picked":["alterego_mod:Belts","alterego_mod:Santa"],"picked":"alterego_mod:BiFurious","floor":1},{"not_picked":["alterego_mod:Cushion","alterego_mod:SuperDuperMasochism"],"picked":"alterego_mod:Rake","floor":5},{"not_picked":["alterego_mod:Bunnysuit","alterego_mod:Table"],"picked":"alterego_mod:Maid","floor":6},{"not_picked":["alterego_mod:DeftHands","alterego_mod:Clap","alterego_mod:Collar"],"picked":"SKIP","floor":7},{"not_picked":["alterego_mod:Complex","alterego_mod:Belts"],"picked":"alterego_mod:Undulate","floor":10},{"not_picked":["alterego_mod:DeftHands","alterego_mod:SakuraFive"],"picked":"alterego_mod:IndependentAction","floor":11},{"not_picked":["alterego_mod:Cooking","alterego_mod:Valentines"],"picked":"alterego_mod:Mirror","floor":13},{"not_picked":["OSAHOGD","Scorched"],"picked":"UniverseFragment","floor":13},{"not_picked":["alterego_mod:PerceptionDisorder","alterego_mod:DestructionOfProperty"],"picked":"alterego_mod:Mirror","floor":14},{"not_picked":["Scorched","PunishingBird"],"picked":"OldLady","floor":14},{"not_picked":["alterego_mod:Lift","alterego_mod:Weigh"],"picked":"alterego_mod:Valkyrie","floor":16},{"not_picked":["alterego_mod:1TonWallop","alterego_mod:Complex"],"picked":"alterego_mod:Bounce","floor":18}],"player_experience":1024030,"relics_obtained":[{"floor":6,"key":"Ancient Tea Set"},{"floor":19,"key":"Enchiridion"}],"event_choices":[{"cards_removed":["NakedNest"],"damage_healed":0,"gold_gain":0,"player_choice":"Purged","damage_taken":0,"max_hp_gain":0,"max_hp_loss":0,"event_name":"Purifier","floor":12,"gold_loss":0},{"damage_healed":0,"gold_gain":0,"player_choice":"Obtained Book","damage_taken":16,"max_hp_gain":0,"max_hp_loss":0,"event_name":"Cursed Tome","floor":19,"gold_loss":0},{"damage_healed":0,"gold_gain":0,"player_choice":"Ignored","damage_taken":0,"max_hp_gain":0,"max_hp_loss":0,"event_name":"Purifier","floor":20,"gold_loss":0}],"is_beta":false,"boss_relics":[{"not_picked":["ReplayTheSpireMod:DimensionalGlitch","Ectoplasm"],"picked":"hubris:Backtick"}],"items_purged_floors":[],"is_endless":false,"potions_floor_spawned":[5,10,14,16],"killed_by":"2 Thieves","ascension_level":0}}