{"host":"zit9o0ax6c2l3y2b","time":1609376201,"event":{"mods":["Aspiration","BaseMod","Colored Map","Conspire","Downfall","Glutton Mod","Hermit","Hubris","Infinite Spire","Minty Spire (QoL Compilation)","Random Character Button","Relic Filter","Replay The Spire","Shade Mod","Shop Mod","StSLib","The Construct","The Cursed","The Disciple","The Runesmith","TheArtist"],"gold_per_floor":[119,134,201,201,201,201,231,231,231,14,14,14,14],"floor_reached":12,"playtime":407,"items_purged":[],"score":78,"play_id":"efbda061-a59e-4f20-bd6a-8299b5dd44ba","local_time":"20201230195641","is_ascension_mode":true,"campfire_choices":[{"data":"hermit:CursedWeapon","floor":6,"key":"SMITH"}],"circlet_count":0,"master_deck":["hermit:Strike_Hermit","hermit:Strike_Hermit","hermit:Strike_Hermit","hermit:Strike_Hermit","hermit:Defend_Hermit","hermit:Defend_Hermit","hermit:Defend_Hermit","hermit:Defend_Hermit","hermit:Snapshot+1","hermit:Covet","hermit:BlackWind","hermit:CursedWeapon+1","hermit:LowProfile","ReplayTheSpireMod:Haul","hermit:GhostlyPresence","hermit:TakeAim"],"relics":["hermit:Momento","Ornamental Fan","ReplayTheSpireMod:Ninjato","Juzu Bracelet"],"acts_visited":["Exordium"],"potions_floor_usage":[],"damage_taken":[{"damage":2,"enemies":"Small Slimes","floor":1,"turns":4},{"damage":12,"enemies":"Jaw Worm","floor":2,"turns":4},{"damage":19,"enemies":"3 Sentries","floor":7,"turns":6},{"damage":37,"enemies":"Gremlin Nob","floor":12,"turns":4}],"seed_played":"-8559336298863201481","potions_obtained":[{"floor":1,"key":"Elixir"}],"is_trial":false,"path_per_floor":["M","M","?","?","?","R","E","?","T","$","?","E"],"character_chosen":"HERMIT","items_purchased":["hermit:TakeAim","Juzu Bracelet"],"campfire_rested":0,"item_purchase_floors":[10,10],"current_hp_per_floor":[73,61,61,61,43,43,24,32,32,32,32,0,0],"gold":14,"neow_bonus":"ONE_RANDOM_RARE_CARD","is_daily":false,"chose_seed":false,"campfire_upgraded":1,"win_rate":0.0,"timestamp":1609376201,"path_taken":["M","M","?","?","?","R","E","?","T","$","?","E"],"items_purchased_type":["Card","Relic"],"build_version":"2020-12-22","purchased_purges":0,"victory":false,"max_hp_per_floor":[75,75,75,75,75,75,75,75,75,75,75,75,75],"card_choices":[{"not_picked":["hermit:Horror","hermit:CalledShot"],"picked":"hermit:CursedWeapon","floor":1},{"not_picked":["hermit:Dive","hermit:Desperado"],"picked":"hermit:LowProfile","floor":2},{"not_picked":["infinitespire:Starlight","hubris:InfiniteBlow+107"],"picked":"ReplayTheSpireMod:Haul","floor":5},{"not_picked":["hermit:ItchyTrigger","hermit:Vantage"],"picked":"hermit:GhostlyPresence","floor":7}],"player_experience":400732,"relics_obtained":[{"floor":7,"key":"Ornamental Fan"},{"floor":9,"key":"ReplayTheSpireMod:Ninjato"}],"event_choices":[{"damage_healed":0,"gold_gain":67,"player_choice":"Gained Gold","damage_taken":0,"max_hp_gain":0,"max_hp_loss":0,"event_name":"Golden Wing","floor":3,"gold_loss":0},{"damage_healed":0,"gold_gain":0,"player_choice":"Disagree","damage_taken":0,"max_hp_gain":0,"max_hp_loss":0,"event_name":"conspire:LoneGhost","floor":11,"gold_loss":0}],"is_beta":false,"boss_relics":[],"items_purged_floors":[],"is_endless":false,"potions_floor_spawned":[1],"killed_by":"Gremlin Nob","ascension_level":1}}