{"host":"873t0y8ybyo38pfq","time":1609433468,"event":{"mods":["BaseMod","Bestiary","Colored Map","Colored Powertips","Highlight Path","Minty Spire (QoL Compilation)","Quick Restart","RNG Fix","Rare Cards Sparkle","Relic Stats","StSLib"],"gold_per_floor":[116,86,97,113,130,161,161,176,176,195,195,222,222,256,256,330,330,330,330],"floor_reached":18,"playtime":609,"items_purged":[],"score":364,"play_id":"9515ff5c-48e2-4476-b0c4-3b92db7b3a2b","local_time":"20201231115108","is_ascension_mode":true,"campfire_choices":[{"data":"Ball Lightning","floor":7,"key":"SMITH"},{"floor":11,"key":"REST"},{"floor":13,"key":"REST"},{"floor":15,"key":"REST"}],"circlet_count":0,"master_deck":["AscendersBane","Strike_B","Strike_B","Strike_B","Strike_B","Defend_B","Defend_B","Defend_B","Defend_B","Zap","Dualcast","Core Surge","Loop","Conserve Battery","Skim","Ball Lightning+1","Coolheaded","BootSequence","Conserve Battery","Cold Snap","Thunder Strike"],"relics":["Cracked Core","Nunchaku","Peace Pipe","Calipers","Turnip","Nuclear Battery"],"acts_visited":["Exordium","TheCity"],"potions_floor_usage":[5,6,10,12,16],"damage_taken":[{"damage":1,"enemies":"Cultist","floor":1,"turns":3},{"damage":2,"enemies":"Jaw Worm","floor":3,"turns":3},{"damage":5,"enemies":"Small Slimes","floor":4,"turns":4},{"damage":12,"enemies":"Exordium Wildlife","floor":5,"turns":6},{"damage":24,"enemies":"Gremlin Nob","floor":6,"turns":4},{"damage":6,"enemies":"3 Louse","floor":8,"turns":3},{"damage":1,"enemies":"Exordium Thugs","floor":10,"turns":4},{"damage":10,"enemies":"3 Sentries","floor":12,"turns":6},{"damage":37,"enemies":"Gremlin Nob","floor":14,"turns":4},{"damage":10,"enemies":"The Guardian","floor":16,"turns":15},{"damage":54,"enemies":"3 Byrds","floor":18,"turns":4}],"seed_played":"1384312632075633197","potions_obtained":[{"floor":2,"key":"DistilledChaos"},{"floor":2,"key":"SneckoOil"},{"floor":3,"key":"DistilledChaos"},{"floor":6,"key":"Regen Potion"},{"floor":10,"key":"PowerPotion"},{"floor":14,"key":"BlessingOfTheForge"}],"is_trial":false,"path_per_floor":["M","?","M","M","M","E","R","M","T","M","R","E","R","E","R","B",null,"M"],"character_chosen":"DEFECT","items_purchased":[],"campfire_rested":3,"item_purchase_floors":[],"current_hp_per_floor":[63,63,61,56,44,20,20,14,14,25,44,34,53,16,35,25,54,0,0],"gold":330,"neow_bonus":"THREE_RARE_CARDS","is_daily":false,"chose_seed":false,"campfire_upgraded":1,"win_rate":0.0,"timestamp":1609433468,"path_taken":["M","?","M","M","M","E","R","M","T","M","R","E","R","E","R","BOSS","M"],"items_purchased_type":[],"build_version":"2020-12-22","purchased_purges":0,"victory":false,"max_hp_per_floor":[64,64,64,64,64,64,64,64,64,64,64,64,64,64,64,64,64,64,64],"relic_stats":{"Peace Pipe":0,"Nunchaku":[4],"counters":[11,56],"Turnip":[0],"obtain_stats":[{"Peace Pipe":9,"Nunchaku":6,"Calipers":12,"Turnip":14,"Cracked Core":0,"Nuclear Battery":17},{"Peace Pipe":6,"Nunchaku":5,"Calipers":8,"Turnip":9,"Cracked Core":0,"Nuclear Battery":10},{"Peace Pipe":23,"Nunchaku":20,"Calipers":33,"Turnip":37,"Cracked Core":0,"Nuclear Battery":52}]},"card_choices":[{"not_picked":["All For One","Rainbow"],"picked":"Core Surge","floor":0},{"not_picked":["Scrape","Barrage"],"picked":"Loop","floor":1},{"not_picked":["Double Energy","Rebound"],"picked":"Conserve Battery","floor":3},{"not_picked":["Sweeping Beam","Beam Cell"],"picked":"Skim","floor":4},{"not_picked":["Cold Snap","Chill"],"picked":"Ball Lightning","floor":5},{"not_picked":["Storm","Conserve Battery"],"picked":"Coolheaded","floor":6},{"not_picked":["Go for the Eyes","Consume"],"picked":"BootSequence","floor":8},{"not_picked":["Heatsinks","Leap"],"picked":"Conserve Battery","floor":10},{"not_picked":["Storm","Recycle"],"picked":"Cold Snap","floor":12},{"not_picked":["Meteor Strike","Skim","Steam"],"picked":"SKIP","floor":14},{"not_picked":["Hyperbeam","All For One"],"picked":"Thunder Strike","floor":16}],"player_experience":1446037,"relics_obtained":[{"floor":6,"key":"Nunchaku"},{"floor":9,"key":"Peace Pipe"},{"floor":12,"key":"Calipers"},{"floor":14,"key":"Turnip"}],"event_choices":[{"damage_healed":0,"gold_gain":0,"player_choice":"Bought 2 Potions","damage_taken":0,"max_hp_gain":0,"max_hp_loss":0,"event_name":"The Woman in Blue","floor":2,"gold_loss":0}],"is_beta":false,"boss_relics":[{"not_picked":["Black Star","Coffee Dripper"],"picked":"Nuclear Battery"}],"items_purged_floors":[],"is_endless":false,"potions_floor_spawned":[3,6,10,14],"killed_by":"3 Byrds","ascension_level":20}}