{"host":"4ho0n24pep29k55t","time":1609385607,"event":{"mods":["BaseMod","Marisa????????","Minty Spire (QoL Compilation)","Replay The Spire","StSLib"],"gold_per_floor":[112,187,200,122,146,200,36,36,62,111,111,137,186,186,186,349,349,395,451,510,510,566,566,152,152,152,152,222,222,271,306,306,451,451,508,114,167,500,594,651,651,403,429,492,492,563,129,190,190,214,214],"floor_reached":50,"playtime":2477,"items_purged":["Defend_MRS","Strike_MRS"],"score":594,"play_id":"e0035ff7-0a00-4786-ade1-9b0e965fda44","local_time":"20201231033327","is_ascension_mode":false,"campfire_choices":[{"data":"Madness","floor":8,"key":"SMITH"},{"floor":11,"key":"REST"},{"floor":15,"key":"DIG"},{"floor":23,"key":"REST"},{"data":"Apotheosis","floor":25,"key":"SMITH"},{"floor":29,"key":"REST"},{"floor":32,"key":"REST"},{"floor":41,"key":"REST"},{"floor":45,"key":"REST"},{"floor":49,"key":"REST"}],"circlet_count":0,"master_deck":["Strike_MRS","Strike_MRS","Strike_MRS","Defend_MRS","Defend_MRS","Defend_MRS","MasterSpark","UpSweep","PowerUp","DeepEcoloBomb","FairyDestructionRay","DoubleSpark","Madness+1","WitchOfGreed","GasGiant","SprinkleStarSeal","FinalSpark","JA","Apotheosis+1","AlicesGift","MilkyWay","EnergyFlow+1","ManaRampage","EnergyRecoil+1","UltimateShortwave","DC+1","EarthLightRay+1","CollectingQuirk","ShootingEcho+1","AbsoluteMagnitude","OortCloud"],"relics":["BewitchedHakkero","Replay:Bandana","Nunchaku","Pen Nib","Replay:Kaleidoscope","HandmadeGrimoire","Bottled Tornado","RampagingMagicTools","Medical Kit","Gambling Chip","Replay:Wax Seal","Tiny Chest","Pet Ghost","CatCart","Omamori","HandDrill","Regal Pillow","Torii","Replay:Arrowhead","Bottled Flame"],"acts_visited":["Exordium","TheCity","TheBeyond"],"potions_floor_usage":[16,20,22,30,31,33,37,39,39,44,46,48,50,50,50],"damage_taken":[{"damage":6,"enemies":"Cultist","floor":1,"turns":3},{"damage":0,"enemies":"Small Slimes","floor":3,"turns":3},{"damage":2,"enemies":"2 Louse","floor":5,"turns":2},{"damage":22,"enemies":"3 Sentries","floor":6,"turns":4},{"damage":12,"enemies":"Replay:BlueRogue","floor":10,"turns":4},{"damage":5,"enemies":"Looter","floor":12,"turns":2},{"damage":31,"enemies":"Hexaghost","floor":16,"turns":10},{"damage":6,"enemies":"Shell Parasite","floor":18,"turns":5},{"damage":2,"enemies":"Chosen","floor":19,"turns":3},{"damage":18,"enemies":"3 Cultists","floor":20,"turns":3},{"damage":21,"enemies":"Snake Plant","floor":22,"turns":5},{"damage":56,"enemies":"Slavers","floor":28,"turns":4},{"damage":5,"enemies":"Book of Stabbing","floor":30,"turns":4},{"damage":3,"enemies":"Sentry and Sphere","floor":31,"turns":2},{"damage":49,"enemies":"Automaton","floor":33,"turns":9},{"damage":23,"enemies":"3 Darklings","floor":35,"turns":4},{"damage":20,"enemies":"3 Shapes","floor":37,"turns":4},{"damage":22,"enemies":"Orin","floor":39,"turns":7},{"damage":10,"enemies":"R_Hoarder","floor":40,"turns":7},{"damage":29,"enemies":"2 Orb Walkers","floor":44,"turns":2},{"damage":32,"enemies":"Reptomancer","floor":46,"turns":7},{"damage":9,"enemies":"3 Darklings","floor":48,"turns":3},{"damage":128,"enemies":"Time Eater","floor":50,"turns":9}],"seed_played":"-5899313209554548931","potions_obtained":[{"floor":5,"key":"SpeedPotion"},{"floor":12,"key":"BottledSpark"},{"floor":16,"key":"BottledSpark"},{"floor":18,"key":"Adrenaline Potion"},{"floor":20,"key":"LifebloodPotion"},{"floor":20,"key":"Block Potion"},{"floor":22,"key":"Explosive Potion"},{"floor":31,"key":"Elixir"},{"floor":35,"key":"Weak Potion"},{"floor":37,"key":"StarNLove"},{"floor":39,"key":"Dexterity Potion"},{"floor":39,"key":"SpeedPotion"},{"floor":40,"key":"Fire Potion"},{"floor":46,"key":"Toxic Potion"},{"floor":48,"key":"LiquidBronze"}],"is_trial":false,"path_per_floor":["M","?","M","?","M","E","$","R","T","E","R","M","?","?","R","B",null,"M","M","M","?","M","R","$","R","T","?","E","R","E","M","R","B",null,"M","$","M","?","?","E","R","$","T","?","R","E","$","M","R","B"],"character_chosen":"MARISA","items_purchased":["Regen Potion","Madness","Medical Kit","Apotheosis","AlicesGift","Pet Ghost","UltimateShortwave","HandDrill","Bottled Flame","OortCloud","StarNLove"],"campfire_rested":7,"item_purchase_floors":[7,7,24,24,24,36,36,42,47,47,47],"current_hp_per_floor":[76,65,65,65,63,41,41,41,41,29,53,48,28,28,28,12,76,70,68,50,50,29,51,51,51,51,76,20,42,37,34,56,7,76,53,53,33,33,11,7,29,29,29,20,57,31,31,28,65,0,0],"gold":214,"neow_bonus":"TEN_PERCENT_HP_BONUS","is_daily":false,"chose_seed":false,"campfire_upgraded":2,"win_rate":0.0,"timestamp":1609385607,"path_taken":["M","?","M","?","M","E","$","R","T","E","R","?","?","?","R","BOSS","M","M","M","?","?","R","$","R","T","?","E","R","E","M","R","BOSS","M","$","M","?","?","E","R","$","T","?","R","E","$","M","R","BOSS"],"items_purchased_type":["Potion","Card","Relic","Card","Card","Relic","Card","Relic","Relic","Card","Potion"],"build_version":"2020-12-22","purchased_purges":2,"victory":false,"max_hp_per_floor":[82,82,82,82,82,82,82,82,82,82,82,82,82,76,76,76,76,76,76,76,76,76,76,76,76,76,76,76,76,76,76,76,76,76,76,76,76,76,76,76,76,76,76,76,76,76,76,76,76,76,76],"card_choices":[{"not_picked":["GravityBeat","DarkSpark"],"picked":"PowerUp","floor":1},{"not_picked":["PowerUp","GalacticHalo"],"picked":"DeepEcoloBomb","floor":3},{"not_picked":["SuperPerseids","6A"],"picked":"FairyDestructionRay","floor":5},{"not_picked":["DeepEcoloBomb","DarkSpark"],"picked":"DoubleSpark","floor":6},{"not_picked":["FinalSpark","UnstableBomb"],"picked":"WitchOfGreed","floor":10},{"not_picked":["OneTimeOff","DoubleSpark"],"picked":"GasGiant","floor":12},{"not_picked":["AsteroidBelt","GalacticHalo"],"picked":"SprinkleStarSeal","floor":13},{"not_picked":["SatelliteIllusion","CasketOfStar"],"picked":"FinalSpark","floor":16},{"not_picked":["NonDirectionalLaser+1","ChargeUpSpray","DC+1"],"picked":"SKIP","floor":18},{"not_picked":["UnstableBomb","WitchLeyline","GrandCross"],"picked":"SKIP","floor":19},{"not_picked":["6A","UnstableBomb+1","PulseMagic"],"picked":"SKIP","floor":20},{"not_picked":["ShootTheMoon","LuminesStrike"],"picked":"JA","floor":22},{"not_picked":["NonDirectionalLaser","BlazeAway"],"picked":"MilkyWay","floor":28},{"not_picked":["MeteoricShower","MysteriousBeam","ChargeUpSpray"],"picked":"SKIP","floor":30},{"not_picked":["SuperPerseids","PowerUp"],"picked":"EnergyFlow+1","floor":31},{"not_picked":["BinaryStars","EscapeVelocity"],"picked":"ManaRampage","floor":33},{"not_picked":["MeteoricShower","UnstableBomb+1"],"picked":"EnergyRecoil+1","floor":35},{"not_picked":["LuminesStrike","Orbital"],"picked":"DC+1","floor":37},{"not_picked":["PowerUp+1","OrrerysSun+1"],"picked":"EarthLightRay+1","floor":39},{"not_picked":["Robbery","StarBarrage+1"],"picked":"CollectingQuirk","floor":40},{"not_picked":["IllusionStar","NonDirectionalLaser+1"],"picked":"ShootingEcho+1","floor":44},{"not_picked":["StarlightTyphoon+1","ShootTheMoon"],"picked":"AbsoluteMagnitude","floor":46},{"not_picked":["WitchLeyline+1","GravityBeat","6A+1"],"picked":"SKIP","floor":48}],"player_experience":140194,"relics_obtained":[{"floor":6,"key":"Nunchaku"},{"floor":9,"key":"Pen Nib"},{"floor":10,"key":"Replay:Kaleidoscope"},{"floor":13,"key":"HandmadeGrimoire"},{"floor":15,"key":"Bottled Tornado"},{"floor":26,"key":"Gambling Chip"},{"floor":28,"key":"Replay:Wax Seal"},{"floor":30,"key":"Tiny Chest"},{"floor":39,"key":"CatCart"},{"floor":40,"key":"Omamori"},{"floor":43,"key":"Regal Pillow"},{"floor":44,"key":"Torii"},{"floor":46,"key":"Replay:Arrowhead"}],"event_choices":[{"damage_healed":0,"gold_gain":75,"player_choice":"Gather Gold","damage_taken":11,"max_hp_gain":0,"max_hp_loss":0,"event_name":"World of Goop","floor":2,"gold_loss":0},{"damage_healed":0,"gold_gain":0,"player_choice":"Paid Gold","damage_taken":0,"relics_obtained":["Replay:Bandana"],"max_hp_gain":0,"max_hp_loss":0,"event_name":"WeMeetAgain","floor":4,"gold_loss":78},{"damage_healed":0,"gold_gain":0,"player_choice":"Lose Max HP","damage_taken":0,"relics_obtained":["Golden Idol"],"max_hp_gain":0,"max_hp_loss":6,"event_name":"Golden Idol","floor":14,"gold_loss":0},{"damage_healed":0,"gold_gain":0,"player_choice":"0 cards matched","damage_taken":0,"max_hp_gain":0,"max_hp_loss":0,"event_name":"Match and Keep!","floor":21,"gold_loss":0,"cards_obtained":[]},{"damage_healed":25,"gold_gain":0,"player_choice":"Heal","damage_taken":0,"max_hp_gain":0,"max_hp_loss":0,"event_name":"The Library","floor":27,"gold_loss":0},{"damage_healed":0,"gold_gain":333,"player_choice":"Gave Idol","damage_taken":0,"max_hp_gain":0,"max_hp_loss":0,"event_name":"The Moai Head","floor":38,"relics_lost":["Golden Idol"],"gold_loss":0},{"damage_healed":0,"gold_gain":0,"player_choice":"Fight","damage_taken":0,"max_hp_gain":0,"max_hp_loss":0,"event_name":"OrinTheCat","floor":39,"gold_loss":0},{"damage_healed":0,"gold_gain":0,"player_choice":"Fight","damage_taken":0,"max_hp_gain":0,"max_hp_loss":0,"event_name":"Mysterious Sphere","floor":44,"gold_loss":0}],"is_beta":false,"boss_relics":[{"not_picked":["SacredBark","ChewingGum"],"picked":"RampagingMagicTools"},{"not_picked":["Tiny House","Calling Bell"],"picked":"BewitchedHakkero"}],"items_purged_floors":[36,42],"is_endless":false,"potions_floor_spawned":[5,12,16,18,20,31,39,40,46],"killed_by":"Time Eater","ascension_level":0}}