{"host":"jm9833yuloeli2yd","time":1609375360,"event":{"mods":["AchievementEnabler","BaseMod","Better Altar","Better Match","Better Note","Better Sensory Stone","Better Skull","Better Third Choice","Better Vampires","BetterRewards","Colored Map","Colored Powertips","DeckTracker","Marked Mod","Minty Spire (QoL Compilation)","Permanent Neow","Quick Restart","StSLib","SuperFastMode"],"gold_per_floor":[117,130,130,141,156,156,156,484,484,484,484,517,256,266,266,337,337,354,334,8,21,36,36,36,36,36,36,63,78,108,127,127,204,204,224,236,251,251,15,46,46,72,72,92,105,120,130,155,155,155,155,155],"floor_reached":51,"playtime":2442,"items_purged":["Defend_G","Strike_G"],"score":2107,"play_id":"4c2ddd2a-0661-4ed2-8412-9e28554b622c","local_time":"20201230194240","is_ascension_mode":true,"campfire_choices":[{"data":"Neutralize","floor":6,"key":"SMITH"},{"floor":10,"key":"REST"},{"floor":15,"key":"REST"},{"data":"Envenom","floor":23,"key":"SMITH"},{"data":"After Image","floor":27,"key":"SMITH"},{"data":"Survivor","floor":32,"key":"SMITH"},{"data":"Footwork","floor":41,"key":"SMITH"},{"floor":49,"key":"RECALL"}],"circlet_count":0,"master_deck":["AscendersBane","Strike_G","Strike_G","Strike_G","Strike_G","Defend_G","Defend_G","Defend_G","Defend_G","Survivor+1","Neutralize+1","Cloak And Dagger+1","Deadly Poison+1","Deadly Poison+1","Backflip+1","Dagger Throw","Deflect+1","Escape Plan+1","Finisher+1","Night Terror+1","Dodge and Roll+1","Backflip+1","Cloak And Dagger+1","After Image+1","Envenom+1","Blur+1","Deflect+1","Endless Agony","PiercingWail+1","Blade Dance+1","Crippling Poison+1","Deflect+1","Blur+1","Tools of the Trade","Noxious Fumes","PiercingWail+1","Dodge and Roll+1","Night Terror+1","Footwork+1","The Bomb+1","Terror+1","Calculated Gamble+1","Venomology+1","Blade Dance+1"],"relics":["Ring of the Serpent","Toxic Egg 2","Old Coin","The Courier","Vajra","Gremlin Horn","MealTicket","Orrery","Kunai","Lizard Tail","Art of War","Darkstone Periapt","Sozu","Mango","Mummified Hand","Akabeko"],"acts_visited":["Exordium","TheCity","TheBeyond"],"potions_floor_usage":[8,16,16,28,29,30,33],"damage_taken":[{"damage":0,"enemies":"2 Louse","floor":1,"turns":3},{"damage":0,"enemies":"Cultist","floor":2,"turns":3},{"damage":11,"enemies":"Small Slimes","floor":4,"turns":3},{"damage":8,"enemies":"3 Louse","floor":5,"turns":4},{"damage":10,"enemies":"Gremlin Nob","floor":8,"turns":4},{"damage":9,"enemies":"Lagavulin","floor":12,"turns":5},{"damage":1,"enemies":"Lots of Slimes","floor":14,"turns":4},{"damage":9,"enemies":"Slime Boss","floor":16,"turns":11},{"damage":9,"enemies":"Shell Parasite","floor":18,"turns":6},{"damage":12,"enemies":"2 Thieves","floor":19,"turns":4},{"damage":12,"enemies":"Cultist and Chosen","floor":21,"turns":11},{"damage":0,"enemies":"Snecko","floor":22,"turns":5},{"damage":0,"enemies":"Gremlin Leader","floor":28,"turns":6},{"damage":0,"enemies":"Snake Plant","floor":29,"turns":4},{"damage":0,"enemies":"Book of Stabbing","floor":30,"turns":6},{"damage":0,"enemies":"Centurion and Healer","floor":31,"turns":8},{"damage":0,"enemies":"Automaton","floor":33,"turns":17},{"damage":4,"enemies":"3 Darklings","floor":35,"turns":7},{"damage":0,"enemies":"Orb Walker","floor":36,"turns":4},{"damage":0,"enemies":"Spire Growth","floor":37,"turns":5},{"damage":29,"enemies":"Nemesis","floor":40,"turns":9},{"damage":27,"enemies":"Reptomancer","floor":42,"turns":10},{"damage":12,"enemies":"Writhing Mass","floor":44,"turns":7},{"damage":0,"enemies":"Sphere and 2 Shapes","floor":45,"turns":5},{"damage":7,"enemies":"4 Shapes","floor":46,"turns":6},{"damage":0,"enemies":"Spire Growth","floor":47,"turns":6},{"damage":7,"enemies":"Giant Head","floor":48,"turns":11},{"damage":15,"enemies":"Awakened One","floor":50,"turns":15},{"damage":35,"enemies":"Time Eater","floor":51,"turns":5}],"seed_played":"2339939167129268727","potions_obtained":[{"floor":3,"key":"PowerPotion"},{"floor":3,"key":"SneckoOil"},{"floor":8,"key":"PowerPotion"},{"floor":14,"key":"Energy Potion"},{"floor":16,"key":"CultistPotion"},{"floor":22,"key":"Ancient Potion"},{"floor":28,"key":"Poison Potion"},{"floor":29,"key":"Poison Potion"},{"floor":31,"key":"DistilledChaos"}],"is_trial":false,"path_per_floor":["M","M","?","M","M","R","?","E","T","R","?","E","$","M","R","B",null,"M","M","$","M","M","R","?","?","T","R","E","M","E","M","R","B",null,"M","M","M","?","$","E","R","E","T","M","M","M","M","E","R","B","B"],"character_chosen":"THE_SILENT","items_purchased":["Toxic Egg 2","Cloak And Dagger+1","Deadly Poison+1","MealTicket","Orrery","Kunai","Endless Agony","Footwork","The Bomb+1"],"campfire_rested":2,"item_purchase_floors":[0,0,0,13,13,20,20,39,39],"current_hp_per_floor":[52,52,52,41,33,33,33,23,23,42,25,16,16,15,34,25,56,47,35,50,38,38,38,38,38,38,38,38,38,38,38,38,38,59,55,55,55,55,66,51,51,24,24,12,12,5,5,40,40,25,0,0],"gold":155,"neow_bonus":"","is_daily":false,"chose_seed":false,"campfire_upgraded":5,"win_rate":0.0,"timestamp":1609375360,"path_taken":["M","M","?","M","?","R","?","E","T","R","?","E","$","M","R","BOSS","M","?","$","M","M","R","?","?","T","R","E","M","E","M","R","BOSS","M","M","?","?","$","E","R","E","T","M","?","M","M","E","R","BOSS","BOSS"],"items_purchased_type":["Relic","Card","Card","Relic","Relic","Relic","Card","Card","Card"],"build_version":"2020-12-22","purchased_purges":2,"victory":false,"max_hp_per_floor":[66,66,66,66,66,66,66,66,66,66,66,66,66,66,66,66,66,66,66,66,66,66,66,66,66,66,66,66,66,66,66,66,66,66,66,66,66,66,66,80,80,80,80,80,80,80,80,80,80,80,80,80],"card_choices":[{"not_picked":["Cloak And Dagger+1","Quick Slash"],"picked":"Deadly Poison+1","floor":1},{"not_picked":["Deadly Poison+1","Sucker Punch"],"picked":"Backflip+1","floor":2},{"not_picked":["Acrobatics+1","Dagger Spray"],"picked":"Dagger Throw","floor":4},{"not_picked":["Dagger Spray","Well Laid Plans"],"picked":"Deflect+1","floor":5},{"not_picked":["PiercingWail+1","Dodge and Roll+1"],"picked":"Escape Plan+1","floor":8},{"not_picked":["Poisoned Stab","Underhanded Strike"],"picked":"Finisher","floor":12},{"not_picked":["Skewer","Dodge and Roll+1"],"picked":"Night Terror+1","floor":13},{"not_picked":["Dagger Throw","Flying Knee"],"picked":"Dodge and Roll+1","floor":13},{"not_picked":["Caltrops","Prepared+1"],"picked":"Backflip+1","floor":13},{"not_picked":["Underhanded Strike","Masterful Stab"],"picked":"Cloak And Dagger+1","floor":13},{"not_picked":["Leg Sweep+1","Crippling Poison+1"],"picked":"After Image","floor":13},{"not_picked":["Infinite Blades","Flechettes","Distraction+1"],"picked":"SKIP","floor":14},{"not_picked":["Infinite Blades","Flechettes","Distraction+1"],"picked":"SKIP","floor":14},{"not_picked":["Phantasmal Killer+1","Bullet Time+1"],"picked":"Envenom","floor":16},{"not_picked":["Bouncing Flask+1","Backflip+1"],"picked":"Blur+1","floor":18},{"not_picked":["Acrobatics+1","Dash"],"picked":"Deflect+1","floor":19},{"not_picked":["Slice","Backflip+1","Infinite Blades"],"picked":"SKIP","floor":21},{"not_picked":["Dagger Throw","Heel Hook"],"picked":"PiercingWail+1","floor":22},{"not_picked":["Acrobatics+1","Skewer"],"picked":"Blade Dance+1","floor":28},{"not_picked":["Backflip+1","Sucker Punch"],"picked":"Crippling Poison+1","floor":29},{"not_picked":["Slice","Backflip+1"],"picked":"Deflect+1","floor":30},{"not_picked":["Slice","Cloak And Dagger+1"],"picked":"Blur+1","floor":31},{"not_picked":["Storm of Steel+1","Glass Knife"],"picked":"Tools of the Trade","floor":33},{"not_picked":["Dash","Poisoned Stab"],"picked":"Noxious Fumes","floor":35},{"not_picked":["Masterful Stab+1","All Out Attack"],"picked":"PiercingWail+1","floor":36},{"not_picked":["Dash","Endless Agony+1"],"picked":"Dodge and Roll+1","floor":37},{"not_picked":["Concentrate+1","Backflip+1"],"picked":"Terror+1","floor":40},{"not_picked":["Bane+1","Cloak And Dagger+1","Infinite Blades+1"],"picked":"SKIP","floor":42},{"not_picked":["Backstab","Prepared+1"],"picked":"Calculated Gamble+1","floor":44},{"not_picked":["Acrobatics+1","Flechettes+1","Backflip+1"],"picked":"SKIP","floor":45},{"not_picked":["Distraction+1","Dagger Spray"],"picked":"Venomology+1","floor":46},{"not_picked":["Predator","Cloak And Dagger+1","Backflip+1"],"picked":"SKIP","floor":47},{"not_picked":["Deadly Poison+1","Outmaneuver+1"],"picked":"Blade Dance+1","floor":48}],"player_experience":1198146,"relics_obtained":[{"floor":8,"key":"Old Coin"},{"floor":9,"key":"The Courier"},{"floor":12,"key":"Gremlin Horn"},{"floor":26,"key":"Lizard Tail"},{"floor":28,"key":"Art of War"},{"floor":30,"key":"Darkstone Periapt"},{"floor":40,"key":"Mango"},{"floor":42,"key":"Mummified Hand"},{"floor":48,"key":"Akabeko"}],"event_choices":[{"damage_healed":0,"gold_gain":0,"player_choice":"Got Potions","damage_taken":0,"max_hp_gain":0,"max_hp_loss":0,"event_name":"Lab","floor":3,"gold_loss":0},{"damage_healed":0,"gold_gain":0,"player_choice":"Ignored","damage_taken":156,"max_hp_gain":0,"max_hp_loss":0,"event_name":"betterThird:BetterSerpent","floor":7,"gold_loss":0},{"damage_healed":0,"gold_gain":0,"player_choice":"RE ","damage_taken":19,"relics_obtained":["Vajra"],"max_hp_gain":0,"max_hp_loss":0,"event_name":"betterSkull:BetterSkull","floor":11,"gold_loss":0,"cards_upgraded":[]},{"damage_healed":0,"gold_gain":0,"player_choice":"Upgraded","damage_taken":0,"max_hp_gain":0,"max_hp_loss":0,"event_name":"Upgrade Shrine","floor":25,"gold_loss":0,"cards_upgraded":["Finisher"]},{"damage_healed":0,"gold_gain":0,"player_choice":"Copied","damage_taken":0,"max_hp_gain":0,"max_hp_loss":0,"event_name":"Duplicator","floor":38,"gold_loss":0,"cards_obtained":["Night Terror"]}],"is_beta":false,"boss_relics":[{"not_picked":["Coffee Dripper","Cursed Key"],"picked":"Ring of the Serpent"},{"not_picked":["WristBlade","Tiny House"],"picked":"Sozu"}],"items_purged_floors":[0,20],"is_endless":false,"potions_floor_spawned":[8,14,16,22,28,29,31,36,37,40,45],"killed_by":"Time Eater","ascension_level":20}}