{"host":"uclt3t1usqzz4m5p","time":1609384124,"event":{"mods":["AchievementEnabler","Arknights The Spire","BaseMod","Better Altar","Better Match","Better Sensory Stone","Better Skull","Better Third Choice","Booster Modes","Card Forge","Colored Powertips","Displayed Cursed Tome","Evolution","GifTheSpireLib","Gremlin Skip","Minty Spire (QoL Compilation)","Permanent Neow","Quick Restart","StSLib","SuperFastMode","The Caster","The Mystic","WarShipGirlsR/????R mod"],"gold_per_floor":[119,134,145,110,90,90,105,140,140,140,157,175,175,175,175,277,277,262,262,262,276,288,288,50,50,50,50,63,63,13,13,13,111,111,125,125,142,59,77,77,106,121,144,164,164,178,178,178,178,178],"floor_reached":51,"playtime":3266,"items_purged":[],"score":702,"play_id":"3e818380-6ccf-4953-b18f-84dcf4eba9f1","local_time":"20201230190844","is_ascension_mode":false,"campfire_choices":[{"data":"rmod:desperatesituation","floor":6,"key":"SMITH"},{"data":"rmod:fuelsupply","floor":10,"key":"SMITH"},{"floor":15,"key":"REST"},{"data":"rmod:steelsupply","floor":23,"key":"SMITH"},{"data":"rmod:aluminumsupply","floor":25,"key":"SMITH"},{"data":"rmod:expedition","floor":27,"key":"SMITH"},{"data":"rmod:expedition+1","floor":29,"key":"SMITH"},{"data":"rmod:expedition+2","floor":32,"key":"SMITH"},{"floor":40,"key":"REST"},{"floor":45,"key":"REST"},{"floor":47,"key":"REST"},{"floor":49,"key":"REST"}],"circlet_count":0,"master_deck":["rmod:defend","rmod:defend","rmod:defend","rmod:defend","rmod:basicallowance+1","rmod:maingunfire","rmod:aluminumsupply+1","rmod:victimresponsibility","rmod:firesupport","rmod:desperatesituation+1","rmod:fuelsupply+1","rmod:steelsupply+1","rmod:luckystar","rmod:supriseattacks","CurseOfTheBell","rmod:firesupport","Bite","Bite","Bite","Bite","Bite","rmod:fuelsupply+1","rmod:supportescort+1","rmod:expedition+3","rmod:smokecover","Finesse","rmod:fletcherpendant","rmod:expeditionaryescort","rmod:firesupport+1","rmod:wolves","rmod:circuitoustactics+1","Dark Shackles","rmod:firesupport+1","rmod:firesupport+1"],"relics":["rmod:firstchargereward","Hammer of Thor","Seething Fire","Anvil of the Gods","EVO:Axolotl","Nunchaku","Smiling Mask","Potion Belt","Akabeko","Calling Bell","Art of War","Ornamental Fan","Thread and Needle","MutagenicStrength","Pantograph","Fusion Hammer","Lizard Tail","Orichalcum"],"acts_visited":["Exordium","TheCity","TheBeyond"],"potions_floor_usage":[16,16,35,35,35,41,44,50],"damage_taken":[{"damage":0,"enemies":"Jaw Worm","floor":1,"turns":4},{"damage":3,"enemies":"Small Slimes","floor":2,"turns":3},{"damage":0,"enemies":"2 Louse","floor":3,"turns":3},{"damage":0,"enemies":"Large Slime","floor":7,"turns":4},{"damage":31,"enemies":"3 Sentries","floor":8,"turns":9},{"damage":20,"enemies":"Red Slaver","floor":11,"turns":5},{"damage":12,"enemies":"Blue Slaver","floor":12,"turns":6},{"damage":22,"enemies":"Slime Boss","floor":16,"turns":10},{"damage":16,"enemies":"2 Thieves","floor":18,"turns":4},{"damage":14,"enemies":"Shell Parasite","floor":21,"turns":5},{"damage":0,"enemies":"Shelled Parasite and Fungi","floor":22,"turns":4},{"damage":0,"enemies":"Snecko","floor":28,"turns":7},{"damage":75,"enemies":"Collector","floor":33,"turns":15},{"damage":0,"enemies":"Orb Walker","floor":35,"turns":4},{"damage":0,"enemies":"3 Shapes","floor":37,"turns":4},{"damage":40,"enemies":"Spire Growth","floor":39,"turns":7},{"damage":8,"enemies":"Reptomancer","floor":41,"turns":7},{"damage":0,"enemies":"Transient","floor":42,"turns":7},{"damage":9,"enemies":"Sphere and 2 Shapes","floor":44,"turns":5},{"damage":0,"enemies":"Maw","floor":46,"turns":6},{"damage":53,"enemies":"Donu and Deca","floor":50,"turns":11}],"seed_played":"-8414221431883156542","potions_obtained":[{"floor":3,"key":"Regen Potion"},{"floor":8,"key":"DistilledChaos"},{"floor":16,"key":"Energy Potion"},{"floor":33,"key":"DistilledChaos"},{"floor":35,"key":"Fruit Juice"},{"floor":41,"key":"FearPotion"},{"floor":44,"key":"Energy Potion"}],"is_trial":false,"path_per_floor":["M","M","M","?","?","R","M","E","T","R","M","M","?","T","R","B",null,"M","?","?","M","M","R","$","R","T","R","M","R","$","?","R","B",null,"M","?","M","$","M","R","E","M","T","M","R","M","R","?","R","B",null],"character_chosen":"PRAEFECT","items_purchased":["rmod:expedition","rmod:smokecover","Finesse","SkillPotion","Dark Shackles"],"campfire_rested":5,"item_purchase_floors":[24,24,24,30,38],"current_hp_per_floor":[75,72,72,75,75,75,75,44,44,44,24,12,5,5,27,14,75,59,52,52,42,50,50,50,50,50,50,52,52,52,52,52,7,52,52,52,52,52,18,33,44,57,57,52,57,57,57,54,54,23],"gold":178,"neow_bonus":"UPGRADE_CARD","is_daily":false,"chose_seed":false,"campfire_upgraded":7,"win_rate":0.0,"timestamp":1609384124,"path_taken":["M","M","M","?","?","R","M","E","T","R","M","?","?","?","R","BOSS","M","?","?","M","M","R","$","R","T","R","M","R","$","?","R","BOSS","M","?","?","$","M","R","E","M","T","M","R","M","R","?","R","BOSS"],"items_purchased_type":["Card","Card","Card","Potion","Card"],"build_version":"2020-12-22","purchased_purges":0,"victory":true,"max_hp_per_floor":[75,75,75,75,75,75,75,75,75,75,75,75,75,75,75,75,75,75,52,52,52,52,52,52,52,52,52,52,52,52,52,52,52,52,52,52,52,52,52,52,57,57,57,57,57,57,57,54,54,54],"card_choices":[{"not_picked":["rmod:intelligenceanalysis","rmod:victimresponsibility"],"picked":"rmod:aluminumsupply","floor":1},{"not_picked":["rmod:generalist","rmod:tearstotiara"],"picked":"rmod:victimresponsibility","floor":2},{"not_picked":["rmod:goodsister","rmod:gendarmerie"],"picked":"rmod:firesupport","floor":3},{"not_picked":[],"picked":"rmod:sl","floor":5},{"not_picked":[],"picked":"rmod:desperatesituation","floor":5},{"not_picked":["rmod:supportescort","rmod:victimresponsibility","rmod:timeschanged"],"picked":"SKIP","floor":7},{"not_picked":["rmod:supportescort","rmod:victimresponsibility","rmod:timeschanged"],"picked":"SKIP","floor":7},{"not_picked":["rmod:goodsister","rmod:punchline"],"picked":"rmod:fuelsupply","floor":8},{"not_picked":["rmod:unsinkable","rmod:fuelsupply"],"picked":"rmod:steelsupply","floor":11},{"not_picked":["rmod:firesupport","rmod:rockthrower"],"picked":"rmod:luckystar","floor":12},{"not_picked":["rmod:abidefaith","rmod:u235"],"picked":"rmod:supriseattacks","floor":16},{"not_picked":["rmod:intelligenceanalysis","rmod:goodfighter"],"picked":"rmod:firesupport","floor":18},{"not_picked":["rmod:goodfighter","rmod:aluminumsupply"],"picked":"rmod:fuelsupply+1","floor":21},{"not_picked":["rmod:firesupport","rmod:intelligenceanalysis"],"picked":"rmod:supportescort+1","floor":22},{"not_picked":["rmod:fuelsupply+1","rmod:aluminumsupply+1"],"picked":"rmod:fletcherpendant","floor":28},{"not_picked":["rmod:ridicule","rmod:supriseattacks"],"picked":"rmod:expeditionaryescort","floor":33},{"not_picked":["rmod:rockthrower+1","rmod:aluminumsupply+1"],"picked":"rmod:firesupport+1","floor":35},{"not_picked":["rmod:intelligenceanalysis","rmod:goodfighter"],"picked":"rmod:circuitoustactics+1","floor":37},{"not_picked":["rmod:diamondstrike","rmod:unsinkable","rmod:supportescort+1"],"picked":"SKIP","floor":39},{"not_picked":["rmod:aggressivemary","rmod:diamondstrike"],"picked":"rmod:firesupport+1","floor":41},{"not_picked":["rmod:launchingtorpedo+1","rmod:rockthrower","rmod:intelligenceanalysis"],"picked":"SKIP","floor":42},{"not_picked":["rmod:diamondstrike+1","rmod:unsinkable"],"picked":"rmod:firesupport+1","floor":44},{"not_picked":["rmod:ridicule","rmod:intelligenceanalysis","rmod:aviationdawn+1"],"picked":"SKIP","floor":46}],"player_experience":578146,"relics_obtained":[{"floor":8,"key":"Nunchaku"},{"floor":9,"key":"Smiling Mask"},{"floor":14,"key":"Akabeko"},{"floor":17,"key":"Art of War"},{"floor":17,"key":"Ornamental Fan"},{"floor":17,"key":"Thread and Needle"},{"floor":26,"key":"Pantograph"},{"floor":41,"key":"Lizard Tail"},{"floor":43,"key":"Orichalcum"}],"event_choices":[{"damage_healed":18,"gold_gain":0,"player_choice":"Healed","damage_taken":0,"max_hp_gain":0,"max_hp_loss":0,"event_name":"The Cleric","floor":4,"gold_loss":35},{"damage_healed":0,"gold_gain":0,"player_choice":"Relic ","damage_taken":7,"max_hp_gain":0,"max_hp_loss":0,"event_name":"betterThird:BetterScrap","floor":13,"gold_loss":0,"cards_obtained":["Electrodynamics"]},{"damage_healed":0,"gold_gain":0,"player_choice":"Became a vampire","damage_taken":0,"max_hp_gain":0,"max_hp_loss":23,"event_name":"Vampires","floor":19,"gold_loss":0,"cards_obtained":["Bite","Bite","Bite","Bite","Bite"]},{"damage_healed":0,"gold_gain":0,"player_choice":"Inject Mutagens","damage_taken":0,"relics_obtained":["MutagenicStrength"],"max_hp_gain":0,"max_hp_loss":0,"event_name":"Drug Dealer","floor":20,"gold_loss":0},{"damage_healed":0,"gold_gain":0,"player_choice":"Ignored","damage_taken":0,"max_hp_gain":0,"max_hp_loss":0,"event_name":"Ghosts","floor":31,"gold_loss":0},{"damage_healed":0,"gold_gain":0,"cards_transformed":["rmod:sl"],"player_choice":"Transformed","damage_taken":0,"max_hp_gain":0,"max_hp_loss":0,"event_name":"Transmorgrifier","floor":36,"gold_loss":0,"cards_obtained":["rmod:wolves"]},{"damage_healed":0,"gold_gain":0,"player_choice":"Max HP","damage_taken":0,"max_hp_gain":0,"max_hp_loss":3,"event_name":"Winding Halls","floor":48,"gold_loss":0}],"is_beta":false,"boss_relics":[{"not_picked":["Busted Crown","Pandora\u0027s Box"],"picked":"Calling Bell"},{"not_picked":["Black Star","SlaversCollar"],"picked":"Fusion Hammer"}],"items_purged_floors":[],"is_endless":false,"potions_floor_spawned":[3,8,16,33,35,41,44],"ascension_level":0}}