{"host":"0rb2tceimqc8yymn","time":1609439052,"event":{"mods":["BaseMod","Minty Spire (QoL Compilation)","StSLib"],"gold_per_floor":[112,287,362,362,382,382,412,66,66,118,118,173,173,193,193,294,294,338,382,282,347,415,469,469,504,504,545,545,572,572,650,650,748,748,767,807,807,846,373,373,440,440,440,472,126,180,255,289,289,289],"floor_reached":51,"playtime":4023,"items_purged":["Doubt","Defend_B","Strike_B","Strike_B"],"score":1025,"play_id":"8c67c686-ecb5-4af6-9932-63a2c2082744","local_time":"20210101022412","is_ascension_mode":true,"campfire_choices":[{"data":"Recycle","floor":6.0,"key":"SMITH"},{"data":"HandOfGreed","floor":11.0,"key":"SMITH"},{"data":"Hologram","floor":13.0,"key":"SMITH"},{"data":"Turbo","floor":15.0,"key":"SMITH"},{"data":"Dualcast","floor":24.0,"key":"SMITH"},{"data":"Turbo","floor":28.0,"key":"SMITH"},{"data":"Hologram","floor":32.0,"key":"SMITH"},{"data":"Fission","floor":40.0,"key":"SMITH"},{"data":"Coolheaded","floor":42.0,"key":"SMITH"},{"floor":49,"key":"RECALL"}],"circlet_count":0,"master_deck":["Defend_B+1","Defend_B","Defend_B","Zap+1","Dualcast+1","Cold Snap","Recycle+1","Hologram+1","Blizzard","HandOfGreed+1","Skim","Cold Snap","Turbo+1","All For One","Coolheaded+1","White Noise+1","Turbo+1","Hologram+1","Coolheaded+1","Hologram+1","Coolheaded","Fission+1","Hologram","Recycle+1","Defragment+1","Sunder+1"],"relics":["Cracked Core","NeowsBlessing","FossilizedHelix","MealTicket","War Paint","Coffee Dripper","Question Card","Mango","Happy Flower","Bronze Scales","Empty Cage","Membership Card","Cables","Gremlin Horn","InkBottle","Blood Vial","Ice Cream","Bag of Preparation","Calipers","StoneCalendar","Pocketwatch"],"acts_visited":["Exordium","TheCity","TheBeyond"],"potions_floor_usage":[50,50,50,50,50],"damage_taken":[{"damage":0.0,"enemies":"Small Slimes","floor":1.0,"turns":1.0},{"damage":0.0,"enemies":"2 Louse","floor":5.0,"turns":1.0},{"damage":0.0,"enemies":"Gremlin Nob","floor":7.0,"turns":1.0},{"damage":14.0,"enemies":"3 Sentries","floor":10.0,"turns":6.0},{"damage":12.0,"enemies":"Gremlin Nob","floor":12.0,"turns":5.0},{"damage":0.0,"enemies":"Cultist","floor":14.0,"turns":2.0},{"damage":24.0,"enemies":"Hexaghost","floor":16.0,"turns":8.0},{"damage":0.0,"enemies":"3 Byrds","floor":18.0,"turns":4.0},{"damage":5.0,"enemies":"Shell Parasite","floor":19.0,"turns":6.0},{"damage":3.0,"enemies":"3 Cultists","floor":21.0,"turns":5.0},{"damage":22.0,"enemies":"Centurion and Healer","floor":22.0,"turns":5.0},{"damage":15.0,"enemies":"Book of Stabbing","floor":23.0,"turns":5.0},{"damage":10.0,"enemies":"Snake Plant","floor":25.0,"turns":4.0},{"damage":21.0,"enemies":"Shelled Parasite and Fungi","floor":27.0,"turns":3.0},{"damage":0.0,"enemies":"Gremlin Leader","floor":29.0,"turns":6.0},{"damage":7.0,"enemies":"Slavers","floor":31.0,"turns":6.0},{"damage":34.0,"enemies":"Collector","floor":33.0,"turns":9.0},{"damage":0.0,"enemies":"Orb Walker","floor":35.0,"turns":4.0},{"damage":0.0,"enemies":"3 Darklings","floor":36.0,"turns":5.0},{"damage":18.0,"enemies":"Sphere and 2 Shapes","floor":38.0,"turns":4.0},{"damage":16.0,"enemies":"Jaw Worm Horde","floor":41.0,"turns":2.0},{"damage":27.0,"enemies":"Nemesis","floor":44.0,"turns":7.0},{"damage":0.0,"enemies":"Giant Head","floor":46.0,"turns":4.0},{"damage":0,"enemies":"Mind Bloom Boss Battle","floor":47,"turns":5},{"damage":0,"enemies":"Nemesis","floor":48,"turns":5},{"damage":32,"enemies":"Time Eater","floor":50,"turns":12}],"seed_played":"6873854929681636921","potions_obtained":[{"floor":5.0,"key":"Fire Potion"},{"floor":7.0,"key":"Swift Potion"},{"floor":10.0,"key":"Fire Potion"},{"floor":19.0,"key":"AttackPotion"},{"floor":23.0,"key":"BlessingOfTheForge"},{"floor":27.0,"key":"Explosive Potion"},{"floor":29.0,"key":"EntropicBrew"},{"floor":31.0,"key":"EssenceOfSteel"},{"floor":35.0,"key":"SteroidPotion"},{"floor":47,"key":"SmokeBomb"}],"is_trial":false,"path_per_floor":["M","?","?","?","M","R","E","$","T","E","R","E","R","M","R","B",null,"M","M","$","M","M","E","R","M","T","M","R","E","?","E","R","B",null,"M","M","?","M","$","R","M","R","T","E","$","E","?","E","R","B",null],"character_chosen":"DEFECT","items_purchased":["Blizzard","HandOfGreed","Skim","Membership Card","Cables","Gremlin Horn","Ice Cream","Bag of Preparation","EntropicBrew"],"campfire_rested":0,"item_purchase_floors":[8,8,8,39,39,39,45,45,45],"current_hp_per_floor":[75,75,64,57,57,57,57,57,57,43,43,31,31,31,31,7,75,75,70,75,72,50,35,35,25,39,18,18,18,47,40,40,6,89,89,89,89,71,86,86,70,70,70,43,58,60,62,64,64,34],"gold":289,"neow_bonus":"THREE_ENEMY_KILL","is_daily":false,"chose_seed":false,"campfire_upgraded":9,"win_rate":0.0,"timestamp":1609439052,"path_taken":["M","?","?","?","M","R","E","$","T","E","R","E","R","M","R","BOSS","M","M","$","?","M","E","R","M","T","M","R","E","?","E","R","BOSS","M","M","?","M","$","R","?","R","T","E","?","E","?","E","R","BOSS"],"items_purchased_type":["Card","Card","Card","Relic","Relic","Relic","Relic","Relic","Potion"],"build_version":"2020-12-22","purchased_purges":4,"victory":true,"max_hp_per_floor":[75,75,75,75,75,75,75,75,75,75,75,75,75,75,75,75,75,75,75,75,75,75,75,75,75,89,89,89,89,89,89,89,89,89,89,89,89,89,89,89,89,89,89,89,89,89,89,89,89,89],"card_choices":[{"not_picked":["Turbo","Gash"],"picked":"Cold Snap","floor":1.0},{"not_picked":["Ball Lightning","Steam"],"picked":"Recycle","floor":5.0},{"not_picked":["Ball Lightning","Sweeping Beam"],"picked":"Hologram","floor":7.0},{"not_picked":["Rebound","Rainbow","Stack"],"picked":"SKIP","floor":10.0},{"not_picked":["Aggregate","Reinforced Body"],"picked":"Cold Snap","floor":12.0},{"not_picked":["Fusion","Lockon"],"picked":"Turbo","floor":14.0},{"not_picked":["Electrodynamics","Seek"],"picked":"All For One","floor":16.0},{"not_picked":["Doom and Gloom","Reinforced Body"],"picked":"Coolheaded","floor":18.0},{"not_picked":["Gash","Beam Cell"],"picked":"White Noise+1","floor":19.0},{"not_picked":["Compile Driver","Barrage"],"picked":"Turbo","floor":21.0},{"not_picked":["Redo","Stack+1","Genetic Algorithm"],"picked":"SKIP","floor":22.0},{"not_picked":["Ball Lightning","Steam","Rip and Tear"],"picked":"SKIP","floor":23.0},{"not_picked":["Conserve Battery","Meteor Strike","Stack+1"],"picked":"Hologram+1","floor":25.0},{"not_picked":["Turbo+1","BootSequence","Beam Cell"],"picked":"Coolheaded+1","floor":27.0},{"not_picked":["Steam","Steam Power","Fusion+1"],"picked":"Hologram","floor":29.0},{"not_picked":["Genetic Algorithm","Conserve Battery","Consume"],"picked":"Coolheaded","floor":31.0},{"not_picked":["Rainbow","Core Surge","Meteor Strike"],"picked":"Fission","floor":33.0},{"not_picked":["Consume+1","Chaos+1","Conserve Battery+1","Fusion+1"],"picked":"SKIP","floor":35.0},{"not_picked":["Melter+1","Rebound","Storm+1"],"picked":"Hologram","floor":36.0},{"not_picked":["Barrage+1","Beam Cell","Conserve Battery+1"],"picked":"Recycle+1","floor":38.0},{"not_picked":["Go for the Eyes+1","Melter+1","Streamline"],"picked":"Defragment+1","floor":41.0},{"not_picked":["Go for the Eyes","Reboot","Ball Lightning"],"picked":"Sunder+1","floor":44.0},{"not_picked":["Hologram","Gash","Compile Driver+1","Capacitor+1"],"picked":"SKIP","floor":46.0},{"not_picked":["Heatsinks+1","Gash","Redo+1","Streamline+1"],"picked":"SKIP","floor":48}],"player_experience":144546,"relics_obtained":[{"floor":7.0,"key":"FossilizedHelix"},{"floor":10.0,"key":"MealTicket"},{"floor":12.0,"key":"War Paint"},{"floor":23.0,"key":"Question Card"},{"floor":26.0,"key":"Mango"},{"floor":29.0,"key":"Happy Flower"},{"floor":31.0,"key":"Bronze Scales"},{"floor":43.0,"key":"InkBottle"},{"floor":44.0,"key":"Blood Vial"},{"floor":46.0,"key":"Calipers"},{"floor":47,"key":"StoneCalendar"},{"floor":48,"key":"Pocketwatch"}],"event_choices":[{"damage_healed":0.0,"max_hp_gain":0.0,"max_hp_loss":0.0,"gold_gain":175.0,"event_name":"Liars Game","player_choice":"AGREE","floor":2.0,"gold_loss":0.0,"damage_taken":0.0,"cards_obtained":["Doubt"]},{"damage_healed":0.0,"max_hp_gain":0.0,"max_hp_loss":0.0,"gold_gain":75.0,"event_name":"World of Goop","player_choice":"Gather Gold","floor":3.0,"gold_loss":0.0,"damage_taken":11.0},{"damage_healed":0.0,"max_hp_gain":0.0,"max_hp_loss":0.0,"gold_gain":0.0,"event_name":"Wheel of Change","player_choice":"Damaged","floor":4.0,"gold_loss":0.0,"damage_taken":7.0},{"damage_healed":29.0,"max_hp_gain":0.0,"max_hp_loss":0.0,"gold_gain":0.0,"event_name":"The Library","player_choice":"Heal","floor":30.0,"gold_loss":0.0,"damage_taken":0.0},{"damage_healed":0.0,"max_hp_gain":0.0,"max_hp_loss":0.0,"gold_gain":0.0,"event_name":"Lab","player_choice":"Got Potions","floor":37.0,"gold_loss":0.0,"damage_taken":0.0},{"damage_healed":0,"gold_gain":0,"player_choice":"Fight","damage_taken":0,"max_hp_gain":0,"max_hp_loss":0,"event_name":"MindBloom","floor":47,"gold_loss":0}],"is_beta":false,"boss_relics":[{"not_picked":["Astrolabe","Tiny House"],"picked":"Coffee Dripper"},{"not_picked":["SacredBark","Velvet Choker"],"picked":"Empty Cage"}],"items_purged_floors":[8,20,39,45],"is_endless":false,"potions_floor_spawned":[5,7,10,19,23,27,29,31,35,47],"ascension_level":2}}