{"host":"3y33rrrkia6pkpow","time":1609450191,"event":{"mods":["2.2 Compatiblity","AchievementEnabler","Act Like it!","BaseMod","BetterRewards","Colored Map","Gensokyo","Minty Spire (QoL Compilation)","Quick Restart","Replay The Spire","Shop Mod","Spicy Shops","StSLib","Synergy Search","The Animator"],"gold_per_floor":[119,147,147,49,49,77,77,77,77,96,113,113,147,10,10,109,109,127,146,146,166,185,185,227,227,251,251,280,280,28,56,56,158,158,170,170,36,53,53,53,69,69,69],"floor_reached":42,"playtime":3605,"items_purged":[],"score":903,"play_id":"26d66d92-3d7c-47de-bc6e-110cad56dd70","local_time":"20201231152951","is_ascension_mode":true,"campfire_choices":[{"floor":8.0,"key":"REST"},{"floor":12.0,"key":"REST"},{"data":"animator:SwordMaiden","floor":15.0,"key":"SMITH"},{"floor":23.0,"key":"REST"},{"floor":25.0,"key":"REST"},{"data":"animator:DolaStephanie","floor":27.0,"key":"SMITH"},{"data":"animator:Arpeggio","floor":32.0,"key":"SMITH"},{"floor":40,"key":"REST"}],"circlet_count":0,"master_deck":["AscendersBane","animator:Strike_GATE","animator:Defend_GATE","animator:Strike+1","animator:Defend","animator:Defend","animator:TukaLunaMarceau+1","animator:Kuribayashi+1","animator:Hakurou","animator:PandorasActor","animator:RoryMercury","ReplayTheSpireMod:IOU","animator:Shinoa","animator:UneriGinkaku","animator:GazelDwargon","animator:Kuribayashi","animator:Shizu","animator:PandorasActor","animator:SwordMaiden+1","Parasite","animator:HigakiRinne","AbeCurse","animator:Bozes","animator:LeleiLaLalena+1","animator:TukaLunaMarceau","animator:Millim+2","animator:Kuribayashi","Gensokyo:FourOfAKind","Gensokyo:FourOfAKind","Gensokyo:FourOfAKind","Gensokyo:FourOfAKind","animator:Kuribayashi","animator:HiiragiShinya","animator:DolaStephanie+1","animator:CrowleyEusford","animator:HinaKagiyama","animator:Curse_Dizziness","animator:Emilia","animator:Arpeggio+1","ReplayTheSpireMod:IOU","animator:NarberalGamma","animator:DolaSchwi","animator:Emonzaemon","animator:HigakiRinne","animator:Viivi+1","animator:Spearman+1","animator:UneriGinkaku"],"relics":["animator:LivingPicture","animator:TheMissingPiece","animator:PurgingStone","NeowsBlessing","Replay:Wax Seal","Whetstone","Mango","ReplayTheSpireMod:Shallot","Matryoshka","Lee\u0027s Waffle","Pocketwatch","Replay:Grab Bag","Abe\u0027s Treasure","Philosopher\u0027s Stone","animator:RacePiece","animator:CursedBlade","InkBottle","Red Skull","War Paint","ReplayTheSpireMod:Ninjato","Vajra","Black Star","Ice Cream"],"acts_visited":["Exordium","Gensokyo:Gensokyo","Gensokyo:Gensokyoer"],"potions_floor_usage":[],"damage_taken":[{"damage":0.0,"enemies":"Gensokyo:Gryphon","floor":1.0,"turns":1.0},{"damage":0.0,"enemies":"Gensokyo:3_Fairies","floor":2.0,"turns":2.0},{"damage":0.0,"enemies":"Gensokyo:Cirno","floor":6.0,"turns":2.0},{"damage":0.0,"enemies":"Gensokyo:2_Kodama","floor":10.0,"turns":4.0},{"damage":17.0,"enemies":"Gensokyo:5_Fairies","floor":11.0,"turns":6.0},{"damage":29.0,"enemies":"Gensokyo:Aya","floor":13.0,"turns":7.0},{"damage":16.0,"enemies":"Gensokyo:Kokoro","floor":16.0,"turns":10.0},{"damage":0.0,"enemies":"Gensokyo:2_Gloops","floor":18.0,"turns":3.0},{"damage":0.0,"enemies":"Gensokyo:CosmicMonolith","floor":19.0,"turns":2.0},{"damage":10.0,"enemies":"Gensokyo:Slime_Group","floor":21.0,"turns":3.0},{"damage":33.0,"enemies":"Gensokyo:Wraith","floor":22.0,"turns":5.0},{"damage":0.0,"enemies":"Gensokyo:Reisen","floor":24.0,"turns":4.0},{"damage":1.0,"enemies":"Gensokyo:Koishi","floor":28.0,"turns":4.0},{"damage":4.0,"enemies":"Gensokyo:Tenshi","floor":31.0,"turns":4.0},{"damage":44.0,"enemies":"Gensokyo:Eiki","floor":33.0,"turns":8.0},{"damage":5.0,"enemies":"Gensokyo:AncientGuardian","floor":35.0,"turns":3.0},{"damage":14,"enemies":"Gensokyo:3_Boulders","floor":38,"turns":4},{"damage":30,"enemies":"Gensokyo:Rafflesia","floor":41,"turns":5},{"damage":35,"enemies":"Gensokyo:Marisa","floor":42,"turns":3}],"seed_played":"3250092234373564911","potions_obtained":[{"floor":10.0,"key":"Toxic Potion"},{"floor":13.0,"key":"CultistPotion"},{"floor":16.0,"key":"Adrenaline Potion"},{"floor":24.0,"key":"SpeedPotion"},{"floor":28.0,"key":"Milkshake"}],"is_trial":false,"path_per_floor":["M","M","?","$","?","E","?","R","T","M","M","R","E","$","R","B",null,"M","M","?","M","M","R","E","R","T","R","E","?","$","E","R","B",null,"M","?","$","M","?","R","M","E"],"character_chosen":"THE_ANIMATOR","items_purchased":["Replay:Wax Seal","animator:RoryMercury","animator:Shinoa","Lee\u0027s Waffle","Pocketwatch","animator:Emilia","animator:Arpeggio","animator:NarberalGamma","animator:DolaSchwi","animator:Millim","Ice Cream"],"campfire_rested":5,"item_purchase_floors":[4,4,4,14,14,30,30,30,30,37,37],"current_hp_per_floor":[59,59,53,53,53,53,46,70,70,70,53,77,48,87,87,71,83,83,83,61,51,18,36,36,54,54,54,53,53,53,49,49,5,47,42,42,42,28,28,46,16,0,0],"gold":69,"neow_bonus":"THREE_ENEMY_KILL","is_daily":false,"chose_seed":false,"campfire_upgraded":3,"win_rate":0.0,"timestamp":1609450191,"path_taken":["M","?","?","?","?","E","?","R","T","?","M","R","E","$","R","BOSS","M","M","?","M","?","R","E","R","T","R","E","?","$","E","R","BOSS","M","?","$","?","?","R","?","E"],"items_purchased_type":["Relic","Card","Card","Relic","Relic","Card","Card","Card","Card","Card","Relic"],"build_version":"2020-12-22","purchased_purges":0,"victory":false,"max_hp_per_floor":[66,66,66,66,66,66,80,80,80,80,80,80,80,87,87,87,87,87,87,61,61,61,61,61,61,61,61,61,61,61,61,61,61,61,61,61,61,61,61,61,61,61,61],"card_choices":[{"not_picked":["animator:Shion","animator:MaesHughes"],"picked":"animator:Hakurou","floor":1.0},{"not_picked":["animator:Arpeggio","animator:Tet"],"picked":"animator:PandorasActor","floor":2.0},{"not_picked":["animator:ElricEdward","animator:Sebas"],"picked":"animator:UneriGinkaku","floor":5.0},{"not_picked":["animator:Togame","animator:OrikoMikuni"],"picked":"animator:GazelDwargon","floor":5.0},{"not_picked":["animator:MaesHughes","animator:LizardPriest"],"picked":"animator:Kuribayashi","floor":6.0},{"not_picked":["animator:GazelDwargon","animator:Vesta"],"picked":"animator:Shizu","floor":10.0},{"not_picked":["animator:Sloth","animator:Kaijin"],"picked":"animator:PandorasActor","floor":11.0},{"not_picked":["animator:DolaSchwi","animator:Shalltear"],"picked":"animator:SwordMaiden","floor":13.0},{"not_picked":["animator:Greed","animator:Ainz"],"picked":"animator:HigakiRinne","floor":16.0},{"not_picked":["animator:Gillette","animator:DwarfShaman+1"],"picked":"animator:Millim+1","floor":18.0},{"not_picked":["animator:Tyuule","animator:Arpeggio"],"picked":"animator:Kuribayashi","floor":19.0},{"not_picked":["animator:Priestess","animator:TukaLunaMarceau"],"picked":"animator:Kuribayashi","floor":21.0},{"not_picked":["animator:CowGirl+1","animator:Kaijin+1"],"picked":"animator:HiiragiShinya","floor":22.0},{"not_picked":["animator:Yoichi","animator:DolaCouronne"],"picked":"animator:DolaStephanie","floor":24.0},{"not_picked":["animator:Shigure","animator:KrulTepes"],"picked":"animator:CrowleyEusford","floor":28.0},{"not_picked":["animator:Pride","animator:ElricEdward+1"],"picked":"animator:Emonzaemon","floor":31.0},{"not_picked":["animator:Sora","animator:Shiro"],"picked":"animator:HigakiRinne","floor":33.0},{"not_picked":["animator:Vesta","animator:RoyMustang"],"picked":"animator:Viivi+1","floor":35.0},{"not_picked":["animator:TukaLunaMarceau","animator:RoyMustang"],"picked":"animator:Spearman+1","floor":38},{"not_picked":["animator:ZankiKiguchi","animator:Emonzaemon"],"picked":"animator:UneriGinkaku","floor":41}],"player_experience":813949,"relics_obtained":[{"floor":6.0,"key":"Whetstone"},{"floor":9.0,"key":"ReplayTheSpireMod:Shallot"},{"floor":13.0,"key":"Matryoshka"},{"floor":24.0,"key":"InkBottle"},{"floor":26.0,"key":"Red Skull"},{"floor":26.0,"key":"War Paint"},{"floor":28.0,"key":"ReplayTheSpireMod:Ninjato"},{"floor":31.0,"key":"Vajra"}],"event_choices":[],"is_beta":false,"boss_relics":[{"not_picked":["Fusion Hammer","SlaversCollar"],"picked":"Replay:Grab Bag"},{"not_picked":["ChewingGum","ReplayTheSpireMod:Onyx Gauntlets"],"picked":"Abe\u0027s Treasure"},{"not_picked":["Ectoplasm","Replay:Wanted Poster"],"picked":"Philosopher\u0027s Stone"},{"not_picked":["Replay:Drink Me","Empty Cage"],"picked":"animator:RacePiece"},{"not_picked":["Calling Bell","animator:HolyGrailRelic"],"picked":"animator:CursedBlade"},{"not_picked":["Tiny House","Astrolabe"],"picked":"Black Star"}],"items_purged_floors":[],"is_endless":false,"potions_floor_spawned":[10,13,16,19,24,28,33],"killed_by":"Gensokyo:Marisa","ascension_level":10}}