{"host":"odz7g4gpgch153rb","time":1609433978,"event":{"mods":["AchievementEnabler","BaseMod","Better Match","Better Third Choice","BetterRewards","GifTheSpireLib","Infinite Spire","Jedi Mod","Minty Spire (QoL Compilation)","Quick Restart","Replay The Spire","Spikes Relics","StSLib","Stuff the Spire","The Blue Laboratory","Trackpad"],"gold_per_floor":[115,115,39,110,130,130,160,160,160,160,178,192,66,84,84,188,188,208,223,27,45,65,65,79,79,79,79,97,114,128,128,128,237,237,270,306,58,108,128,167,167,167,167,198,158,158,199,228,228,228],"floor_reached":51,"playtime":3332,"items_purged":["Strike_P","Strike_P","Strike_P"],"score":1515,"play_id":"1aa29fcd-6132-4073-987d-0461ff2266d7","local_time":"20201231115938","is_ascension_mode":true,"campfire_choices":[{"data":"BattleHymn","floor":6,"key":"SMITH"},{"data":"Eruption","floor":8,"key":"SMITH"},{"data":"SandsOfTime","floor":10,"key":"SMITH"},{"data":"Establishment","floor":15,"key":"SMITH"},{"floor":23,"key":"REST"},{"data":"Vigilance","floor":25,"key":"SMITH"},{"floor":32,"key":"REST"},{"floor":41,"key":"REST"},{"floor":46,"key":"REST"},{"floor":49,"key":"REST"}],"circlet_count":0,"master_deck":["AscendersBane","Strike_P+1","Defend_P","Defend_P+1","Defend_P+1","Defend_P+1","Eruption+1","Vigilance+1","SandsOfTime+1","BattleHymn+1","TalkToTheHand","Establishment+1","FlyingSleeves+1","ConjureBlade+1","CurseOfTheBell","FollowUp","Conclude","Consecrate+1","infinitespire:Gouge+1","SandsOfTime+1"],"relics":["PureWater","NeowsBlessing","Prayer Wheel","Ornamental Fan","Calling Bell","War Paint","Mummified Hand","Ginger","jedi:crownofsimplicity","Snack Pack","Fusion Hammer","infinitespire:EmpoweringShard","infinitespire:EvilPickle","Whetstone","jedi:gremlinknob","RollingBoulder","Gremlin Food","PreservedInsect"],"acts_visited":["Exordium","TheCity","TheBeyond"],"potions_floor_usage":[16,19,21,33,35,35,40,50],"damage_taken":[{"damage":0,"enemies":"2 Louse","floor":1,"turns":1},{"damage":0,"enemies":"Jaw Worm","floor":5,"turns":1},{"damage":0,"enemies":"3 Sentries","floor":7,"turns":1},{"damage":0,"enemies":"Cultist","floor":11,"turns":2},{"damage":11,"enemies":"Exordium Wildlife","floor":12,"turns":3},{"damage":10,"enemies":"Looter","floor":14,"turns":3},{"damage":0,"enemies":"Slime Boss","floor":16,"turns":3},{"damage":0,"enemies":"Chosen","floor":18,"turns":4},{"damage":18,"enemies":"2 Thieves","floor":19,"turns":4},{"damage":9,"enemies":"Snecko","floor":21,"turns":5},{"damage":9,"enemies":"Shelled Parasite and Fungi","floor":22,"turns":4},{"damage":8,"enemies":"Snake Plant","floor":24,"turns":3},{"damage":6,"enemies":"Cultist and Chosen","floor":28,"turns":5},{"damage":0,"enemies":"Shelled Parasite and Fungi","floor":29,"turns":4},{"damage":19,"enemies":"Sentry and Sphere","floor":30,"turns":6},{"damage":8,"enemies":"Pondfish","floor":33,"turns":8},{"damage":3,"enemies":"Orb Walker","floor":35,"turns":3},{"damage":6,"enemies":"3 Shapes","floor":36,"turns":6},{"damage":0,"enemies":"Mind Bloom Boss Battle","floor":38,"turns":3},{"damage":12,"enemies":"Sphere and 2 Shapes","floor":39,"turns":4},{"damage":0,"enemies":"R_Hoarder","floor":40,"turns":5},{"damage":14,"enemies":"3 Darklings","floor":44,"turns":3},{"damage":50,"enemies":"Reptomancer","floor":47,"turns":3},{"damage":3,"enemies":"Transient","floor":48,"turns":5},{"damage":36,"enemies":"infinitespire:MassOfShapes","floor":50,"turns":11}],"seed_played":"-2881203747174246157","potions_obtained":[{"floor":12,"key":"BlessingOfTheForge"},{"floor":14,"key":"AttackPotion"},{"floor":18,"key":"Swift Potion"},{"floor":30,"key":"SteroidPotion"},{"floor":33,"key":"blueLaboratory:EmptyBottle"},{"floor":39,"key":"FearPotion"},{"floor":40,"key":"Elixir"}],"is_trial":false,"path_per_floor":["M","?","$","T","M","R","E","R","T","R","M","M","$","M","R","B",null,"M","M","$","M","M","R","M","R","T","?","M","M","M","AVR","R","B",null,"M","M","$","?","M","E","R","?","T","M","?","R","E","M","R","B",null],"character_chosen":"WATCHER","items_purchased":["BattleHymn","AttackPotion","jedi:crownofsimplicity","Block Potion","Whetstone"],"campfire_rested":5,"item_purchase_floors":[3,13,20,20,37],"current_hp_per_floor":[65,65,65,65,65,65,65,65,65,65,65,54,54,44,44,44,65,65,47,47,38,29,50,42,42,42,42,42,46,35,35,56,62,70,71,66,66,68,60,68,72,68,68,56,56,68,20,27,47,27],"gold":228,"neow_bonus":"THREE_ENEMY_KILL","is_daily":false,"chose_seed":false,"campfire_upgraded":5,"win_rate":0.0,"timestamp":1609433978,"path_taken":["M","?","$","?","?","R","E","R","T","R","M","M","?","M","R","BOSS","M","M","$","M","M","R","M","R","T","?","M","M","?","AVR","R","BOSS","M","M","$","?","M","E","R","?","T","M","?","R","E","?","R","BOSS"],"items_purchased_type":["Card","Potion","Relic","Potion","Relic"],"build_version":"2020-12-22","purchased_purges":3,"victory":true,"max_hp_per_floor":[72,72,72,72,72,72,72,72,72,72,72,72,72,72,72,72,72,72,72,72,72,72,72,72,72,72,72,72,72,72,72,72,72,72,72,72,72,72,72,72,72,68,68,68,68,68,68,68,68,68],"card_choices":[{"not_picked":["WheelKick","Tantrum"],"picked":"SandsOfTime","floor":1},{"not_picked":["ReachHeaven","Replay:Anticipation","CrushJoints"],"picked":"SKIP","floor":5},{"not_picked":["FollowUp","Crescendo","Replay:AtTheReady"],"picked":"SKIP","floor":7},{"not_picked":["Evaluate","Adaptation"],"picked":"TalkToTheHand","floor":11},{"not_picked":["Weave","Replay:AtTheReady","FlurryOfBlows"],"picked":"SKIP","floor":11},{"not_picked":["Perseverance","Swivel"],"picked":"Establishment","floor":12},{"not_picked":["EmptyBody","BowlingBash","PathToVictory"],"picked":"SKIP","floor":12},{"not_picked":["Replay:BluntJabs","Evaluate"],"picked":"FlyingSleeves","floor":14},{"not_picked":["WheelKick","SignatureMove","BowlingBash"],"picked":"SKIP","floor":14},{"not_picked":["WheelKick","SignatureMove","BowlingBash"],"picked":"SKIP","floor":14},{"not_picked":["Scrawl","Ragnarok"],"picked":"ConjureBlade","floor":16},{"not_picked":["Replay:Anticipation+1","Perseverance","Indignation"],"picked":"SKIP","floor":18},{"not_picked":["Weave+1","Evaluate+1","Swivel+1"],"picked":"SKIP","floor":18},{"not_picked":["CutThroughFate","ThirdEye"],"picked":"FollowUp","floor":19},{"not_picked":["WaveOfTheHand","Wallop","FlyingSleeves"],"picked":"SKIP","floor":19},{"not_picked":["WaveOfTheHand","Wallop","FlyingSleeves"],"picked":"SKIP","floor":19},{"not_picked":["FlurryOfBlows","WaveOfTheHand+1","Replay:AtTheReady"],"picked":"SKIP","floor":21},{"not_picked":["ClearTheMind","Devotion","ReachHeaven+1"],"picked":"SKIP","floor":21},{"not_picked":["LikeWater","Halt"],"picked":"Conclude","floor":22},{"not_picked":["CutThroughFate","Crescendo","ThirdEye+1"],"picked":"SKIP","floor":22},{"not_picked":["Replay:Hum","CrushJoints","Wireheading"],"picked":"SKIP","floor":24},{"not_picked":["FearNoEvil+1","Replay:BluntJabs+1","EmptyFist+1"],"picked":"SKIP","floor":24},{"not_picked":["Nirvana","Wish"],"picked":"Consecrate","floor":28},{"not_picked":["Replay:BluntJabs","CutThroughFate","ClearTheMind"],"picked":"SKIP","floor":28},{"not_picked":["Vengeance","Replay:AtTheReady","ForeignInfluence"],"picked":"SKIP","floor":29},{"not_picked":["FollowUp","Indignation","WindmillStrike"],"picked":"SKIP","floor":29},{"not_picked":["ThirdEye","SashWhip+1","Replay:AllIn"],"picked":"SKIP","floor":30},{"not_picked":["Replay:Battleflow","Replay:Hum","Crescendo"],"picked":"SKIP","floor":30},{"not_picked":["Prostrate","ClearTheMind+1"],"picked":"SandsOfTime+1","floor":35},{"not_picked":["Protect+1","Pray+1","Evaluate+1"],"picked":"SKIP","floor":35},{"not_picked":["Adaptation+1","Pray","EmptyFist+1"],"picked":"SKIP","floor":36},{"not_picked":["ThirdEye","CutThroughFate+1","Evaluate+1"],"picked":"SKIP","floor":36},{"not_picked":["Replay:BluntJabs+1","Replay:AtTheReady+1","Perseverance+1"],"picked":"SKIP","floor":39},{"not_picked":["Perseverance+1","Halt+1","CrushJoints"],"picked":"SKIP","floor":39},{"not_picked":["SandsOfTime+1","CrushJoints+1","Nirvana"],"picked":"SKIP","floor":40},{"not_picked":["Tantrum+1","WindmillStrike","Replay:Cycle"],"picked":"SKIP","floor":44},{"not_picked":["Indignation","EmptyBody","Replay:Cycle+1"],"picked":"SKIP","floor":44},{"not_picked":["Replay:ManipulateFuture+1","FearNoEvil+1","Meditate"],"picked":"SKIP","floor":47},{"not_picked":["Replay:AtTheReady+1","Halt+1","JustLucky+1"],"picked":"SKIP","floor":48},{"not_picked":["Replay:Vibes+1","Replay:AtTheReady","BattleHymn"],"picked":"SKIP","floor":48}],"player_experience":976378,"relics_obtained":[{"floor":7,"key":"Prayer Wheel"},{"floor":9,"key":"Ornamental Fan"},{"floor":17,"key":"War Paint"},{"floor":17,"key":"Mummified Hand"},{"floor":17,"key":"Ginger"},{"floor":26,"key":"Snack Pack"},{"floor":38,"key":"jedi:gremlinknob"},{"floor":40,"key":"RollingBoulder"},{"floor":43,"key":"Gremlin Food"},{"floor":47,"key":"PreservedInsect"}],"event_choices":[{"damage_healed":0,"gold_gain":0,"player_choice":"Upgraded","damage_taken":0,"max_hp_gain":0,"max_hp_loss":0,"event_name":"Upgrade Shrine","floor":27,"gold_loss":0,"cards_upgraded":["FlyingSleeves"]},{"damage_healed":0,"gold_gain":0,"player_choice":"Fight","damage_taken":0,"max_hp_gain":0,"max_hp_loss":0,"event_name":"MindBloom","floor":38,"gold_loss":0},{"damage_healed":0,"gold_gain":0,"player_choice":"Max HP","damage_taken":0,"max_hp_gain":0,"max_hp_loss":4,"event_name":"Winding Halls","floor":42,"gold_loss":0},{"damage_healed":0,"gold_gain":0,"player_choice":"Upgrade","damage_taken":0,"max_hp_gain":0,"max_hp_loss":0,"event_name":"Designer","floor":45,"gold_loss":40,"cards_upgraded":["ConjureBlade"]}],"is_beta":false,"boss_relics":[{"not_picked":["jedi:battlestandard","Honey Jar"],"picked":"Calling Bell"},{"not_picked":["trackpad:Trackpad","StuffTheSpire:RunicHypercube","jedi:paperlyon"]}],"items_purged_floors":[13,31,37],"is_endless":false,"potions_floor_spawned":[5,12,14,18,28,30,33,38,39,40],"ascension_level":11}}