{"host":"0dvp4uxbao5ucv2j","time":1609397503,"event":{"mods":["AchievementEnabler","Act Like it!","Aspiration","BaseMod","Beaked The Cultist","BetterRewards","DNKmod","DNKmod Update","Downfall","Friendly Minions","GifTheSpireLib","Hallownest","Hubris","Infinite Spire","Minty Spire (QoL Compilation)","Replay The Spire","StSLib","???Mod??????Boss"],"gold_per_floor":[10018,10018,10029,10029,10048,10080,10080,9413,9437,9467,8907,8907,8917,8947,8947,9051,9051,9064,9064,9083,9083],"floor_reached":20,"playtime":1296,"items_purged":["Strike_R","Defend_R"],"score":284,"play_id":"f7030ad9-55f9-44b8-9435-7c2b8794da70","local_time":"20201231075143","is_ascension_mode":true,"campfire_choices":[{"floor":7.0,"key":"RECALL"},{"data":"Strike_R","floor":15.0,"key":"PURGE"}],"circlet_count":0,"master_deck":["Defend_R","Defend_R","Defend_R","Bash","Rupture+1","Dual Wield","Shrug It Off","Berserk","Warcry+1","Sword Boomerang","Poisoned Strike","Evolve+1","Combust","Evolve+1","Evolve+1","Power Through","Eclipse","Rampage","Rupture+1","Armaments","Twin Strike","Brutality","Bite","Bite","Bite","Bite","Bite","Wild Strike"],"relics":["Burning Blood","NeowsBlessing","Regal Pillow","Strawberry","Juzu Bracelet","Membership Card","Lantern","Eternal Feather","hubris:DeckOfHolding","aspiration:HummingbirdHeart","DollysMirror","Replay:Bottled Eggs","hubris:FunFungus","aspiration:RunicSpoon"],"acts_visited":["Exordium","TheCity"],"potions_floor_usage":[],"damage_taken":[{"damage":0.0,"enemies":"2 Louse","floor":1.0,"turns":1.0},{"damage":0.0,"enemies":"Cultist","floor":3.0,"turns":1.0},{"damage":0.0,"enemies":"Jaw Worm","floor":5.0,"turns":1.0},{"damage":34.0,"enemies":"Gremlin Nob","floor":6.0,"turns":5.0},{"damage":45.0,"enemies":"3 Sentries","floor":10.0,"turns":7.0},{"damage":13.0,"enemies":"3 Louse","floor":13.0,"turns":4.0},{"damage":34.0,"enemies":"Lagavulin","floor":14.0,"turns":6.0},{"damage":13.0,"enemies":"Hexaghost","floor":16.0,"turns":5.0},{"damage":27.0,"enemies":"Shell Parasite","floor":18.0,"turns":4.0},{"damage":24,"enemies":"Spheric Guardian","floor":20,"turns":5}],"seed_played":"-162257871848269144","potions_obtained":[{"floor":3.0,"key":"sneckomod:MuddlingPotion"},{"floor":5.0,"key":"SkillPotion"},{"floor":10.0,"key":"Reflective Coating"},{"floor":13.0,"key":"LiquidBronze"},{"floor":18,"key":"Energy Potion"}],"is_trial":false,"path_per_floor":["M","?","M","?","M","E","R","$","T","E","$","?","M","E","R","B",null,"M","?","M"],"character_chosen":"IRONCLAD","items_purchased":["Strawberry","Juzu Bracelet","Membership Card","Warcry+1","Sword Boomerang","Poisoned Strike","Evolve","hubris:DeckOfHolding","aspiration:HummingbirdHeart","Evolve","Power Through","Eclipse","Rampage","DollysMirror"],"campfire_rested":0,"item_purchase_floors":[8,8,8,8,8,8,8,11,11,11,11,11,11,11],"current_hp_per_floor":[120,120,120,120,120,92,92,99,99,60,60,60,53,25,40,33,104,83,83,69,69],"gold":9083,"neow_bonus":"THREE_ENEMY_KILL","is_daily":false,"chose_seed":false,"campfire_upgraded":0,"win_rate":0.0,"timestamp":1609397503,"path_taken":["M","?","M","?","M","E","R","$","T","E","$","?","M","E","R","BOSS","M","?","M"],"items_purchased_type":["Relic","Relic","Relic","Card","Card","Card","Card","Relic","Relic","Card","Card","Card","Card","Relic"],"build_version":"2020-12-22","purchased_purges":2,"victory":false,"max_hp_per_floor":[120,120,120,120,120,120,120,127,127,127,127,127,127,127,127,127,127,127,88,88,88],"card_choices":[{"not_picked":["Shrug It Off","Uppercut"],"picked":"Rupture","floor":1.0},{"not_picked":["Infernal Blade","True Grit"],"picked":"Dual Wield","floor":3.0},{"not_picked":["Anger","Flex"],"picked":"Shrug It Off","floor":5.0},{"not_picked":["Dark Embrace","Bloodletting"],"picked":"Berserk","floor":6.0},{"not_picked":["Sword Boomerang","Feed"],"picked":"Combust","floor":10.0},{"not_picked":["Wild Strike","hubris:ReadiedAction"],"picked":"Armaments","floor":13.0},{"not_picked":["Havoc","Clothesline"],"picked":"Twin Strike","floor":14.0},{"not_picked":["Demon Form","Reaper"],"picked":"Brutality","floor":16.0},{"not_picked":["Abandon","Dual Wield","Dropkick"],"picked":"SKIP","floor":18},{"not_picked":["Sever Soul+1","Havoc"],"picked":"Wild Strike","floor":20}],"player_experience":115913,"relics_obtained":[{"floor":6.0,"key":"Regal Pillow"},{"floor":9.0,"key":"Lantern"},{"floor":10.0,"key":"Eternal Feather"},{"floor":14.0,"key":"hubris:FunFungus"}],"event_choices":[{"damage_healed":0.0,"max_hp_gain":0.0,"max_hp_loss":0.0,"gold_gain":0.0,"event_name":"Liars Game","player_choice":"Ignored","floor":2.0,"gold_loss":0.0,"damage_taken":0.0},{"damage_healed":0.0,"max_hp_gain":0.0,"max_hp_loss":0.0,"gold_gain":0.0,"event_name":"Upgrade Shrine","player_choice":"Upgraded","floor":4.0,"gold_loss":0.0,"damage_taken":0.0,"cards_upgraded":["Rupture"]},{"damage_healed":0.0,"max_hp_gain":0.0,"max_hp_loss":0.0,"gold_gain":0.0,"event_name":"WeMeetAgain","player_choice":"Gave Potion","floor":12.0,"gold_loss":0.0,"damage_taken":0.0,"relics_obtained":["Replay:Bottled Eggs"]},{"damage_healed":0,"gold_gain":0,"player_choice":"Became a vampire","damage_taken":0,"max_hp_gain":0,"max_hp_loss":39,"event_name":"Vampires","floor":19,"gold_loss":0,"cards_obtained":["Bite","Bite","Bite","Bite","Bite"]}],"is_beta":false,"boss_relics":[{"not_picked":["Pandora\u0027s Box","Philosopher\u0027s Stone"],"picked":"aspiration:RunicSpoon"}],"items_purged_floors":[8,11],"is_endless":false,"potions_floor_spawned":[3,5,10,13,18],"killed_by":"Spheric Guardian","ascension_level":7}}