{"host":"zit9o0ax6c2l3y2b","time":1609383114,"event":{"mods":["Aspiration","BaseMod","Colored Map","Conspire","Downfall","Glutton Mod","Hermit","Hubris","Infinite Spire","Minty Spire (QoL Compilation)","Random Character Button","Relic Filter","Replay The Spire","Shade Mod","Shop Mod","StSLib","The Construct","The Cursed","The Disciple","The Runesmith","TheArtist"],"gold_per_floor":[116,6,25,40,40,73,73,105,105,105,5,5,21,36,36,36,36],"floor_reached":16,"playtime":807,"items_purged":[],"score":127,"play_id":"6d8bf870-ff62-49e9-bcfe-b98e422b5947","local_time":"20201230215154","is_ascension_mode":true,"campfire_choices":[{"data":"construct:Accumulate+1","floor":7.0,"key":"SMITH"},{"data":"construct:Boost","floor":10.0,"key":"SMITH"},{"data":"construct:ForceCore","floor":12.0,"key":"SMITH"},{"floor":15.0,"key":"REST"}],"circlet_count":0,"master_deck":["construct:Strike_Gold","construct:Strike_Gold","construct:Strike_Gold","construct:Strike_Gold","construct:Strike_Gold","construct:Defend_Gold","construct:Defend_Gold","construct:Defend_Gold","construct:Defend_Gold","construct:Defend_Gold","construct:AttackMode","construct:DefenseMode","construct:Boost+1","construct:ForceCore+1","construct:HeavyBolt","construct:Accumulate+2","construct:SweepLaser","construct:Forcefield","construct:SyphonStrike","construct:CreateCores","construct:SyphonStrike","ReplayTheSpireMod:Private Reserves+1"],"relics":["construct:ClockworkPhoenix","Blue Doll","MealTicket","Smiling Mask","Ginger"],"acts_visited":["Exordium"],"potions_floor_usage":[16],"damage_taken":[{"damage":2.0,"enemies":"2 Louse","floor":1.0,"turns":3.0},{"damage":0.0,"enemies":"Cultist","floor":3.0,"turns":3.0},{"damage":2.0,"enemies":"Jaw Worm","floor":4.0,"turns":4.0},{"damage":30.0,"enemies":"3 Sentries","floor":6.0,"turns":7.0},{"damage":26.0,"enemies":"Lagavulin","floor":8.0,"turns":8.0},{"damage":3.0,"enemies":"3 Louse","floor":13.0,"turns":3.0},{"damage":13.0,"enemies":"Blue Slaver","floor":14.0,"turns":3.0},{"damage":37,"enemies":"The Guardian","floor":16,"turns":8}],"seed_played":"-3936840789983846825","potions_obtained":[{"floor":1.0,"key":"LifebloodPotion"},{"floor":3.0,"key":"Languid Potion"},{"floor":4.0,"key":"sneckomod:MuddlingPotion"}],"is_trial":false,"path_per_floor":["M","$","M","M","?","E","R","E","T","R","$","R","M","M","R","B"],"character_chosen":"THE_CONSTRUCT_MOD","items_purchased":["construct:ForceCore","construct:HeavyBolt","construct:Accumulate+1","construct:SyphonStrike","ReplayTheSpireMod:Private Reserves+1"],"campfire_rested":1,"item_purchase_floors":[2,2,2,11,11],"current_hp_per_floor":[83,83,83,81,73,43,43,17,17,17,32,32,29,16,41,4,4],"gold":36,"neow_bonus":"RANDOM_COMMON_RELIC","is_daily":false,"chose_seed":false,"campfire_upgraded":3,"win_rate":0.0,"timestamp":1609383114,"path_taken":["M","$","M","M","?","E","R","E","T","R","$","R","M","M","R","BOSS"],"items_purchased_type":["Card","Card","Card","Card","Card"],"build_version":"2020-12-22","purchased_purges":0,"victory":false,"max_hp_per_floor":[85,85,85,85,85,85,85,85,85,85,85,85,85,85,85,85,85],"card_choices":[{"not_picked":["construct:ScrapCannon","construct:SuppressiveFire"],"picked":"construct:Boost","floor":1.0},{"not_picked":["construct:Forcefield","construct:CreateCores"],"picked":"construct:SweepLaser","floor":3.0},{"not_picked":["construct:ClusterMines","construct:HeavyBolt"],"picked":"construct:Forcefield","floor":4.0},{"not_picked":["construct:Tumble","construct:ShieldGenerator"],"picked":"construct:SyphonStrike","floor":6.0},{"not_picked":["construct:HardReboot","construct:HeavyBolt"],"picked":"construct:CreateCores","floor":8.0},{"not_picked":["construct:Boost","construct:HeavyBolt","construct:Backfire"],"picked":"SKIP","floor":13.0},{"not_picked":["construct:FierceBash","construct:ScrapCannon","construct:Accumulate"],"picked":"SKIP","floor":14.0}],"player_experience":404367,"relics_obtained":[{"floor":6.0,"key":"MealTicket"},{"floor":8.0,"key":"Smiling Mask"},{"floor":9.0,"key":"Ginger"}],"event_choices":[{"damage_healed":0.0,"max_hp_gain":0.0,"max_hp_loss":0.0,"gold_gain":0.0,"event_name":"Wheel of Change","player_choice":"Damaged","floor":5.0,"gold_loss":0.0,"damage_taken":8.0}],"is_beta":false,"boss_relics":[],"items_purged_floors":[],"is_endless":false,"potions_floor_spawned":[1,3,4],"killed_by":"The Guardian","ascension_level":3}}