{"host":"m77rrhbqzv44va4v","time":1609402537,"event":{"mods":["AchievementEnabler","BaseMod","Colored Map","DeckTracker","Keyboard Shortcuts","Minty Spire (QoL Compilation)","StSLib","SuperFastMode","everything is the same but u backflip on backflip"],"gold_per_floor":[116,130,130,130,144,144,169,169,244,271,271,297,339,354,354,437,437,453,463,463,488,508,508,508,508],"floor_reached":24,"playtime":538,"items_purged":[],"score":400,"play_id":"966d6592-e12c-4766-9ea6-303c3c4ababc","local_time":"20201231171537","is_ascension_mode":true,"campfire_choices":[{"data":"Intimidate","floor":6.0,"key":"SMITH"},{"data":"Uppercut","floor":8.0,"key":"SMITH"},{"data":"Power Through","floor":11.0,"key":"SMITH"},{"floor":15.0,"key":"REST"},{"floor":23,"key":"REST"}],"circlet_count":0,"master_deck":["AscendersBane","Strike_R","Strike_R+1","Strike_R","Strike_R","Strike_R","Defend_R","Defend_R","Defend_R+1","Defend_R","Bash","Wild Strike","Intimidate+1","Power Through+1","Uppercut+1","Second Wind","Corruption","Metallicize+1","Feed"],"relics":["Burning Blood","Bag of Marbles","Bronze Scales","Sundial","Vajra","CeramicFish","HornCleat","Black Star","Nunchaku"],"acts_visited":["Exordium","TheCity"],"potions_floor_usage":[],"damage_taken":[{"damage":3.0,"enemies":"2 Louse","floor":1.0,"turns":2.0},{"damage":3.0,"enemies":"Small Slimes","floor":2.0,"turns":3.0},{"damage":7.0,"enemies":"Jaw Worm","floor":5.0,"turns":3.0},{"damage":34.0,"enemies":"3 Sentries","floor":7.0,"turns":9.0},{"damage":6.0,"enemies":"Lagavulin","floor":10.0,"turns":6.0},{"damage":24.0,"enemies":"Gremlin Nob","floor":13.0,"turns":4.0},{"damage":0.0,"enemies":"3 Louse","floor":14.0,"turns":2.0},{"damage":21.0,"enemies":"Hexaghost","floor":16.0,"turns":9.0},{"damage":12.0,"enemies":"3 Byrds","floor":18.0,"turns":2.0},{"damage":20.0,"enemies":"Shell Parasite","floor":19.0,"turns":6.0},{"damage":25.0,"enemies":"Snake Plant","floor":21.0,"turns":4.0},{"damage":25,"enemies":"Shelled Parasite and Fungi","floor":22,"turns":6},{"damage":73,"enemies":"Gremlin Leader","floor":24,"turns":6}],"seed_played":"4263836058786278744","potions_obtained":[{"floor":2.0,"key":"SkillPotion"},{"floor":7.0,"key":"LiquidBronze"},{"floor":10.0,"key":"FairyPotion"},{"floor":18.0,"key":"Dexterity Potion"}],"is_trial":false,"path_per_floor":["M","M","?","?","M","R","E","R","T","E","R","T","E","M","R","B",null,"M","M","?","M","M","R","E"],"character_chosen":"IRONCLAD","items_purchased":[],"campfire_rested":2,"item_purchase_floors":[],"current_hp_per_floor":[71,74,51,56,55,55,27,27,27,27,27,27,9,15,39,24,66,60,46,46,27,8,32,0,0],"gold":508,"neow_bonus":"RANDOM_COMMON_RELIC","is_daily":false,"chose_seed":false,"campfire_upgraded":3,"win_rate":0.0,"timestamp":1609402537,"path_taken":["M","M","?","?","M","R","E","R","T","E","R","?","E","M","R","BOSS","M","M","?","M","M","R","E"],"items_purchased_type":[],"build_version":"2020-12-22","purchased_purges":0,"victory":false,"max_hp_per_floor":[75,75,75,80,80,80,80,80,80,80,80,80,80,80,80,80,80,80,80,80,80,80,80,80,80],"card_choices":[{"not_picked":["Infernal Blade","Anger"],"picked":"Wild Strike","floor":1.0},{"not_picked":["Searing Blow","Havoc"],"picked":"Intimidate","floor":2.0},{"not_picked":["Dual Wield","Reckless Charge"],"picked":"Power Through","floor":5.0},{"not_picked":["Cleave","Armaments"],"picked":"Uppercut","floor":7.0},{"not_picked":["Uppercut","Thunderclap","Cleave"],"picked":"SKIP","floor":10.0},{"not_picked":["Shrug It Off","Intimidate"],"picked":"Second Wind","floor":13.0},{"not_picked":["Anger","Armaments","Headbutt"],"picked":"SKIP","floor":14.0},{"not_picked":["Impervious","Double Tap"],"picked":"Corruption","floor":16.0},{"not_picked":["Clash","Burning Pact","Sword Boomerang"],"picked":"SKIP","floor":18.0},{"not_picked":["Havoc+1","Rupture+1","Clothesline"],"picked":"SKIP","floor":19.0},{"not_picked":["Infernal Blade","Anger+1"],"picked":"Metallicize+1","floor":21.0},{"not_picked":["Combust","Intimidate"],"picked":"Feed","floor":22}],"player_experience":852622,"relics_obtained":[{"floor":7.0,"key":"Bronze Scales"},{"floor":9.0,"key":"Sundial"},{"floor":10.0,"key":"Vajra"},{"floor":12.0,"key":"CeramicFish"},{"floor":13.0,"key":"HornCleat"}],"event_choices":[{"damage_healed":0.0,"max_hp_gain":0.0,"max_hp_loss":0.0,"gold_gain":0.0,"event_name":"Shining Light","player_choice":"Entered Light","floor":3.0,"gold_loss":0.0,"damage_taken":23.0,"cards_upgraded":["Defend_R","Strike_R"]},{"damage_healed":0.0,"max_hp_gain":5.0,"max_hp_loss":0.0,"gold_gain":0.0,"event_name":"Big Fish","player_choice":"Donut","floor":4.0,"gold_loss":0.0,"damage_taken":0.0},{"damage_healed":0.0,"max_hp_gain":0.0,"max_hp_loss":0.0,"gold_gain":0.0,"event_name":"WeMeetAgain","player_choice":"Gave Potion","floor":20.0,"gold_loss":0.0,"damage_taken":0.0,"relics_obtained":["Nunchaku"]}],"is_beta":false,"boss_relics":[{"not_picked":["SlaversCollar","Runic Cube"],"picked":"Black Star"}],"items_purged_floors":[],"is_endless":false,"potions_floor_spawned":[2,7,10,18],"killed_by":"Gremlin Leader","ascension_level":17}}