{"host":"7yxt37kap0q16lk4","time":1609450095,"event":{"mods":["2.2 Compatiblity","Act Like it!","BaseMod","Better Third Choice","Better-Laid Plans","Colored Map","Custom Start","Highlight Path","Keyboard Shortcuts","Minty Spire (QoL Compilation)","Quick Restart","Rare Cards Sparkle","Relic Stats","Shop Mod","Slay the Relics Exporter","StSLib","SuperFastMode"],"gold_per_floor":[5016,5016,4611,4631,4054,4054,4070,4095,4095,4126,4126,4126,4160,4173,4173,4244,4244,4262,4282,4197,4197,4213,4213,4247,4262,4262,4137,4152,4166,4200,4200,4200,4275,4275,4287,4299,3498,3515,3529,3558,2896,2896,3196,3226,3242,3277,3277,3302,3302,3302,3302,3302,3302,59,93,93],"floor_reached":57,"playtime":1209,"items_purged":["Strike_G","Strike_G","Defend_G","Defend_G","Defend_G+1"],"score":3535,"play_id":"736de9d8-715d-4e0c-89aa-6ce6f5535192","local_time":"20210101062815","is_ascension_mode":true,"campfire_choices":[{"floor":6,"key":"REST"},{"floor":12,"key":"REST"},{"data":"Well Laid Plans","floor":15,"key":"SMITH"},{"data":"Neutralize","floor":23,"key":"SMITH"},{"data":"Grand Finale","floor":32,"key":"SMITH"},{"floor":49,"key":"RECALL"},{"floor":53,"key":"REST"}],"circlet_count":0,"master_deck":["AscendersBane","Defend_G+1","Survivor","Grand Finale+1","Well Laid Plans+1","Prepared","Backflip","Escape Plan","After Image","Acrobatics","Grand Finale+1","Acrobatics","Adrenaline","Envenom+1","Envenom+1"],"relics":["Ring of the Snake","HandDrill","Bag of Marbles","Bird Faced Urn","Cauldron","Ninja Scroll","Bottled Tornado","Question Card","MealTicket","Empty Cage","Pen Nib","Molten Egg 2","Pantograph","Sozu","Lantern","Lizard Tail","TheAbacus","Frozen Egg 2","Akabeko","Orichalcum","Chemical X","Old Coin","Kunai","Regal Pillow","The Courier","Nunchaku","Calipers","Whetstone","OrangePellets","HornCleat","Letter Opener","Centennial Puzzle","Art of War","Turnip","StrikeDummy","Boot","Vajra","Pear","Mummified Hand","Ornamental Fan","Oddly Smooth Stone","Happy Flower","Snake Skull","Bottled Lightning","Toy Ornithopter","Mercury Hourglass"],"acts_visited":["Exordium","TheCity","TheBeyond","TheEnding"],"potions_floor_usage":[56,56],"damage_taken":[{"damage":0,"enemies":"2 Louse","floor":1,"turns":5},{"damage":53,"enemies":"Cultist","floor":4,"turns":9},{"damage":0,"enemies":"Jaw Worm","floor":7,"turns":2},{"damage":0,"enemies":"3 Sentries","floor":8,"turns":2},{"damage":0,"enemies":"Gremlin Nob","floor":10,"turns":2},{"damage":0,"enemies":"3 Sentries","floor":13,"turns":2},{"damage":0,"enemies":"2 Fungi Beasts","floor":14,"turns":2},{"damage":10,"enemies":"Slime Boss","floor":16,"turns":8},{"damage":1,"enemies":"Shell Parasite","floor":18,"turns":3},{"damage":0,"enemies":"3 Byrds","floor":19,"turns":3},{"damage":0,"enemies":"Snake Plant","floor":22,"turns":2},{"damage":0,"enemies":"Book of Stabbing","floor":24,"turns":3},{"damage":1,"enemies":"Chosen and Byrds","floor":25,"turns":6},{"damage":8,"enemies":"Snecko","floor":28,"turns":8},{"damage":0,"enemies":"Centurion and Healer","floor":29,"turns":1},{"damage":3,"enemies":"Gremlin Leader","floor":30,"turns":2},{"damage":5,"enemies":"Automaton","floor":33,"turns":3},{"damage":9,"enemies":"3 Shapes","floor":35,"turns":2},{"damage":0,"enemies":"3 Darklings","floor":36,"turns":2},{"damage":0,"enemies":"Sphere and 2 Shapes","floor":38,"turns":2},{"damage":0,"enemies":"Transient","floor":39,"turns":6},{"damage":0,"enemies":"Giant Head","floor":40,"turns":1},{"damage":0,"enemies":"Nemesis","floor":44,"turns":1},{"damage":2,"enemies":"4 Shapes","floor":45,"turns":1},{"damage":0,"enemies":"Reptomancer","floor":46,"turns":1},{"damage":0,"enemies":"Giant Head","floor":48,"turns":2},{"damage":0,"enemies":"Awakened One","floor":50,"turns":3},{"damage":25,"enemies":"Time Eater","floor":51,"turns":3},{"damage":0,"enemies":"Shield and Spear","floor":55,"turns":1},{"damage":25,"enemies":"The Heart","floor":56,"turns":5}],"seed_played":"-5045589542371152671","potions_obtained":[{"floor":5,"key":"Dexterity Potion"},{"floor":5,"key":"Weak Potion"}],"is_trial":false,"path_per_floor":["M","?","$","M","$","R","M","E","T","E","?","R","E","M","R","B",null,"M","M","?","?","M","R","E","M","T","$","M","M","E","?","R","B",null,"M","M","$","M","M","E","$","?","T","E","M","E","?","E","R","B","B",null,"R","$","E","B",null],"character_chosen":"THE_SILENT","items_purchased":["HandDrill","Bag of Marbles","Bird Faced Urn","Cauldron","Lantern","Lizard Tail","TheAbacus","Akabeko","Orichalcum","Chemical X","Nunchaku","Calipers","Whetstone","OrangePellets","HornCleat","Letter Opener","Centennial Puzzle","Art of War","Turnip","StrikeDummy","Boot","Vajra","Pear","Mummified Hand","Ornamental Fan","Oddly Smooth Stone","Happy Flower","Snake Skull","Bottled Lightning","Toy Ornithopter"],"campfire_rested":3,"item_purchase_floors":[3,3,5,5,37,37,37,41,41,41,54,54,54,54,54,54,54,54,54,54,54,54,54,54,54,54,54,54,54,54],"current_hp_per_floor":[59,59,59,6,6,25,27,27,27,29,9,28,30,32,32,24,56,57,59,59,59,61,61,65,65,65,66,58,62,63,45,45,66,70,62,66,71,71,71,71,71,71,71,71,69,71,67,67,67,67,42,61,67,77,77,52],"gold":93,"neow_bonus":"THREE_RARE_CARDS","is_daily":false,"chose_seed":false,"campfire_upgraded":3,"win_rate":0.0,"timestamp":1609450095,"path_taken":["M","?","$","?","?","R","M","E","T","E","?","R","E","?","R","BOSS","M","M","?","?","?","R","E","M","T","$","M","M","E","?","R","BOSS","M","M","$","M","M","E","$","?","T","E","M","E","?","E","R","BOSS","BOSS","R","$","E","BOSS"],"items_purchased_type":["Relic","Relic","Relic","Relic","Relic","Relic","Relic","Relic","Relic","Relic","Relic","Relic","Relic","Relic","Relic","Relic","Relic","Relic","Relic","Relic","Relic","Relic","Relic","Relic","Relic","Relic","Relic","Relic","Relic","Relic"],"build_version":"2020-12-22","purchased_purges":5,"victory":true,"max_hp_per_floor":[66,66,66,66,66,66,66,66,66,66,66,66,66,66,66,66,66,66,66,66,66,66,66,66,66,66,66,66,66,66,71,71,71,71,71,71,71,71,71,71,71,71,71,71,71,71,67,67,67,67,67,67,67,77,77,77],"relic_stats":{"Regal Pillow":0,"Snake Skull":[20],"Whetstone":[],"Boot":[0],"Sozu":3,"Lizard Tail":0,"Nunchaku":[2],"Centennial Puzzle":[3],"TheAbacus":[168],"Mummified Hand":[5],"Pantograph":25,"MealTicket":6,"HandDrill":[16],"Chemical X":[1],"Kunai":[13],"Ring of the Snake":[60],"Happy Flower":[2],"counters":[30,93],"Pen Nib":[16],"Letter Opener":[40],"Orichalcum":[6],"Question Card":22,"Mercury Hourglass":[15],"OrangePellets":[0],"Ornamental Fan":[24],"Bird Faced Urn":[37],"Turnip":[2],"Art of War":[1],"obtain_stats":[{"Lantern":37,"Regal Pillow":46,"Calipers":54,"Vajra":54,"Snake Skull":54,"Whetstone":54,"Bottled Tornado":9,"Empty Cage":17,"Boot":54,"Old Coin":43,"Sozu":34,"Lizard Tail":37,"Nunchaku":54,"Centennial Puzzle":54,"TheAbacus":37,"HornCleat":54,"Ninja Scroll":8,"Mummified Hand":54,"Pantograph":30,"MealTicket":13,"HandDrill":3,"Chemical X":41,"Kunai":44,"Ring of the Snake":0,"Pear":54,"Happy Flower":54,"Oddly Smooth Stone":54,"Pen Nib":20,"The Courier":48,"Letter Opener":54,"Frozen Egg 2":40,"Orichalcum":41,"Question Card":10,"Akabeko":41,"Mercury Hourglass":55,"Cauldron":5,"OrangePellets":54,"Ornamental Fan":54,"Bird Faced Urn":5,"Molten Egg 2":24,"Turnip":54,"Bag of Marbles":3,"Art of War":54,"Bottled Lightning":54,"StrikeDummy":54,"Toy Ornithopter":54},{"Lantern":19,"Regal Pillow":25,"Calipers":28,"Vajra":28,"Snake Skull":28,"Whetstone":28,"Bottled Tornado":4,"Empty Cage":8,"Boot":28,"Old Coin":22,"Sozu":17,"Lizard Tail":19,"Nunchaku":28,"Centennial Puzzle":28,"TheAbacus":19,"HornCleat":28,"Ninja Scroll":4,"Mummified Hand":28,"Pantograph":16,"MealTicket":6,"HandDrill":1,"Chemical X":22,"Kunai":23,"Ring of the Snake":0,"Pear":28,"Happy Flower":28,"Oddly Smooth Stone":28,"Pen Nib":10,"The Courier":26,"Letter Opener":28,"Frozen Egg 2":22,"Orichalcum":22,"Question Card":5,"Akabeko":22,"Mercury Hourglass":29,"Cauldron":2,"OrangePellets":28,"Ornamental Fan":28,"Bird Faced Urn":2,"Molten Egg 2":12,"Turnip":28,"Bag of Marbles":1,"Art of War":28,"Bottled Lightning":28,"StrikeDummy":28,"Toy Ornithopter":28},{"Lantern":67,"Regal Pillow":79,"Calipers":87,"Vajra":87,"Snake Skull":87,"Whetstone":87,"Bottled Tornado":18,"Empty Cage":32,"Boot":87,"Old Coin":76,"Sozu":63,"Lizard Tail":67,"Nunchaku":87,"Centennial Puzzle":87,"TheAbacus":67,"HornCleat":87,"Ninja Scroll":18,"Mummified Hand":87,"Pantograph":60,"MealTicket":22,"HandDrill":5,"Chemical X":76,"Kunai":77,"Ring of the Snake":0,"Pear":87,"Happy Flower":87,"Oddly Smooth Stone":87,"Pen Nib":38,"The Courier":81,"Letter Opener":87,"Frozen Egg 2":76,"Orichalcum":76,"Question Card":20,"Akabeko":76,"Mercury Hourglass":88,"Cauldron":14,"OrangePellets":87,"Ornamental Fan":87,"Bird Faced Urn":14,"Molten Egg 2":43,"Turnip":87,"Bag of Marbles":5,"Art of War":87,"Bottled Lightning":87,"StrikeDummy":87,"Toy Ornithopter":87}],"Toy Ornithopter":0},"card_choices":[{"not_picked":["Night Terror","Unload"],"picked":"Grand Finale","floor":0},{"not_picked":["Cloak And Dagger","Crippling Poison","Blade Dance"],"picked":"SKIP","floor":1},{"not_picked":["Riddle With Holes","Backflip"],"picked":"Well Laid Plans","floor":4},{"not_picked":["Flechettes","Well Laid Plans"],"picked":"Prepared","floor":7},{"not_picked":["Dodge and Roll","Slice","Sucker Punch"],"picked":"SKIP","floor":8},{"not_picked":["Quick Slash","Predator","Terror"],"picked":"SKIP","floor":10},{"not_picked":["Blade Dance","Deadly Poison","Slice","Dagger Spray"],"picked":"SKIP","floor":13},{"not_picked":["Poisoned Stab","Dagger Throw","Dodge and Roll"],"picked":"Backflip","floor":14},{"not_picked":["Blur","Deflect","Noxious Fumes"],"picked":"Escape Plan","floor":18},{"not_picked":["Poisoned Stab","Deflect","Dagger Throw","Well Laid Plans"],"picked":"SKIP","floor":19},{"not_picked":["Slice","Heel Hook","Blade Dance"],"picked":"After Image","floor":22},{"not_picked":["Slice+1","Dagger Spray+1","Choke+1"],"picked":"Acrobatics","floor":24},{"not_picked":["Endless Agony+1","Acrobatics","Flying Knee+1","Underhanded Strike+1"],"picked":"SKIP","floor":25},{"not_picked":["PiercingWail+1","Burst","Dash+1","Blade Dance"],"picked":"SKIP","floor":28},{"not_picked":["Poisoned Stab+1","Dagger Throw+1","Calculated Gamble+1","Quick Slash+1"],"picked":"SKIP","floor":29},{"not_picked":["Escape Plan","Slice+1","Skewer+1","Setup"],"picked":"SKIP","floor":30},{"not_picked":["Malaise","A Thousand Cuts","Night Terror"],"picked":"Grand Finale+1","floor":33},{"not_picked":["Quick Slash+1","Terror","Dash+1","Escape Plan"],"picked":"SKIP","floor":35},{"not_picked":["Bane+1","Infinite Blades","Accuracy","Cloak And Dagger"],"picked":"SKIP","floor":36},{"not_picked":["Distraction+1","Blur+1","Underhanded Strike+1"],"picked":"Acrobatics","floor":38},{"not_picked":["PiercingWail+1","Bane+1","Deadly Poison","Dagger Spray+1"],"picked":"SKIP","floor":39},{"not_picked":["PiercingWail+1","Bane+1","Deadly Poison","Dagger Spray+1"],"picked":"SKIP","floor":39},{"not_picked":["Infinite Blades+1","Dash+1","Storm of Steel"],"picked":"Adrenaline","floor":40},{"not_picked":["Quick Slash+1","Cloak And Dagger+1","Dodge and Roll+1"],"picked":"Envenom+1","floor":44},{"not_picked":["PiercingWail","Blade Dance","Calculated Gamble","Prepared"],"picked":"SKIP","floor":45},{"not_picked":["Skewer+1","Endless Agony+1","Underhanded Strike+1","Dagger Spray+1"],"picked":"SKIP","floor":46},{"not_picked":["Sucker Punch+1","Predator+1","Bane+1"],"picked":"Envenom+1","floor":48},{"not_picked":["Underhanded Strike+1","Skewer+1","Quick Slash+1","Setup+1"],"picked":"SKIP","floor":55}],"player_experience":1032673,"relics_obtained":[{"floor":8,"key":"Ninja Scroll"},{"floor":9,"key":"Bottled Tornado"},{"floor":10,"key":"Question Card"},{"floor":13,"key":"MealTicket"},{"floor":24,"key":"Molten Egg 2"},{"floor":30,"key":"Pantograph"},{"floor":40,"key":"Frozen Egg 2"},{"floor":43,"key":"Old Coin"},{"floor":44,"key":"Kunai"},{"floor":46,"key":"Regal Pillow"},{"floor":48,"key":"The Courier"},{"floor":55,"key":"Mercury Hourglass"}],"event_choices":[{"cards_removed":["Strike_G"],"damage_healed":0,"gold_gain":0,"player_choice":"Card Removal","damage_taken":0,"max_hp_gain":0,"max_hp_loss":0,"event_name":"Wheel of Change","floor":2,"gold_loss":0},{"damage_healed":29,"gold_gain":0,"player_choice":"Upgrade","damage_taken":20,"max_hp_gain":0,"max_hp_loss":66,"event_name":"betterThird:BetterShining","floor":11,"gold_loss":0,"cards_upgraded":["Defend_G","Defend_G"]},{"damage_healed":0,"gold_gain":0,"player_choice":"Obtained Relic","damage_taken":0,"relics_obtained":["Pen Nib"],"max_hp_gain":0,"max_hp_loss":0,"event_name":"Addict","floor":20,"gold_loss":85},{"cards_removed":["Defend_G"],"damage_healed":0,"gold_gain":0,"player_choice":"Offered Basic","damage_taken":0,"max_hp_gain":0,"max_hp_loss":0,"event_name":"Bonfire Elementals","floor":21,"gold_loss":0},{"damage_healed":0,"gold_gain":0,"player_choice":"Shed Blood","damage_taken":23,"max_hp_gain":5,"max_hp_loss":0,"event_name":"Forgotten Altar","floor":31,"gold_loss":0},{"cards_removed":["Neutralize"],"damage_healed":0,"gold_gain":0,"player_choice":"Removed Attack","damage_taken":0,"max_hp_gain":0,"max_hp_loss":0,"event_name":"Falling","floor":42,"gold_loss":0},{"damage_healed":0,"gold_gain":0,"player_choice":"Max HP","damage_taken":0,"max_hp_gain":0,"max_hp_loss":4,"event_name":"Winding Halls","floor":47,"gold_loss":0}],"is_beta":false,"boss_relics":[{"not_picked":["Velvet Choker","Calling Bell"],"picked":"Empty Cage"},{"not_picked":["Fusion Hammer","WristBlade"],"picked":"Sozu"}],"items_purged_floors":[3,5,27,37,41],"is_endless":false,"potions_floor_spawned":[7,8,18,19,25,30,35,39,46],"ascension_level":20}}