{"host":"jt62yzdgnrkmwwqv","time":1609414553,"event":{"mods":["AchievementEnabler","Arknights The Spire","BaseMod","CapriCore","Colored Map","Colored Powertips","GungeonMod","Lobotomy","LobotomyExtend","Minty Spire (QoL Compilation)","StSLib","SuperFastMode"],"gold_per_floor":[111,125,71,71,81,110,110,166,215,229,229,248,268,37,37,37,37],"floor_reached":16,"playtime":423,"items_purged":["ats:Strike V"],"score":102,"play_id":"aac40755-7e11-4115-a508-9ac67ee1cf1d","local_time":"20201231203553","is_ascension_mode":false,"campfire_choices":[{"floor":11,"key":"REST"},{"floor":15,"key":"REST"}],"circlet_count":0,"master_deck":["ats:Strike G","ats:Strike S","ats:Armor Crushing Shot","ats:Defend","ats:Defend","ats:Defend","ats:Defend","ats:Emotion Absorption+1","ats:Counter Healing Mode","ats:Explosion Area Strengthen","ats:Flexible Camouflage","ats:Powerful Strike","ats:Apocalypse","ats:Disruption Kick","ats:Rat Pack","ats:Explosion Area Strengthen","ats:Shell Defense"],"relics":["ats:Sanity","LetterFromLob","ats:Originium","ats:Ability Aura","DemoMod:WeirdEgg","DemoMod:WhiteGuonStone"],"acts_visited":["Exordium"],"potions_floor_usage":[8,8],"damage_taken":[{"damage":0,"enemies":"2 Louse","floor":1,"turns":4},{"damage":6,"enemies":"Small Slimes","floor":2,"turns":4},{"damage":0,"enemies":"Cultist","floor":5,"turns":3},{"damage":58,"enemies":"Lagavulin","floor":6,"turns":8},{"damage":0,"enemies":"Gremlin Nob","floor":8,"turns":2},{"damage":0,"enemies":"Gremlin Gang","floor":10,"turns":3},{"damage":0,"enemies":"Exordium Wildlife","floor":12,"turns":3},{"damage":0,"enemies":"Lots of Slimes","floor":13,"turns":1},{"damage":63,"enemies":"Slime Boss","floor":16,"turns":8}],"seed_played":"-4986096832849965597","potions_obtained":[{"floor":1,"key":"SteroidPotion"},{"floor":2,"key":"SpeedPotion"},{"floor":5,"key":"ColorlessPotion"},{"floor":12,"key":"Strength Potion"}],"is_trial":false,"path_per_floor":["M","M","$","?","M","E","?","?","T","M","R","M","M","$","R","B"],"character_chosen":"DOCTOR_CLASS","items_purchased":["ats:Powerful Strike","DemoMod:WhiteGuonStone"],"campfire_rested":2,"item_purchase_floors":[3,14],"current_hp_per_floor":[72,66,66,66,66,8,8,12,12,12,33,33,33,33,54,0,0],"gold":37,"neow_bonus":"TRANSFORM_CARD","is_daily":false,"chose_seed":false,"campfire_upgraded":0,"win_rate":0.0,"timestamp":1609414553,"path_taken":["M","M","$","?","M","E","?","?","T","M","R","M","M","$","R","BOSS"],"items_purchased_type":["Card","Relic"],"build_version":"2020-12-22","purchased_purges":1,"victory":false,"max_hp_per_floor":[72,72,72,72,72,72,72,72,72,72,72,72,72,72,72,72,72],"card_choices":[{"not_picked":["ats:Childhood Dance","ats:Consecutive Shot Auto"],"picked":"ats:Explosion Area Strengthen","floor":1},{"not_picked":["ats:Sword Rain","ats:Childhood Dance"],"picked":"ats:Flexible Camouflage","floor":2},{"not_picked":["ats:Thermite Blade","ats:Defend Order"],"picked":"ats:Apocalypse","floor":5},{"not_picked":["ats:Burning Ground","ats:Revitalization"],"picked":"ats:Disruption Kick","floor":6},{"not_picked":["ats:LN2 Cannon","ats:Magnetic Hammer"],"picked":"ats:Rat Pack","floor":10},{"not_picked":["ats:Automatic Cover","ats:Beaten Up"],"picked":"ats:Explosion Area Strengthen","floor":12},{"not_picked":["ats:Assault Order","ats:Curse Doll"],"picked":"ats:Shell Defense","floor":13}],"player_experience":170855,"relics_obtained":[{"floor":1,"key":"LetterFromLob"},{"floor":6,"key":"ats:Originium"},{"floor":6,"key":"ats:Ability Aura"},{"floor":8,"key":"DemoMod:WeirdEgg"}],"event_choices":[{"damage_healed":0,"gold_gain":0,"player_choice":"Grow","damage_taken":0,"max_hp_gain":0,"max_hp_loss":0,"event_name":"Living Wall","floor":4,"gold_loss":0,"cards_upgraded":["ats:Emotion Absorption"]},{"damage_healed":0,"gold_gain":0,"player_choice":"Leave","damage_taken":0,"max_hp_gain":0,"max_hp_loss":0,"event_name":"The Cleric","floor":7,"gold_loss":0},{"damage_healed":0,"gold_gain":0,"player_choice":"Searched \u00271\u0027 times","damage_taken":0,"max_hp_gain":0,"max_hp_loss":0,"event_name":"Dead Adventurer","floor":8,"gold_loss":0}],"is_beta":false,"boss_relics":[],"items_purged_floors":[14],"is_endless":false,"potions_floor_spawned":[1,2,5,12],"killed_by":"Slime Boss","ascension_level":0}}