{"host":"71akxjf7cjo3bhmj","time":1609379167,"event":{"mods":["AchievementEnabler","BaseMod","Colored Powertips","Minty Spire (QoL Compilation)"],"gold_per_floor":[110,123,123,140,158,188,188,201,251,251,268,281,313,330,330,429,429,440,422,622,642,642,642],"floor_reached":22,"playtime":1211,"items_purged":[],"score":227,"play_id":"74f6a5b3-dd0e-408c-946f-e8f33748720a","local_time":"20201231024607","is_ascension_mode":false,"campfire_choices":[{"floor":7,"key":"REST"},{"floor":10,"key":"REST"},{"data":"Inflame","floor":15,"key":"SMITH"}],"circlet_count":0,"master_deck":["Strike_R","Strike_R+1","Strike_R","Strike_R","Defend_R","Defend_R","Defend_R","Defend_R","Bash+1","Flame Barrier","Flex","Anger","Flex","Shrug It Off","Inflame+1","Feed","CurseOfTheBell","Flex+1","Flex","Feed"],"relics":["Burning Blood","NeowsBlessing","Bird Faced Urn","Whetstone","Mummified Hand","Calling Bell","Calipers","Matryoshka","Ancient Tea Set"],"acts_visited":["Exordium","TheCity"],"potions_floor_usage":[11,16,16],"damage_taken":[{"damage":0,"enemies":"Jaw Worm","floor":1,"turns":1},{"damage":0,"enemies":"Small Slimes","floor":2,"turns":1},{"damage":0,"enemies":"Cultist","floor":4,"turns":1},{"damage":8,"enemies":"Red Slaver","floor":5,"turns":3},{"damage":65,"enemies":"Lagavulin","floor":6,"turns":9},{"damage":6,"enemies":"Exordium Thugs","floor":8,"turns":5},{"damage":0,"enemies":"Looter","floor":11,"turns":2},{"damage":7,"enemies":"Blue Slaver","floor":12,"turns":3},{"damage":16,"enemies":"Gremlin Nob","floor":13,"turns":3},{"damage":0,"enemies":"2 Fungi Beasts","floor":14,"turns":5},{"damage":27,"enemies":"Hexaghost","floor":16,"turns":7},{"damage":25,"enemies":"Shell Parasite","floor":18,"turns":10},{"damage":23,"enemies":"2 Thieves","floor":19,"turns":4},{"damage":7,"enemies":"Centurion and Healer","floor":21,"turns":10},{"damage":34,"enemies":"Shelled Parasite and Fungi","floor":22,"turns":7}],"seed_played":"8485837570035283040","potions_obtained":[{"floor":2,"key":"Energy Potion"},{"floor":6,"key":"DistilledChaos"},{"floor":12,"key":"LiquidBronze"},{"floor":13,"key":"SkillPotion"}],"is_trial":false,"path_per_floor":["M","M","?","M","M","E","R","M","T","R","M","M","E","M","R","B",null,"M","M","?","M","M"],"character_chosen":"IRONCLAD","items_purchased":[],"campfire_rested":2,"item_purchase_floors":[],"current_hp_per_floor":[80,80,80,80,78,19,43,43,43,67,73,72,62,68,68,49,80,61,44,44,45,13,13],"gold":642,"neow_bonus":"THREE_ENEMY_KILL","is_daily":false,"chose_seed":false,"campfire_upgraded":1,"win_rate":0.0,"timestamp":1609379167,"path_taken":["M","M","?","M","M","E","R","M","T","R","M","M","E","M","R","BOSS","M","M","?","M","M"],"items_purchased_type":[],"build_version":"2020-12-22","purchased_purges":0,"victory":false,"max_hp_per_floor":[80,80,80,80,80,80,80,80,80,80,80,80,80,80,80,80,80,80,80,80,80,80,80],"card_choices":[{"not_picked":["Headbutt","Heavy Blade"],"picked":"Flame Barrier","floor":1},{"not_picked":["Clothesline","Sentinel"],"picked":"Flex","floor":2},{"not_picked":["Dropkick","Sword Boomerang"],"picked":"Anger","floor":4},{"not_picked":["Clash","Berserk","True Grit"],"picked":"SKIP","floor":5},{"not_picked":["Rampage","Reckless Charge"],"picked":"Flex","floor":6},{"not_picked":["Clash","Pummel","Wild Strike"],"picked":"SKIP","floor":8},{"not_picked":["Heavy Blade","Searing Blow"],"picked":"Shrug It Off","floor":11},{"not_picked":["Dark Embrace","Thunderclap","Heavy Blade"],"picked":"SKIP","floor":12},{"not_picked":["Clothesline","Combust","Perfected Strike"],"picked":"SKIP","floor":13},{"not_picked":["Perfected Strike","Twin Strike"],"picked":"Inflame","floor":14},{"not_picked":["Brutality","Corruption"],"picked":"Feed","floor":16},{"not_picked":["Twin Strike+1","Clothesline"],"picked":"Flex+1","floor":18},{"not_picked":["Shrug It Off","Clothesline"],"picked":"Flex","floor":19},{"not_picked":["Clothesline","Warcry+1"],"picked":"Feed","floor":21}],"player_experience":119564,"relics_obtained":[{"floor":6,"key":"Bird Faced Urn"},{"floor":9,"key":"Whetstone"},{"floor":13,"key":"Mummified Hand"},{"floor":17,"key":"Calipers"},{"floor":17,"key":"Matryoshka"},{"floor":17,"key":"Ancient Tea Set"}],"event_choices":[{"cards_removed":["Strike_R"],"damage_healed":0,"gold_gain":0,"player_choice":"Forget","damage_taken":0,"max_hp_gain":0,"max_hp_loss":0,"event_name":"Living Wall","floor":3,"gold_loss":0},{"damage_healed":0,"gold_gain":200,"player_choice":"Gold","damage_taken":0,"max_hp_gain":0,"max_hp_loss":0,"event_name":"Wheel of Change","floor":20,"gold_loss":0}],"is_beta":false,"boss_relics":[{"not_picked":["Sozu","Busted Crown"],"picked":"Calling Bell"}],"items_purged_floors":[],"is_endless":false,"potions_floor_spawned":[2,6,12,13],"killed_by":"Shelled Parasite and Fungi","ascension_level":0}}