{"host":"UwU","time":1609445106,"event":{"mods":["AchievementEnabler","Act Like it!","BaseMod","Better Altar","Better Match","Better Note","Better Sensory Stone","Better Skull","Better Third Choice","BetterRewards","CCEM","Clawfect","Colored Map","Conspire","Downfall","GifTheSpireLib","Googly Eyes","Hermit","Highlight Path","Hubris","Hunter ??","Infinite Spire","Minty Spire (QoL Compilation)","Permanent Neow","Replay The Spire","StSLib","Unceasing Turn Reminder","everything is the same but u backflip on backflip","slay the spire mod where everything is the same but ironclad has a cowboy hat"],"gold_per_floor":[111,71,71,87,97,97,97,97],"floor_reached":7,"playtime":325,"items_purged":[],"score":41,"play_id":"e8a8da31-67bb-44df-975d-c7ae7636fb5f","local_time":"20201231150506","is_ascension_mode":false,"campfire_choices":[{"data":"Blade Dance","floor":6,"key":"SMITH"}],"circlet_count":0,"master_deck":["Strike_G","Strike_G","Strike_G","Strike_G","Strike_G","Defend_G","Defend_G","Defend_G","Defend_G","Defend_G","Survivor","Neutralize","Wraith Form v2","Outmaneuver","Fluid Movement","Blade Dance+1","Acrobatics"],"relics":["Ring of the Snake","hubris:BottledRain"],"acts_visited":["Exordium"],"potions_floor_usage":[7],"damage_taken":[{"damage":1,"enemies":"Cultist","floor":1,"turns":5},{"damage":7,"enemies":"Small Slimes","floor":4,"turns":6},{"damage":14,"enemies":"conspire:RoseBush","floor":5,"turns":4},{"damage":63,"enemies":"Lagavulin","floor":7,"turns":9}],"seed_played":"8000417491673045634","potions_obtained":[{"floor":5,"key":"AttackPotion"}],"is_trial":false,"path_per_floor":["M","$","T","M","M","R","E"],"character_chosen":"THE_SILENT","items_purchased":["Fluid Movement"],"campfire_rested":0,"item_purchase_floors":[2],"current_hp_per_floor":[69,69,69,62,48,48,0,0],"gold":97,"neow_bonus":"ONE_RANDOM_RARE_CARD","is_daily":false,"chose_seed":false,"campfire_upgraded":1,"win_rate":0.0,"timestamp":1609445106,"path_taken":["M","$","?","M","M","R","E"],"items_purchased_type":["Card"],"build_version":"2020-11-17","purchased_purges":0,"victory":false,"max_hp_per_floor":[70,70,70,70,70,70,70,70],"card_choices":[{"not_picked":["Underhanded Strike","Dagger Spray"],"picked":"Outmaneuver","floor":1},{"not_picked":["Deadly Poison","Acrobatics"],"picked":"Blade Dance","floor":4},{"not_picked":["Skewer","hubris:SlightOfHand"],"picked":"Acrobatics","floor":5}],"player_experience":29619,"relics_obtained":[{"floor":3,"key":"hubris:BottledRain"}],"event_choices":[],"is_beta":true,"boss_relics":[],"items_purged_floors":[],"is_endless":false,"potions_floor_spawned":[5],"killed_by":"Lagavulin","ascension_level":0}}