{"host":"nzq3d31h1j2g5t95","time":1609381275,"event":{"mods":["BaseMod","Hubris","KinomotoSakuraMod(Ä¾Ö®±¾Ó£)","Minty Spire (QoL Compilation)","StSLib","[IsaacMod]ÒÔÈö¼âËþ"],"gold_per_floor":[116,130,149,169,344,344,371,386,386,413,38,57,87,101,101,205,205,219,119,132,132,167,167,10,10,35,35,35],"floor_reached":29,"playtime":986,"items_purged":["Doubt","Strike_R","Strike_R"],"score":450,"play_id":"cf12d6ac-a910-46a4-af43-33d26290deab","local_time":"20201231102115","is_ascension_mode":true,"campfire_choices":[{"data":"Armaments","floor":6.0,"key":"SMITH"},{"floor":15,"key":"REST"},{"data":"Offering","floor":24,"key":"SMITH"}],"circlet_count":0,"master_deck":["Strike_R","Strike_R","Strike_R","Defend_R","Defend_R","Defend_R","Defend_R","Bash","Inflame","Heavy Blade","Armaments+1","Spot Weakness","Shockwave","Sword Boomerang","Offering+1","Inflame","Offering","Infernal Blade","Flex","Infernal Blade+1"],"relics":["Burning Blood","HushsDoor","TheBible","NeowsBlessing","hubris:Teleporter","Champion Belt","Boot","Chaos","PreservedInsect","TheBean","hubris:GlazedTorus","DeathBook","hubris:BottledHeart","Mango","Sling","Bronze Scales","AnarchistCookbook"],"acts_visited":["Exordium","TheCity"],"potions_floor_usage":[16,20,20],"damage_taken":[{"damage":0.0,"enemies":"Small Slimes","floor":1.0,"turns":1.0},{"damage":0.0,"enemies":"Jaw Worm","floor":2.0,"turns":1.0},{"damage":0.0,"enemies":"Cultist","floor":3.0,"turns":1.0},{"damage":13.0,"enemies":"3 Louse","floor":4.0,"turns":4.0},{"damage":20.0,"enemies":"3 Sentries","floor":7.0,"turns":7.0},{"damage":1.0,"enemies":"2 Fungi Beasts","floor":8.0,"turns":3.0},{"damage":16.0,"enemies":"Gremlin Nob","floor":10.0,"turns":3.0},{"damage":17.0,"enemies":"Looter","floor":12.0,"turns":4.0},{"damage":19.0,"enemies":"3 Sentries","floor":13.0,"turns":6.0},{"damage":19,"enemies":"Exordium Thugs","floor":14,"turns":5},{"damage":17,"enemies":"Slime Boss","floor":16,"turns":9},{"damage":34,"enemies":"2 Thieves","floor":18,"turns":3},{"damage":23,"enemies":"3 Byrds","floor":20,"turns":6},{"damage":0,"enemies":"Gremlin Leader","floor":23,"turns":2},{"damage":0,"enemies":"Book of Stabbing","floor":27,"turns":3}],"seed_played":"2511353185176192545","potions_obtained":[{"floor":1.0,"key":"Weak Potion"},{"floor":3.0,"key":"ColorlessPotion"},{"floor":4.0,"key":"LiquidBronze"},{"floor":12.0,"key":"CultistPotion"},{"floor":14,"key":"FearPotion"},{"floor":18,"key":"BloodPotion"},{"floor":20,"key":"GamblersBrew"}],"is_trial":false,"path_per_floor":["M","M","M","M","?","R","E","M","T","E","$","M","E","M","R","B",null,"M","$","M","?","E","R","$","T","E","?"],"character_chosen":"IRONCLAD","items_purchased":["Chaos","PreservedInsect","Inflame","DeathBook","Offering","Sling"],"campfire_rested":1,"item_purchase_floors":[11,11,17,17,17,25],"current_hp_per_floor":[78,80,80,73,73,73,59,64,64,54,54,43,30,17,40,29,49,21,21,15,1,1,1,1,1,1,0,0],"gold":35,"neow_bonus":"THREE_ENEMY_KILL","is_daily":false,"chose_seed":false,"campfire_upgraded":2,"win_rate":0.0,"timestamp":1609381275,"path_taken":["M","M","M","M","?","R","E","M","T","E","?","M","E","M","R","BOSS","M","$","M","?","E","R","?","T","E","?"],"items_purchased_type":["Card","Relic","Card","Relic","Card","Relic"],"build_version":"2020-12-22","purchased_purges":3,"victory":false,"max_hp_per_floor":[80,80,80,80,80,80,80,80,80,77,77,77,77,77,77,77,55,55,55,55,1,1,1,1,1,1,1,1],"card_choices":[{"not_picked":["Headbutt","Bomb"],"picked":"Inflame","floor":1.0},{"not_picked":["hubris:ReadiedAction","Armaments"],"picked":"Heavy Blade","floor":2.0},{"not_picked":["Ghostly Armor","Reckless Charge"],"picked":"Armaments","floor":3.0},{"not_picked":["Rampage","Evolve"],"picked":"Spot Weakness","floor":4.0},{"not_picked":["Thunderclap","Evolve"],"picked":"Shockwave","floor":7.0},{"not_picked":["Rupture","Headbutt","Entrench"],"picked":"SKIP","floor":8.0},{"not_picked":["Brutality","Sever Soul","Armaments"],"picked":"SKIP","floor":10.0},{"not_picked":["Twin Strike","Body Slam","Perfected Strike"],"picked":"SKIP","floor":12.0},{"not_picked":["Bomb","Armaments","Twin Strike"],"picked":"SKIP","floor":13.0},{"not_picked":["Sever Soul","Dual Wield"],"picked":"Sword Boomerang","floor":14},{"not_picked":["Double Tap","Exhume"],"picked":"Offering","floor":16},{"not_picked":["Armaments+1","Metallicize"],"picked":"Infernal Blade","floor":18},{"not_picked":["Blood for Blood","Rage+1"],"picked":"Flex","floor":20},{"not_picked":["Headbutt+1","True Grit","Wild Strike"],"picked":"SKIP","floor":23},{"not_picked":["Evolve","Armaments+1"],"picked":"Infernal Blade+1","floor":27}],"player_experience":147895,"relics_obtained":[{"floor":7.0,"key":"hubris:Teleporter"},{"floor":9.0,"key":"Champion Belt"},{"floor":10.0,"key":"Boot"},{"floor":13.0,"key":"TheBean"},{"floor":23,"key":"Mango"},{"floor":26,"key":"Bronze Scales"},{"floor":27,"key":"AnarchistCookbook"}],"event_choices":[{"damage_healed":0.0,"max_hp_gain":0.0,"max_hp_loss":0.0,"gold_gain":175.0,"event_name":"Liars Game","player_choice":"AGREE","floor":5.0,"gold_loss":0.0,"damage_taken":0.0,"cards_obtained":["Doubt"]}],"is_beta":false,"boss_relics":[{"not_picked":["Charon\u0027s Ashes","PrismaticShard"],"picked":"hubris:GlazedTorus"},{"not_picked":[]}],"items_purged_floors":[11,17,19],"is_endless":false,"potions_floor_spawned":[1,3,4,12,14,18,20],"ascension_level":7}}