{"host":"m77rrhbqzv44va4v","time":1609395402,"event":{"mods":["AchievementEnabler","BaseMod","Colored Map","DeckTracker","Keyboard Shortcuts","Minty Spire (QoL Compilation)","StSLib","SuperFastMode","everything is the same but u backflip on backflip"],"gold_per_floor":[12,32,49,63,78,78,96,96,121,121,121,121,136,151,151,151,151],"floor_reached":16,"playtime":308,"items_purged":[],"score":178,"play_id":"8f036c00-0b07-43a2-8ce6-d907dc5aac0e","local_time":"20201231151642","is_ascension_mode":true,"campfire_choices":[{"floor":6,"key":"REST"},{"data":"Perfected Strike","floor":8,"key":"SMITH"},{"floor":10,"key":"REST"},{"data":"Inflame","floor":12,"key":"SMITH"},{"data":"Bloodletting","floor":15,"key":"SMITH"}],"circlet_count":0,"master_deck":["AscendersBane","Strike_R","Strike_R","Strike_R","Strike_R","Strike_R","Defend_R","Defend_R","Defend_R","Defend_R","Bash","Apotheosis+1","Twin Strike","Bloodletting+1","Shockwave","Double Tap","Inflame+1","Perfected Strike+1","Shrug It Off"],"relics":["Burning Blood","Ancient Tea Set"],"acts_visited":["Exordium"],"potions_floor_usage":[4,4,16],"damage_taken":[{"damage":3,"enemies":"Cultist","floor":1,"turns":4},{"damage":24,"enemies":"Small Slimes","floor":2,"turns":4},{"damage":9,"enemies":"2 Louse","floor":3,"turns":4},{"damage":19,"enemies":"2 Fungi Beasts","floor":4,"turns":3},{"damage":33,"enemies":"Lots of Slimes","floor":5,"turns":4},{"damage":22,"enemies":"3 Louse","floor":7,"turns":5},{"damage":12,"enemies":"Exordium Wildlife","floor":13,"turns":2},{"damage":16,"enemies":"Blue Slaver","floor":14,"turns":4},{"damage":39,"enemies":"Hexaghost","floor":16,"turns":9}],"seed_played":"4818512604130044247","potions_obtained":[{"floor":1,"key":"ElixirPotion"},{"floor":2,"key":"Fire Potion"},{"floor":4,"key":"BloodPotion"},{"floor":7,"key":"Fire Potion"}],"is_trial":false,"path_per_floor":["M","M","M","M","M","R","M","R","T","R","?","R","M","M","R","B"],"character_chosen":"IRONCLAD","items_purchased":[],"campfire_rested":2,"item_purchase_floors":[],"current_hp_per_floor":[71,53,50,52,25,47,31,31,31,53,53,53,47,37,37,0,0],"gold":151,"neow_bonus":"RANDOM_COLORLESS_2","is_daily":false,"chose_seed":false,"campfire_upgraded":3,"win_rate":0.0,"timestamp":1609395402,"path_taken":["M","M","M","?","M","R","M","R","T","R","?","R","M","M","R","BOSS"],"items_purchased_type":[],"build_version":"2020-12-22","purchased_purges":0,"victory":false,"max_hp_per_floor":[75,75,75,75,75,75,75,75,75,75,75,75,75,75,75,75,75],"card_choices":[{"not_picked":["Secret Weapon","Master of Strategy"],"picked":"Apotheosis","floor":0},{"not_picked":["Heavy Blade","Clothesline"],"picked":"Twin Strike","floor":1},{"not_picked":["Pommel Strike","Sword Boomerang"],"picked":"Bloodletting","floor":2},{"not_picked":["True Grit","Sword Boomerang"],"picked":"Shockwave","floor":3},{"not_picked":["Clash","Heavy Blade"],"picked":"Double Tap","floor":4},{"not_picked":["Heavy Blade","Cleave"],"picked":"Inflame","floor":5},{"not_picked":["Searing Blow","Pommel Strike"],"picked":"Perfected Strike","floor":7},{"not_picked":["Clothesline","Iron Wave","Twin Strike"],"picked":"SKIP","floor":13},{"not_picked":["Armaments","Anger"],"picked":"Shrug It Off","floor":14}],"player_experience":850263,"relics_obtained":[{"floor":9,"key":"Ancient Tea Set"}],"event_choices":[{"damage_healed":0,"gold_gain":0,"player_choice":"Forge","damage_taken":0,"max_hp_gain":0,"max_hp_loss":0,"event_name":"Accursed Blacksmith","floor":11,"gold_loss":0,"cards_upgraded":["Apotheosis"]}],"is_beta":false,"boss_relics":[],"items_purged_floors":[],"is_endless":false,"potions_floor_spawned":[1,2,4,7,13],"killed_by":"Hexaghost","ascension_level":17}}