{"host":"7uuqqk35leady37t","time":1609379920,"event":{"mods":["BaseMod","Colored Map","Colored Powertips","Downfall","Marisa£®ÏF”Í°°ƒß¿Ì…≥£©","Minty Spire (QoL Compilation)","Remilia£®¿Ÿ√◊¿Ú—«£©","Robot Space Explorer","StSLib","The Bug Knight","The Servant 0.9.4","Waifu the Spire","Yuri Mod","[IsaacMod]“‘»ˆº‚À˛"],"gold_per_floor":[128,141,161,175,255,280,555,555,624,649,674,674,62,95,95,194,194,208,208,208,228,238,269,269,294,294,219,229,229,279,298,298,298,298],"floor_reached":33,"playtime":1220,"items_purged":["Pain"],"score":424,"play_id":"490c8518-092d-4c50-89b8-739566a1a796","local_time":"20201231095840","is_ascension_mode":false,"campfire_choices":[{"data":"Fiend Fire","floor":8,"key":"SMITH"},{"data":"Limit Break","floor":15,"key":"SMITH"},{"data":"sneckomod:Unknown2Cost","floor":32,"key":"SMITH"}],"circlet_count":0,"master_deck":["Strike_R","Strike_R","Strike_R","Strike_R","Defend_R","Defend_R","Defend_R","Defend_R","Bash","BettingIsNotGood","Bludgeon","Rampage","Fiend Fire+1","Spot Weakness","Heavy Blade","Shockwave","Regret","Dark Embrace","Cleave","Limit Break+1","sneckomod:Unknown2Cost+1","hexamod:GhostflameInferno","LeisurelyOfLord","MysteriousBeam","expansioncontent:Hexaburn+1","ScarletNetherworld","Reckless Charge+1","yuri:RhapsodyCurse","Conserve Battery+1","Undo","Blood for Blood+1","hexamod:RainOfEmbers+1","Feed+1"],"relics":["Burning Blood","HushsDoor","SatanicBible","Lizard Tail","DeadEye","UnicornStump","PrismaticShard","Centennial Puzzle","HornCleat","MagicMushroom","TheBean","WarpedTongs","Molten Egg 2","Nunchaku","MutagenicStrength","Bag of Marbles"],"acts_visited":["Exordium","TheCity"],"potions_floor_usage":[4,10,14,16],"damage_taken":[{"damage":6,"enemies":"Jaw Worm","floor":1,"turns":3},{"damage":0,"enemies":"Cultist","floor":2,"turns":3},{"damage":5,"enemies":"Small Slimes","floor":3,"turns":2},{"damage":12,"enemies":"Blue Slaver","floor":4,"turns":2},{"damage":36,"enemies":"Lagavulin","floor":6,"turns":5},{"damage":16,"enemies":"Lots of Slimes","floor":10,"turns":4},{"damage":0,"enemies":"Gremlin Nob","floor":11,"turns":2},{"damage":24,"enemies":"Gremlin Gang","floor":14,"turns":3},{"damage":0,"enemies":"The Guardian","floor":16,"turns":2},{"damage":21,"enemies":"Shell Parasite","floor":18,"turns":4},{"damage":8,"enemies":"3 Byrds","floor":21,"turns":2},{"damage":12,"enemies":"Snake Plant","floor":22,"turns":2},{"damage":0,"enemies":"Book of Stabbing","floor":23,"turns":4},{"damage":2,"enemies":"Snecko","floor":25,"turns":4},{"damage":7,"enemies":"3 Cultists","floor":28,"turns":4},{"damage":18,"enemies":"Slavers","floor":30,"turns":3},{"damage":1,"enemies":"Centurion and Healer","floor":31,"turns":2},{"damage":78,"enemies":"Automaton","floor":33,"turns":6}],"seed_played":"8630129719115598617","potions_obtained":[{"floor":3,"key":"Explosive Potion"},{"floor":6,"key":"Fire Potion"},{"floor":10,"key":"Fire Potion"},{"floor":14,"key":"hexamod:EctoCoolerPotion"},{"floor":21,"key":"Guardian:BlockOnCardUsePotion"},{"floor":22,"key":"Fire Potion"},{"floor":28,"key":"SteroidPotion"}],"is_trial":false,"path_per_floor":["M","M","M","M","?","E","?","R","T","M","E","?","$","M","R","B",null,"M","?","?","M","M","E","?","M","T","$","M","?","E","M","R","B"],"character_chosen":"IRONCLAD","items_purchased":["Limit Break","PrismaticShard","Centennial Puzzle","HornCleat"],"campfire_rested":0,"item_purchase_floors":[13,13,13,13],"current_hp_per_floor":[80,80,80,79,64,34,34,34,34,24,30,23,23,46,46,52,87,72,57,57,56,51,58,58,63,63,63,63,63,52,58,58,0,0],"gold":298,"neow_bonus":"ONE_RANDOM_RARE_CARD","is_daily":false,"chose_seed":false,"campfire_upgraded":3,"win_rate":0.0,"timestamp":1609379920,"path_taken":["M","M","M","M","?","E","?","R","T","?","E","?","$","M","R","BOSS","M","?","?","?","M","E","?","M","T","?","M","?","E","M","R","BOSS"],"items_purchased_type":["Card","Relic","Relic","Relic"],"build_version":"2020-12-22","purchased_purges":1,"victory":false,"max_hp_per_floor":[80,80,80,80,80,80,80,80,80,80,80,80,80,80,80,80,87,87,87,87,87,87,87,87,87,87,87,87,87,87,87,87,87,87],"card_choices":[{"not_picked":[],"picked":"BettingIsNotGood","floor":0},{"not_picked":["Pummel","Disarm"],"picked":"Rampage","floor":1},{"not_picked":["Pommel Strike","True Grit"],"picked":"Fiend Fire","floor":2},{"not_picked":["Shrug It Off","Headbutt"],"picked":"Spot Weakness","floor":3},{"not_picked":["Uppercut","Seeing Red"],"picked":"Heavy Blade","floor":4},{"not_picked":["Bomb","Reckless Charge"],"picked":"Shockwave","floor":6},{"not_picked":["Clothesline","Entrench"],"picked":"Dark Embrace","floor":10},{"not_picked":["Battle Trance","Clothesline"],"picked":"Cleave","floor":11},{"not_picked":["hexamod:GhostShield","MagicChant"],"picked":"sneckomod:Unknown2Cost","floor":14},{"not_picked":["champ:MurderStrike","MillisecondPulsars"],"picked":"hexamod:GhostflameInferno","floor":16},{"not_picked":["Barrage","Slimebound:Gluttony"],"picked":"LeisurelyOfLord","floor":18},{"not_picked":["SashWhip","sneckomod:SerpentIdol"],"picked":"MysteriousBeam","floor":21},{"not_picked":["HollowMod:SoulSplash","HollowMod:InfectedAttack+1"],"picked":"expansioncontent:Hexaburn+1","floor":22},{"not_picked":["RobotSpaceExplorer:PlasmaMissile+1","Underhanded Strike+1"],"picked":"ScarletNetherworld","floor":23},{"not_picked":["Slimebound:ItLooksTasty+1","sneckomod:SoulDraw"],"picked":"Conserve Battery+1","floor":25},{"not_picked":["RobotSpaceExplorer:Smokescreen+1","Slimebound:SplitLeeching+1"],"picked":"Undo","floor":28},{"not_picked":["HollowMod:NewJinnsSoul","RobotSpaceExplorer:FreezingShield+1"],"picked":"hexamod:RainOfEmbers+1","floor":30},{"not_picked":["RobotSpaceExplorer:SlimeMissile+1","yuri:GlitchRemove","HollowMod:TaintedHusks"],"picked":"SKIP","floor":31}],"player_experience":33939,"relics_obtained":[{"floor":6,"key":"Lizard Tail"},{"floor":9,"key":"DeadEye"},{"floor":11,"key":"UnicornStump"},{"floor":23,"key":"Molten Egg 2"},{"floor":26,"key":"Nunchaku"},{"floor":30,"key":"Bag of Marbles"}],"event_choices":[{"damage_healed":0,"gold_gain":275,"player_choice":"Desecrate","damage_taken":0,"max_hp_gain":0,"max_hp_loss":0,"event_name":"Golden Shrine","floor":7,"gold_loss":0,"cards_obtained":["Regret"]},{"cards_removed":["Strike_R"],"damage_healed":0,"gold_gain":0,"player_choice":"Card Removal","damage_taken":7,"max_hp_gain":0,"max_hp_loss":0,"event_name":"Golden Wing","floor":12,"gold_loss":0},{"damage_healed":0,"gold_gain":0,"player_choice":"Rummage","damage_taken":0,"relics_obtained":["WarpedTongs"],"max_hp_gain":0,"max_hp_loss":0,"event_name":"Accursed Blacksmith","floor":20,"gold_loss":0,"cards_obtained":["Pain"]},{"damage_healed":0,"gold_gain":0,"player_choice":"2 cards matched","damage_taken":0,"max_hp_gain":0,"max_hp_loss":0,"event_name":"Match and Keep!","floor":24,"gold_loss":0,"cards_obtained":["Reckless Charge","yuri:RhapsodyCurse"]},{"damage_healed":0,"gold_gain":0,"player_choice":"Inject Mutagens","damage_taken":0,"relics_obtained":["MutagenicStrength"],"max_hp_gain":0,"max_hp_loss":0,"event_name":"Drug Dealer","floor":29,"gold_loss":0}],"is_beta":false,"boss_relics":[{"not_picked":["Black Star","Sozu"],"picked":"MagicMushroom"},{"not_picked":[]}],"items_purged_floors":[27],"is_endless":false,"potions_floor_spawned":[3,6,10,14,21,22,28,30],"killed_by":"Automaton","ascension_level":0}}