{"host":"cgv4xfjbrthxr81g","time":1609377072,"event":{"mods":["2.2 Compatiblity","Act Like it!","BaseMod","Bestiary","Better Altar","Better Match","Better Note","Better Sensory Stone","Better Skull","Better Third Choice","BetterRewards","Block Reminder","Card Forge","Clawfect","Colored Map","Colored Powertips","Curses Come First","DeckTracker","Defuse TimeMaze Blight","Downfall","Energized Spire","Evolution","Friendly Minions","Hallownest","Highlight Path","Hubris","Infinite Spire","Mimic Mod","Minty Spire (QoL Compilation)","Permanent Neow","Quick Restart","Rare Cards Sparkle","Relic Sorter","Relic Stats","Replay The Spire","Robot Space Explorer","Shop Mod","Spicy Shops","StSLib","SuperFastMode","The Bug Knight","The Caster","The Construct","The Jungle","TheVacant","Uncapped","Wandering Minibosses"],"gold_per_floor":[119,139,89,89,14,14,48,60,106,106,106,141,141,161,161,161,161],"floor_reached":16,"playtime":516,"items_purged":["Injury"],"score":112,"play_id":"54488c98-507b-42c0-837b-246e98671301","local_time":"20201230201112","is_ascension_mode":true,"campfire_choices":[{"data":"construct:AttackMode","floor":6,"key":"SMITH"},{"floor":13,"key":"REST"}],"circlet_count":0,"master_deck":["construct:SweepLaser","construct:Strike_Gold","construct:Strike_Gold","construct:Strike_Gold","construct:Strike_Gold","construct:Defend_Gold","construct:Defend_Gold","construct:Defend_Gold","construct:Defend_Gold","construct:Defend_Gold","construct:AttackMode+1","construct:DefenseMode","construct:Autoturret+1","construct:MetalShell","construct:MetalShell"],"relics":["construct:Cogwheel","construct:Challenge1","Hammer of Thor","Seething Fire","Anvil of the Gods","EVO:Axolotl","hubris:Towel","ReplayTheSpireMod:CursedCoin","BargainBundle","hubris:Icosahedron","Hallownest:BankAccountRelic","infinitespire:Lucky Rock","Centennial Puzzle","Replay:Wax Seal"],"acts_visited":["Hallownest:Greenpath"],"potions_floor_usage":[16],"damage_taken":[{"damage":16,"enemies":"Hallownest:2_Tiktiks_and_1_Crawlid","floor":1,"turns":4},{"damage":1,"enemies":"Hallownest:monsterHuskWarrior","floor":2,"turns":3},{"damage":25,"enemies":"Hallownest:eliteCrystalGuardian","floor":7,"turns":6},{"damage":4,"enemies":"Hallownest:2_MossCreeps","floor":8,"turns":6},{"damage":7,"enemies":"Hallownest:eliteMossKnight","floor":12,"turns":7},{"damage":14,"enemies":"Hallownest:MossCreep_and_Mosskin","floor":14,"turns":8},{"damage":34,"enemies":"Hallownest:BossBrokenVessel","floor":16,"turns":6}],"seed_played":"8180717441613585860","potions_obtained":[{"floor":1,"key":"Energy Potion"}],"is_trial":false,"path_per_floor":["M","M","$","?","?","R","E","M","T","?","?","E","R","M","R_BF","B"],"character_chosen":"THE_CONSTRUCT_MOD","items_purchased":["ReplayTheSpireMod:CursedCoin","BargainBundle","Elixir","sneckomod:MuddlingPotion","construct:Autoturret","construct:MetalShell"],"campfire_rested":1,"item_purchase_floors":[3,3,3,3,3,3],"current_hp_per_floor":[69,68,68,68,68,68,43,39,39,30,30,23,48,34,34,0,0],"gold":161,"neow_bonus":"RANDOM_EVENT","is_daily":false,"chose_seed":false,"campfire_upgraded":1,"win_rate":0.0,"timestamp":1609377072,"path_taken":["M","M","$","?","?","R","E","M","T","?","?","E","R","M","R_BF","BOSS"],"items_purchased_type":["Relic","Relic","Potion","Potion","Card","Card"],"build_version":"2020-12-22","purchased_purges":1,"victory":false,"max_hp_per_floor":[85,85,85,85,85,85,85,85,85,85,85,85,85,85,85,85,85],"relic_stats":{"Centennial Puzzle":[9],"counters":[7,40],"obtain_stats":[{"BargainBundle":3,"ReplayTheSpireMod:CursedCoin":3,"Hammer of Thor":0,"EVO:Axolotl":0,"Seething Fire":0,"infinitespire:Lucky Rock":7,"hubris:Towel":0,"construct:Challenge1":0,"Centennial Puzzle":9,"hubris:Icosahedron":4,"Anvil of the Gods":0,"Hallownest:BankAccountRelic":5,"construct:Cogwheel":0,"Replay:Wax Seal":12},{"BargainBundle":2,"ReplayTheSpireMod:CursedCoin":2,"Hammer of Thor":0,"EVO:Axolotl":0,"Seething Fire":0,"infinitespire:Lucky Rock":3,"hubris:Towel":0,"construct:Challenge1":0,"Centennial Puzzle":4,"hubris:Icosahedron":2,"Anvil of the Gods":0,"Hallownest:BankAccountRelic":2,"construct:Cogwheel":0,"Replay:Wax Seal":5},{"BargainBundle":7,"ReplayTheSpireMod:CursedCoin":7,"Hammer of Thor":0,"EVO:Axolotl":0,"Seething Fire":0,"infinitespire:Lucky Rock":13,"hubris:Towel":0,"construct:Challenge1":0,"Centennial Puzzle":19,"hubris:Icosahedron":7,"Anvil of the Gods":0,"Hallownest:BankAccountRelic":7,"construct:Cogwheel":0,"Replay:Wax Seal":26}]},"card_choices":[{"not_picked":["construct:Versatility","construct:Accumulate","construct:Analyze"],"picked":"SKIP","floor":1},{"not_picked":["construct:Antimatter","construct:ModeShift","construct:Boost"],"picked":"SKIP","floor":2},{"not_picked":["construct:Versatility","construct:ShiftStrike","construct:VentSteam"],"picked":"SKIP","floor":7},{"not_picked":["construct:Tumble","construct:ModeShift","construct:Isolate"],"picked":"SKIP","floor":8},{"not_picked":["construct:Synchronize","construct:SyphonStrike","construct:PointDefense"],"picked":"SKIP","floor":12},{"not_picked":["construct:ModeShift","construct:ClusterMines","construct:Accumulate"],"picked":"SKIP","floor":14}],"player_experience":86186,"relics_obtained":[{"floor":7,"key":"infinitespire:Lucky Rock"},{"floor":9,"key":"Centennial Puzzle"},{"floor":12,"key":"Replay:Wax Seal"}],"event_choices":[],"is_beta":false,"boss_relics":[],"items_purged_floors":[3],"is_endless":false,"potions_floor_spawned":[1,7],"killed_by":"Hallownest:BossBrokenVessel","ascension_level":1}}