{"host":"qzvr69t6v3frb6bz","time":1609436260,"event":{"mods":["Aspiration","BaseMod","Bestiary","Better Altar","Better Match","Better Note","Better Sensory Stone","Better Skull","Better Third Choice","BetterRewards","Colored Map","Colored Powertips","Downfall","Highlight Path","Hubris","Infinite Spire","Minty Spire (QoL Compilation)","Replay The Spire","Shop Mod","StSLib","The Animator","The Bug Knight","The Cursed","The Jungle","The Servant 0.9.4"],"gold_per_floor":[109,109,109,126,141,175,175,204,228,239,273,283,283,283,283,383,383,402,413,413,413,413,446,446,446,472,487,520,530,561,576,576,673,673,693,693,707,717,767,798,898,898,966,560,577,593,593,611,611,611,611,611,203,228,228],"floor_reached":56,"playtime":7184,"items_purged":["Shame","TheCursedMod:CursedAmulet"],"score":1785,"play_id":"4d861cf4-70a0-405a-93f9-74fafff859fc","local_time":"20201231173740","is_ascension_mode":true,"campfire_choices":[{"data":"TheCursedMod:CleanUpWorkshop","floor":7.0,"key":"SMITH"},{"data":"TheCursedMod:DemonicPact","floor":15.0,"key":"SMITH"},{"data":"TheCursedMod:Grudge","floor":25.0,"key":"SMITH"},{"floor":32.0,"key":"REST"},{"floor":49,"key":"RECALL"},{"data":"TheCursedMod:SpitefulPlan","floor":52,"key":"SMITH"}],"circlet_count":0,"master_deck":["TheCursedMod:CursedWand+1","TheCursedMod:CleanUpWorkshop+1","TheCursedMod:RapidMovement","TheCursedMod:Grudge+1","TheCursedMod:AshesToAshes","TheCursedMod:DemonicPact+1","TheCursedMod:LuckyCharm+1","TheCursedMod:SpitefulPlan+1","TheCursedMod:CollectTribute","TheCursedMod:CursedShiv+1","TheCursedMod:HellfireBreathing+1","TheCursedMod:VoidForm","infinitespire:Collect","Writhe"],"relics":["TheCursedMod:CrystalBall","NeowsBlessing","Replay:Kaleidoscope","infinitespire:Satchel","Bottled Lightning","Sozu","aspiration:FetidBarrel","Strange Spoon","Gremlin Food","ReplayTheSpireMod:Lightbulb","Busted Crown","FossilizedHelix","Counterbalance","Molten Egg 2","MerchantsRug","hubris:SlimyHat","Lee\u0027s Waffle","Centennial Puzzle","Letter Opener","aspiration:Lifesprig","Replay:Wax Seal"],"acts_visited":["Exordium","TheCity","TheBeyond","TheEnding"],"potions_floor_usage":[],"damage_taken":[{"damage":0.0,"enemies":"Small Slimes","floor":1.0,"turns":1.0},{"damage":0.0,"enemies":"Cultist","floor":4.0,"turns":2.0},{"damage":1.0,"enemies":"Jaw Worm","floor":5.0,"turns":2.0},{"damage":0.0,"enemies":"Lagavulin","floor":6.0,"turns":7.0},{"damage":6.0,"enemies":"3 Sentries","floor":8.0,"turns":6.0},{"damage":3.0,"enemies":"Exordium Wildlife","floor":10.0,"turns":4.0},{"damage":0.0,"enemies":"Lagavulin","floor":11.0,"turns":4.0},{"damage":6.0,"enemies":"2 Fungi Beasts","floor":12.0,"turns":3.0},{"damage":0.0,"enemies":"The Guardian","floor":16.0,"turns":6.0},{"damage":1.0,"enemies":"3 Byrds","floor":18.0,"turns":2.0},{"damage":0.0,"enemies":"2 Thieves","floor":19.0,"turns":2.0},{"damage":0.0,"enemies":"Replay:Snechameleon","floor":23.0,"turns":3.0},{"damage":12.0,"enemies":"Centurion and Healer","floor":27.0,"turns":2.0},{"damage":18.0,"enemies":"Slavers","floor":28.0,"turns":3.0},{"damage":0.0,"enemies":"Snake Plant","floor":29.0,"turns":3.0},{"damage":0.0,"enemies":"Book of Stabbing","floor":30.0,"turns":2.0},{"damage":0.0,"enemies":"Chosen and Byrds","floor":31.0,"turns":3.0},{"damage":13.0,"enemies":"hubris:MusketHawk","floor":33.0,"turns":4.0},{"damage":5.0,"enemies":"3 Shapes","floor":35.0,"turns":3.0},{"damage":9.0,"enemies":"3 Darklings","floor":37.0,"turns":3.0},{"damage":6.0,"enemies":"Maw","floor":38.0,"turns":3.0},{"damage":0.0,"enemies":"Mind Bloom Boss Battle","floor":39.0,"turns":3.0},{"damage":0.0,"enemies":"Reptomancer","floor":40.0,"turns":2.0},{"damage":10.0,"enemies":"infinitespire:Three Voidlings","floor":41.0,"turns":3.0},{"damage":21.0,"enemies":"Nightmare_Alpha","floor":41.0,"turns":6.0},{"damage":0,"enemies":"Spire Growth","floor":45,"turns":2},{"damage":5,"enemies":"3 Darklings","floor":46,"turns":3},{"damage":0,"enemies":"4 Shapes","floor":48,"turns":2},{"damage":23,"enemies":"hubris:GrandSnecko","floor":50,"turns":4},{"damage":0,"enemies":"Shield and Spear","floor":54,"turns":2},{"damage":2,"enemies":"The Heart","floor":55,"turns":4}],"seed_played":"-30559326174529676","potions_obtained":[{"floor":8.0,"key":"LiquidBronze"},{"floor":10.0,"key":"Doom Potion"},{"floor":12.0,"key":"DistilledChaos"},{"floor":16.0,"key":"Ancient Potion"}],"is_trial":false,"path_per_floor":["M","$","?","M","M","E","R","E","T","M","E","M","T","?","R","B",null,"M","M","?","?","AVR","E","?","R","T","M","E","M","E","M","R","B",null,"M","?","M","M","?","E","?","?","T","$","M","M","AVR","M","R","B",null,"R","$","E","B",null],"character_chosen":"THE_CURSED","items_purchased":["MerchantsRug","hubris:SlimyHat","Lee\u0027s Waffle","Letter Opener","aspiration:Lifesprig"],"campfire_rested":1,"item_purchase_floors":[44,44,44,53,53],"current_hp_per_floor":[68,68,68,68,67,67,67,61,61,58,58,52,52,52,52,52,69,68,68,68,68,68,68,68,68,68,56,38,38,38,38,60,47,68,63,63,54,48,48,48,27,46,46,82,82,77,77,77,77,54,75,75,75,75,73],"gold":228,"neow_bonus":"THREE_ENEMY_KILL","is_daily":false,"chose_seed":false,"campfire_upgraded":4,"win_rate":0.0,"timestamp":1609436260,"path_taken":["M","$","?","?","M","E","R","E","T","M","E","?","?","?","R","BOSS","M","M","?","?","AVR","E","?","R","T","?","E","M","E","M","R","BOSS","M","?","M","M","?","E","?","?","T","$","?","M","AVR","M","R","BOSS","R","$","E","BOSS"],"items_purchased_type":["Relic","Relic","Relic","Relic","Relic"],"build_version":"2020-12-22","purchased_purges":2,"victory":true,"max_hp_per_floor":[75,75,75,75,75,75,75,75,75,75,75,75,75,75,75,75,75,75,75,75,75,75,75,75,75,75,75,75,75,75,75,75,75,75,75,75,75,75,75,75,75,75,75,82,82,82,82,82,82,82,82,82,82,82,82],"card_choices":[{"not_picked":["TheCursedMod:TacticalStrike","TheCursedMod:WearCloak","TheCursedMod:Torture"],"picked":"SKIP","floor":1.0},{"not_picked":["TheCursedMod:Stretching","TheCursedMod:RapidMovement","TheCursedMod:DoubleShield"],"picked":"SKIP","floor":4.0},{"not_picked":["TheCursedMod:FleshFromBone","TheCursedMod:CursedArmor","TheCursedMod:CircleOfBlood"],"picked":"SKIP","floor":5.0},{"not_picked":["TheCursedMod:Torture","TheCursedMod:Wield","TheCursedMod:SoulReap"],"picked":"SKIP","floor":6.0},{"not_picked":["TheCursedMod:TacticalStrike","TheCursedMod:Wield"],"picked":"TheCursedMod:CursedShiv","floor":8.0},{"not_picked":["TheCursedMod:StingEye","TheCursedMod:Stigma","TheCursedMod:CircleOfAmplification"],"picked":"SKIP","floor":10.0},{"not_picked":["TheCursedMod:SurpriseAttack","TheCursedMod:AshesToAshes"],"picked":"TheCursedMod:HellfireBreathing","floor":11.0},{"not_picked":["TheCursedMod:CursedAmulet","TheCursedMod:CursedMace","TheCursedMod:CursedBoomerang"],"picked":"SKIP","floor":12.0},{"not_picked":["TheCursedMod:SoulReap","TheCursedMod:Grudge+1","TheCursedMod:SmokeScreen"],"picked":"SKIP","floor":18.0},{"not_picked":["TheCursedMod:CursedShiv","TheCursedMod:CircleOfFlame","TheCursedMod:SoulCrush+1"],"picked":"SKIP","floor":19.0},{"not_picked":["TheCursedMod:TroublousMinions","TheCursedMod:RavingStaff","TheCursedMod:FuryStrike"],"picked":"SKIP","floor":23.0},{"not_picked":["TheCursedMod:BlessingInDisguise","TheCursedMod:CursedShiv","TheCursedMod:PrepareRite"],"picked":"SKIP","floor":27.0},{"not_picked":["TheCursedMod:SmokeScreen","TheCursedMod:RavingStaff","TheCursedMod:Stretching"],"picked":"SKIP","floor":28.0},{"not_picked":["TheCursedMod:Hemoplague","TheCursedMod:ManaBullet+1","TheCursedMod:TacticalStrike"],"picked":"SKIP","floor":29.0},{"not_picked":["TheCursedMod:AshesToAshes","TheCursedMod:Torture","TheCursedMod:Evocation"],"picked":"SKIP","floor":30.0},{"not_picked":["TheCursedMod:SaltUponWound","TheCursedMod:PrepareRite","TheCursedMod:TroublousMinions+1"],"picked":"SKIP","floor":31.0},{"not_picked":["TheCursedMod:StunningStrike","TheCursedMod:ParallelWorld"],"picked":"TheCursedMod:VoidForm","floor":33.0},{"not_picked":["TheCursedMod:CircleOfFlame"],"picked":"SKIP","floor":35.0},{"not_picked":["TheCursedMod:VitalStrike+1"],"picked":"SKIP","floor":37.0},{"not_picked":["TheCursedMod:WearCloak"],"picked":"SKIP","floor":38.0},{"not_picked":["TheCursedMod:Wield+1"],"picked":"SKIP","floor":40.0},{"not_picked":["infinitespire:Starlight","infinitespire:NeuralNetwork"],"picked":"infinitespire:Collect","floor":41},{"not_picked":["TheCursedMod:FuryStrike+1"],"picked":"SKIP","floor":45},{"not_picked":["TheCursedMod:FuryStrike+1"],"picked":"SKIP","floor":45},{"not_picked":["TheCursedMod:SpitefulStrike+1"],"picked":"SKIP","floor":46},{"not_picked":["TheCursedMod:CircleOfFocus"],"picked":"SKIP","floor":48},{"not_picked":["TheCursedMod:CursedBlade+1"],"picked":"SKIP","floor":54}],"player_experience":863119,"relics_obtained":[{"floor":6.0,"key":"Replay:Kaleidoscope"},{"floor":8.0,"key":"Replay:PocketPolymizer"},{"floor":11.0,"key":"infinitespire:Satchel"},{"floor":13.0,"key":"Bottled Lightning"},{"floor":23.0,"key":"Gremlin Food"},{"floor":26.0,"key":"Whetstone"},{"floor":28.0,"key":"ReplayTheSpireMod:Lightbulb"},{"floor":30.0,"key":"HollowMod:PaleOreRelic"},{"floor":39.0,"key":"FossilizedHelix"},{"floor":41,"key":"Counterbalance"},{"floor":43,"key":"Molten Egg 2"},{"floor":54,"key":"Replay:Wax Seal"}],"event_choices":[{"damage_healed":0.0,"max_hp_gain":0.0,"max_hp_loss":0.0,"gold_gain":0.0,"event_name":"Transmorgrifier","player_choice":"Ignored","floor":3.0,"gold_loss":0.0,"damage_taken":0.0},{"damage_healed":0.0,"max_hp_gain":0.0,"max_hp_loss":0.0,"gold_gain":0.0,"event_name":"Ghosts","player_choice":"Ignored","floor":21.0,"gold_loss":0.0,"damage_taken":0.0},{"damage_healed":0.0,"max_hp_gain":0.0,"max_hp_loss":0.0,"gold_gain":0.0,"event_name":"Lab","player_choice":"Got Potions","floor":24.0,"gold_loss":0.0,"damage_taken":0.0},{"damage_healed":0.0,"max_hp_gain":0.0,"max_hp_loss":0.0,"gold_gain":0.0,"event_name":"MindBloom","player_choice":"Fight","floor":39.0,"gold_loss":0.0,"damage_taken":0.0},{"damage_healed":19,"gold_gain":0,"player_choice":"Writhe","damage_taken":0,"max_hp_gain":0,"max_hp_loss":0,"event_name":"Winding Halls","floor":42,"gold_loss":0,"cards_obtained":["Writhe"]}],"is_beta":false,"boss_relics":[{"not_picked":["aspiration:IroncladSkillbook","hubris:VirtuousBlindfold"],"picked":"Sozu"},{"not_picked":["hubris:BlackHole","Replay:Ancient Bell"],"picked":"Busted Crown"}],"items_purged_floors":[22,44],"is_endless":false,"potions_floor_spawned":[8,10,12,16,19,23,28,29,33,37,39,41,45,46],"ascension_level":8}}