{"host":"svjtl4dki9uqj609","time":1609434659,"event":{"mods":["BaseMod","Colored Map","Keyboard Shortcuts","Minty Spire (QoL Compilation)","StSLib","SuperFastMode"],"gold_per_floor":[118,131,146,160,160,185,212,212,212,230,248,248,267,267,267,366,366,377,397,3,16,31,31,60,74,74,99,24,24,24,35,35,136,136,156,156,176,74,74,74,104,104,104,4,17,17,52,66,66,66],"floor_reached":51,"playtime":1726,"items_purged":["Strike_R","Strike_R"],"score":824,"play_id":"fbde2c33-bdcf-4a7e-87e8-acd9a5ab34fe","local_time":"20210101021059","is_ascension_mode":false,"campfire_choices":[{"data":"Uppercut","floor":8.0,"key":"SMITH"},{"data":"Feed","floor":12.0,"key":"SMITH"},{"data":"Anger","floor":15.0,"key":"SMITH"},{"data":"Demon Form","floor":23.0,"key":"SMITH"},{"data":"Whirlwind","floor":29,"key":"SMITH"},{"floor":32,"key":"REST"},{"data":"Body Slam","floor":40,"key":"SMITH"},{"data":"Pommel Strike","floor":42,"key":"SMITH"},{"floor":49,"key":"REST"}],"circlet_count":0,"master_deck":["Strike_R","Strike_R","Defend_R","Defend_R","Defend_R","Defend_R","Bash","Shrug It Off","Pommel Strike+1","Uppercut+1","Anger+1","Power Through","Twin Strike","Cleave","Iron Wave","Demon Form+1","CurseOfTheBell","Body Slam+1","Disarm+1","Body Slam+1","Warcry+1","Whirlwind+1","Impatience+1","Offering+1","Shrug It Off+1","Panacea+1","Enlightenment+1","Shrug It Off+1","Second Wind+1","Armaments+1","Decay","Fiend Fire","Shrug It Off+1","Second Wind+1","True Grit+1"],"relics":["Burning Blood","Strawberry","Blood Vial","Bronze Scales","Calling Bell","Oddly Smooth Stone","Self Forming Clay","Incense Burner","Toxic Egg 2","Toy Ornithopter","Regal Pillow","Orichalcum","Cursed Key","FossilizedHelix","Frozen Egg 2"],"acts_visited":["Exordium","TheCity","TheBeyond"],"potions_floor_usage":[24,50],"damage_taken":[{"damage":5.0,"enemies":"Small Slimes","floor":1.0,"turns":4.0},{"damage":3.0,"enemies":"Jaw Worm","floor":2.0,"turns":5.0},{"damage":3.0,"enemies":"2 Louse","floor":3.0,"turns":3.0},{"damage":3.0,"enemies":"Lots of Slimes","floor":4.0,"turns":2.0},{"damage":19.0,"enemies":"3 Sentries","floor":6.0,"turns":8.0},{"damage":12.0,"enemies":"3 Louse","floor":10.0,"turns":3.0},{"damage":4.0,"enemies":"Looter","floor":11.0,"turns":3.0},{"damage":2.0,"enemies":"Red Slaver","floor":13.0,"turns":3.0},{"damage":53.0,"enemies":"The Guardian","floor":16.0,"turns":10.0},{"damage":26.0,"enemies":"Spheric Guardian","floor":18.0,"turns":6.0},{"damage":0.0,"enemies":"Chosen","floor":19.0,"turns":4.0},{"damage":11.0,"enemies":"Snake Plant","floor":21.0,"turns":5.0},{"damage":3.0,"enemies":"3 Cultists","floor":22.0,"turns":6.0},{"damage":28,"enemies":"Gremlin Leader","floor":24,"turns":4},{"damage":12,"enemies":"Cultist and Chosen","floor":25,"turns":6},{"damage":33,"enemies":"Book of Stabbing","floor":27,"turns":6},{"damage":7,"enemies":"Snake Plant","floor":31,"turns":4},{"damage":10,"enemies":"Champ","floor":33,"turns":9},{"damage":26,"enemies":"3 Darklings","floor":35,"turns":4},{"damage":8,"enemies":"3 Shapes","floor":37,"turns":6},{"damage":6,"enemies":"Nemesis","floor":41,"turns":9},{"damage":6,"enemies":"Maw","floor":45,"turns":8},{"damage":38,"enemies":"Giant Head","floor":47,"turns":8},{"damage":15,"enemies":"3 Darklings","floor":48,"turns":4},{"damage":57,"enemies":"Awakened One","floor":50,"turns":11}],"seed_played":"4036080021956030963","potions_obtained":[{"floor":2.0,"key":"BloodPotion"},{"floor":3.0,"key":"AttackPotion"},{"floor":16.0,"key":"FairyPotion"},{"floor":18.0,"key":"Energy Potion"},{"floor":41,"key":"BloodPotion"}],"is_trial":false,"path_per_floor":["M","M","M","M","?","E","T","R","T","M","M","R","M","?","R","B",null,"M","M","$","M","M","R","E","M","T","E","?","R","?","M","R","B",null,"M","?","M","$","?","R","E","R","T","$","M","$","E","M","R","B",null],"character_chosen":"IRONCLAD","items_purchased":["Toxic Egg 2","Disarm+1","Second Wind+1","Armaments+1"],"campfire_rested":2,"item_purchase_floors":[20,20,38,38],"current_hp_per_floor":[80,80,80,80,75,62,62,62,62,58,62,62,72,72,72,27,91,71,79,79,76,81,81,61,57,57,32,32,32,32,33,75,73,91,71,61,61,61,61,61,63,63,63,63,65,65,35,28,70,44],"gold":66,"neow_bonus":"","is_daily":false,"chose_seed":false,"campfire_upgraded":7,"win_rate":0.0,"timestamp":1609434659,"path_taken":["M","M","M","M","?","E","?","R","T","M","M","R","M","?","R","BOSS","M","M","$","M","?","R","E","M","T","E","?","R","?","?","R","BOSS","M","?","M","$","?","R","E","R","T","$","M","$","E","M","R","BOSS"],"items_purchased_type":["Relic","Card","Card","Card"],"build_version":"2020-12-22","purchased_purges":2,"victory":true,"max_hp_per_floor":[80,80,80,80,87,87,87,87,87,87,87,87,91,91,91,91,91,91,91,91,91,91,91,91,91,91,91,91,91,91,91,91,91,91,91,91,91,91,91,91,91,91,91,91,91,91,91,91,91,91],"card_choices":[{"not_picked":["Rupture","Rage"],"picked":"Shrug It Off","floor":1.0},{"not_picked":["True Grit","Clash"],"picked":"Pommel Strike","floor":2.0},{"not_picked":["Anger","Power Through"],"picked":"Uppercut","floor":3.0},{"not_picked":["Rage","Iron Wave"],"picked":"Anger","floor":4.0},{"not_picked":["Hemokinesis","Dark Embrace"],"picked":"Power Through","floor":6.0},{"not_picked":["Sword Boomerang","Pommel Strike"],"picked":"Twin Strike","floor":10.0},{"not_picked":["True Grit","Cleave"],"picked":"Feed","floor":11.0},{"not_picked":["Reckless Charge","Twin Strike"],"picked":"Cleave","floor":13.0},{"not_picked":["Feed","Bludgeon"],"picked":"Demon Form","floor":16.0},{"not_picked":["Carnage","Clothesline"],"picked":"Body Slam","floor":18.0},{"not_picked":["Searing Blow","Cleave","Flex"],"picked":"SKIP","floor":19.0},{"not_picked":["Blood for Blood","Twin Strike"],"picked":"Body Slam+1","floor":21.0},{"not_picked":["Reckless Charge","Clash","Perfected Strike"],"picked":"SKIP","floor":22.0},{"not_picked":["Thunderclap","Warcry+1","Uppercut"],"picked":"SKIP","floor":24},{"not_picked":["Thunderclap","Warcry+1","Uppercut"],"picked":"SKIP","floor":24},{"not_picked":["Thunderclap","Uppercut"],"picked":"Warcry+1","floor":24},{"not_picked":["Double Tap+1","Reckless Charge"],"picked":"Whirlwind","floor":25},{"not_picked":["Uppercut+1","Whirlwind","Searing Blow"],"picked":"SKIP","floor":27},{"not_picked":["Sword Boomerang","Clothesline+1","Thunderclap"],"picked":"SKIP","floor":31},{"not_picked":["Fiend Fire","Berserk"],"picked":"Offering+1","floor":33},{"not_picked":["Pommel Strike","Clash+1"],"picked":"Shrug It Off+1","floor":35},{"not_picked":["Bandage Up+1","Jack Of All Trades+1"],"picked":"Panacea+1","floor":36},{"not_picked":["Metamorphosis+1","Impatience+1"],"picked":"Enlightenment+1","floor":36},{"not_picked":["Perfected Strike","Armaments+1"],"picked":"Shrug It Off+1","floor":37},{"not_picked":["Whirlwind","Headbutt"],"picked":"Fiend Fire","floor":41},{"not_picked":["Rupture+1","Body Slam+1"],"picked":"Shrug It Off+1","floor":45},{"not_picked":["Rupture+1","Thunderclap+1"],"picked":"Second Wind+1","floor":47},{"not_picked":["Body Slam+1","Clash"],"picked":"True Grit+1","floor":48}],"player_experience":0,"relics_obtained":[{"floor":6.0,"key":"Blood Vial"},{"floor":7.0,"key":"Bronze Scales"},{"floor":17.0,"key":"Oddly Smooth Stone"},{"floor":17.0,"key":"Self Forming Clay"},{"floor":17.0,"key":"Incense Burner"},{"floor":24,"key":"Toy Ornithopter"},{"floor":26,"key":"Regal Pillow"},{"floor":27,"key":"Orichalcum"},{"floor":41,"key":"FossilizedHelix"},{"floor":47,"key":"Frozen Egg 2"}],"event_choices":[{"damage_healed":0.0,"max_hp_gain":0.0,"max_hp_loss":0.0,"gold_gain":0.0,"event_name":"Scrap Ooze","player_choice":"Success","floor":5.0,"gold_loss":0.0,"damage_taken":12.0,"relics_obtained":["Strawberry"]},{"cards_removed":["Feed"],"damage_healed":0.0,"max_hp_gain":0.0,"max_hp_loss":0.0,"gold_gain":0.0,"event_name":"NoteForYourself","player_choice":"Took Card","floor":14.0,"gold_loss":0.0,"damage_taken":0.0,"cards_obtained":["Iron Wave"]},{"cards_removed":["Strike_R"],"damage_healed":0,"gold_gain":0,"player_choice":"Gave Gold","damage_taken":0,"max_hp_gain":0,"max_hp_loss":0,"event_name":"Beggar","floor":28,"gold_loss":75},{"damage_healed":0,"gold_gain":0,"player_choice":"1 cards matched","damage_taken":0,"max_hp_gain":0,"max_hp_loss":0,"event_name":"Match and Keep!","floor":30,"gold_loss":0,"cards_obtained":["Impatience"]},{"damage_healed":0,"gold_gain":0,"player_choice":"Memory 3","damage_taken":10,"max_hp_gain":0,"max_hp_loss":0,"event_name":"SensoryStone","floor":36,"gold_loss":0},{"damage_healed":0,"gold_gain":0,"player_choice":"Cursed","damage_taken":0,"max_hp_gain":0,"max_hp_loss":0,"event_name":"Wheel of Change","floor":39,"gold_loss":0,"cards_obtained":["Decay"]}],"is_beta":false,"boss_relics":[{"not_picked":["Tiny House","Black Blood"],"picked":"Calling Bell"},{"not_picked":["SacredBark","SlaversCollar"],"picked":"Cursed Key"}],"items_purged_floors":[20,44],"is_endless":false,"potions_floor_spawned":[2,3,16,18,19,21,41,45],"ascension_level":0}}