{"host":"8i4doyxqctgl5qb0","time":1609427331,"event":{"mods":["AchievementEnabler","BaseMod","Block Reminder","Colored Powertips","Downfall","Marisa£®ÏF”Í°°ƒß¿Ì…≥£©","Minty Spire (QoL Compilation)","Permanent Neow","Potion Indicator Mod","Rare Cards Sparkle","StSLib","SuperFastMode"],"gold_per_floor":[15,30,30,105,115,141,47,47,47,47,47,67,82,96,96,192,192,205,8,23,23,23,23,51,64,64,92,106,21,21,40,40,137,137,147,72,119,169,169,198,198,211,211,238,238,248,263,281,281,281],"floor_reached":51,"playtime":3205,"items_purged":["Defend_R+1"],"score":927,"play_id":"6b970cee-e8a6-44ac-ae31-d53517124c27","local_time":"20201231230851","is_ascension_mode":false,"campfire_choices":[{"data":"expansioncontent:LastStand","floor":8.0,"key":"SMITH"},{"data":"Metallicize","floor":11.0,"key":"SMITH"},{"data":"Metallicize","floor":15.0,"key":"SMITH"},{"data":"expansioncontent:QuickStudy","floor":23.0,"key":"SMITH"},{"data":"Armaments","floor":32.0,"key":"SMITH"},{"floor":41,"key":"REST"},{"floor":49,"key":"REST"}],"circlet_count":0,"master_deck":["Strike_R+1","Strike_R+1","Strike_R+1","Strike_R+1","Defend_R+1","Defend_R+1","Defend_R+1","Bash","Iron Wave","Cleave","Armaments+1","Clash","Metallicize+1","expansioncontent:LastStand+1","Metallicize+1","Heavy Blade","Iron Wave","Feed","Clash","expansioncontent:QuickStudy+1","Pummel+1","Whirlwind","Flex","Impervious","Flex","Barricade","Shockwave","Iron Wave+1","Spot Weakness+1","Madness","Madness","Disarm+1","Flex","Inflame+1","Shrug It Off+1","Parasite","Shrug It Off+1","Entrench"],"relics":["Burning Blood","CaptainsWheel","Unceasing Top","Peace Pipe","SacredBark","Red Mask","Red Skull","MealTicket","Bag of Preparation","Runic Cube","Torii","Incense Burner","Gremlin Horn","Sundial","Oddly Smooth Stone"],"acts_visited":["Exordium","TheCity","TheBeyond"],"potions_floor_usage":[40,46,50],"damage_taken":[{"damage":0.0,"enemies":"2 Louse","floor":1.0,"turns":2.0},{"damage":0.0,"enemies":"Small Slimes","floor":2.0,"turns":5.0},{"damage":1.0,"enemies":"Cultist","floor":5.0,"turns":4.0},{"damage":30.0,"enemies":"Gremlin Nob","floor":6.0,"turns":5.0},{"damage":10.0,"enemies":"Looter","floor":12.0,"turns":4.0},{"damage":2.0,"enemies":"Exordium Thugs","floor":13.0,"turns":5.0},{"damage":8.0,"enemies":"Large Slime","floor":14.0,"turns":8.0},{"damage":9.0,"enemies":"Slime Boss","floor":16.0,"turns":18.0},{"damage":12.0,"enemies":"3 Byrds","floor":18.0,"turns":8.0},{"damage":0.0,"enemies":"Spheric Guardian","floor":20.0,"turns":6.0},{"damage":17.0,"enemies":"Masked Bandits","floor":24.0,"turns":5.0},{"damage":10.0,"enemies":"3 Cultists","floor":25.0,"turns":7.0},{"damage":46.0,"enemies":"Gremlin Leader","floor":27.0,"turns":9.0},{"damage":5.0,"enemies":"Sentry and Sphere","floor":28.0,"turns":3.0},{"damage":16.0,"enemies":"Snake Plant","floor":31.0,"turns":6.0},{"damage":48.0,"enemies":"Champ","floor":33.0,"turns":15.0},{"damage":21.0,"enemies":"3 Darklings","floor":35.0,"turns":7.0},{"damage":52.0,"enemies":"2 Orb Walkers","floor":37.0,"turns":5.0},{"damage":0.0,"enemies":"Mind Bloom Boss Battle","floor":38.0,"turns":7.0},{"damage":18,"enemies":"Reptomancer","floor":40,"turns":9},{"damage":1,"enemies":"3 Shapes","floor":42,"turns":2},{"damage":18,"enemies":"Nemesis","floor":44,"turns":11},{"damage":2,"enemies":"3 Darklings","floor":46,"turns":3},{"damage":23,"enemies":"Writhing Mass","floor":47,"turns":7},{"damage":9,"enemies":"Sphere and 2 Shapes","floor":48,"turns":2},{"damage":46,"enemies":"Awakened One","floor":50,"turns":14}],"seed_played":"-6683642040226062051","potions_obtained":[{"floor":1.0,"key":"EssenceOfSteel"},{"floor":2.0,"key":"BloodPotion"},{"floor":5.0,"key":"BloodPotion"},{"floor":14.0,"key":"Weak Potion"},{"floor":27.0,"key":"SpeedPotion"},{"floor":28.0,"key":"DuplicationPotion"},{"floor":35.0,"key":"Fire Potion"},{"floor":40,"key":"BloodPotion"},{"floor":42,"key":"BlessingOfTheForge"},{"floor":44,"key":"Fire Potion"}],"is_trial":false,"path_per_floor":["M","M","?","?","M","E","$","R","T","$","R","M","M","M","R","B",null,"M","$","M","?","$","R","?","M","T","E","M","?","$","M","R","B",null,"M","$","?","?","?","E","R","M","T","E","?","M","M","M","R","B",null],"character_chosen":"IRONCLAD","items_purchased":["expansioncontent:LastStand","expansioncontent:QuickStudy"],"campfire_rested":2,"item_purchase_floors":[7,19],"current_hp_per_floor":[80,80,80,72,77,53,53,53,53,53,53,49,53,67,67,64,80,74,74,80,80,80,80,69,65,65,35,68,68,80,70,70,32,84,72,87,41,57,46,34,60,65,65,53,53,57,40,37,63,67],"gold":281,"neow_bonus":"ONE_RARE_RELIC","is_daily":false,"chose_seed":false,"campfire_upgraded":5,"win_rate":0.0,"timestamp":1609427331,"path_taken":["M","M","?","?","M","E","$","R","T","$","R","M","M","?","R","BOSS","M","$","M","?","?","R","?","M","T","E","?","?","$","M","R","BOSS","M","$","?","?","?","E","R","M","T","E","?","M","M","?","R","BOSS"],"items_purchased_type":["Card","Card"],"build_version":"2020-12-22","purchased_purges":1,"victory":true,"max_hp_per_floor":[80,80,80,80,80,80,80,80,80,80,80,80,80,80,80,80,80,80,80,80,80,80,80,80,80,80,80,80,80,80,80,80,84,84,87,87,87,87,87,87,87,87,87,87,87,87,87,87,87,87],"card_choices":[{"not_picked":["Reckless Charge","Pommel Strike"],"picked":"Iron Wave","floor":1.0},{"not_picked":["Dual Wield","Shrug It Off"],"picked":"Cleave","floor":2.0},{"not_picked":["Anger","Thunderclap"],"picked":"Clash","floor":5.0},{"not_picked":["Sword Boomerang","Cleave"],"picked":"Metallicize","floor":6.0},{"not_picked":["Twin Strike","Rampage"],"picked":"Metallicize","floor":12.0},{"not_picked":["Sword Boomerang","Thunderclap"],"picked":"Heavy Blade","floor":13.0},{"not_picked":["Spot Weakness","Twin Strike"],"picked":"Iron Wave","floor":14.0},{"not_picked":["Brutality","Bludgeon"],"picked":"Feed","floor":16.0},{"not_picked":["Fire Breathing","Perfected Strike"],"picked":"Clash","floor":18.0},{"not_picked":["Headbutt+1","Thunderclap"],"picked":"Pummel+1","floor":20.0},{"not_picked":["Sword Boomerang+1","Heavy Blade"],"picked":"Whirlwind","floor":24.0},{"not_picked":["Body Slam","Heavy Blade"],"picked":"Flex","floor":25.0},{"not_picked":["Clash+1","Anger"],"picked":"Cleave+1","floor":27.0},{"not_picked":["Twin Strike","Pommel Strike"],"picked":"Impervious","floor":28.0},{"not_picked":["Thunderclap+1","Warcry+1"],"picked":"Flex","floor":31.0},{"not_picked":["Brutality","Limit Break"],"picked":"Barricade","floor":33.0},{"not_picked":["Whirlwind","Headbutt+1"],"picked":"Shockwave","floor":35.0},{"not_picked":["Armaments","Thunderclap+1"],"picked":"Iron Wave+1","floor":37.0},{"not_picked":["Cleave+1","Headbutt+1"],"picked":"Spot Weakness+1","floor":38.0},{"not_picked":["Warcry","Headbutt"],"picked":"Disarm+1","floor":40},{"not_picked":["Shockwave+1","Headbutt"],"picked":"Flex","floor":42},{"not_picked":["Anger+1","Perfected Strike"],"picked":"Inflame+1","floor":44},{"not_picked":["Sword Boomerang","Rupture+1"],"picked":"Shrug It Off+1","floor":46},{"not_picked":["Headbutt+1","Second Wind"],"picked":"Shrug It Off+1","floor":47},{"not_picked":["Hemokinesis","Perfected Strike"],"picked":"Entrench","floor":48}],"player_experience":4863,"relics_obtained":[{"floor":6.0,"key":"Unceasing Top"},{"floor":9.0,"key":"Peace Pipe"},{"floor":24.0,"key":"Red Mask"},{"floor":26.0,"key":"Red Skull"},{"floor":27.0,"key":"MealTicket"},{"floor":37.0,"key":"Torii"},{"floor":38.0,"key":"Incense Burner"},{"floor":40,"key":"Gremlin Horn"},{"floor":43,"key":"Sundial"},{"floor":44,"key":"Oddly Smooth Stone"}],"event_choices":[{"damage_healed":0.0,"max_hp_gain":0.0,"max_hp_loss":0.0,"gold_gain":0.0,"cards_transformed":["Strike_R"],"event_name":"Living Wall","player_choice":"Change","floor":3.0,"gold_loss":0.0,"damage_taken":0.0,"cards_obtained":["Armaments"]},{"damage_healed":0.0,"max_hp_gain":0.0,"max_hp_loss":0.0,"gold_gain":75.0,"event_name":"FaceTrader","player_choice":"Touch","floor":4.0,"gold_loss":0.0,"damage_taken":8.0},{"damage_healed":0.0,"max_hp_gain":0.0,"max_hp_loss":0.0,"gold_gain":0.0,"event_name":"Back to Basics","player_choice":"Simplicity","floor":21.0,"gold_loss":0.0,"damage_taken":0.0,"cards_upgraded":["Strike_R","Strike_R","Strike_R","Strike_R","Defend_R","Defend_R","Defend_R","Defend_R"]},{"damage_healed":0.0,"max_hp_gain":0.0,"max_hp_loss":0.0,"gold_gain":0.0,"event_name":"Masked Bandits","player_choice":"Fought Bandits","floor":24.0,"gold_loss":0.0,"damage_taken":0.0},{"damage_healed":0.0,"max_hp_gain":0.0,"max_hp_loss":0.0,"gold_gain":0.0,"event_name":"Addict","player_choice":"Obtained Relic","floor":29.0,"gold_loss":85.0,"damage_taken":0.0,"relics_obtained":["Bag of Preparation"]},{"damage_healed":0.0,"max_hp_gain":0.0,"max_hp_loss":0.0,"gold_gain":0.0,"event_name":"Mysterious Sphere","player_choice":"Fight","floor":37.0,"gold_loss":0.0,"damage_taken":0.0},{"damage_healed":0.0,"max_hp_gain":0.0,"max_hp_loss":0.0,"gold_gain":0.0,"event_name":"MindBloom","player_choice":"Fight","floor":38.0,"gold_loss":0.0,"damage_taken":0.0},{"damage_healed":0.0,"max_hp_gain":0.0,"max_hp_loss":0.0,"gold_gain":0.0,"event_name":"Winding Halls","player_choice":"Embrace Madness","floor":39.0,"gold_loss":0.0,"damage_taken":11.0,"cards_obtained":["Madness","Madness"]},{"cards_removed":["Cleave"],"damage_healed":0,"gold_gain":0,"player_choice":"Removed Attack","damage_taken":0,"max_hp_gain":0,"max_hp_loss":0,"event_name":"Falling","floor":45,"gold_loss":0}],"is_beta":false,"boss_relics":[{"not_picked":["Velvet Choker","SlaversCollar"],"picked":"SacredBark"},{"not_picked":["Astrolabe","Cursed Key"],"picked":"Runic Cube"}],"items_purged_floors":[36],"is_endless":false,"potions_floor_spawned":[1,2,5,14,18,27,28,35,40,42,44],"ascension_level":0}}