{"host":"ek3xvuouaw6vk9if","time":1609389004,"event":{"mods":["BaseMod","BetterRewards","Downfall","Minty Spire (QoL Compilation)","Permanent Neow","Quick Restart","Replay The Spire","StSLib"],"gold_per_floor":[109,123,136,136,148,148,67,67,67,67,37,52,68,95,95,200,200,214,57,71,88,88,88,119,119,119,41,76,76,106,106,106,207,207,226,241,251,30,41,41,75,75,75,92,104,114,131,145,145,145,145,145,51,86,86,86],"floor_reached":55,"playtime":2882,"items_purged":["Clumsy"],"score":773,"play_id":"68416e4b-9116-4693-b66b-de39d4ae9d58","local_time":"20201230233004","is_ascension_mode":true,"campfire_choices":[{"data":"Carnage","floor":6.0,"key":"SMITH"},{"data":"Whirlwind","floor":8.0,"key":"SMITH"},{"data":"Flex","floor":10.0,"key":"SMITH"},{"data":"ReplayReversal","floor":15.0,"key":"SMITH"},{"data":"Limit Break","floor":23.0,"key":"SMITH"},{"data":"Flex","floor":25,"key":"SMITH"},{"data":"Heavy Blade","floor":32,"key":"SMITH"},{"floor":40,"key":"RECALL"},{"data":"sneckomod:Strike","floor":49,"key":"PURGE"},{"data":"Flex","floor":52,"key":"PURGE"}],"circlet_count":0,"master_deck":["Defend_R","Defend_R+1","Defend_R","Defend_R","Bash","expansioncontent:DefensiveStance+1","Seeing Red","Flex+1","Carnage+1","Whirlwind+1","Burning Pact","Immolate","ReplayReversal+1","Limit Break+1","Flex+1","Heavy Blade+1","Spot Weakness+1","Inflame","Twin Strike","Shrug It Off+1","Clash+1","Disarm+1","expansioncontent:PrepareCrush","Limit Break"],"relics":["Burning Blood","Toy Ornithopter","Replay:Grab Bag","Sozu","Runic Dome","Kintsugi","Black Star","hexamod:BolsterEngine","Question Card","Pear","Eternal Feather","Gremlin Food","Divine Protection","Peace Pipe","Letter Opener","Fusion Hammer","Chemical X","Self Forming Clay","Mummified Hand","Replay:Arrowhead","TungstenRod","Centennial Puzzle"],"acts_visited":["Exordium","TheCity","TheBeyond","TheEnding"],"potions_floor_usage":[28,33],"damage_taken":[{"damage":10.0,"enemies":"Jaw Worm","floor":1.0,"turns":4.0},{"damage":0.0,"enemies":"Small Slimes","floor":2.0,"turns":3.0},{"damage":1.0,"enemies":"Cultist","floor":3.0,"turns":4.0},{"damage":7.0,"enemies":"Looter","floor":5.0,"turns":4.0},{"damage":0.0,"enemies":"2 Fungi Beasts","floor":12.0,"turns":1.0},{"damage":4.0,"enemies":"3 Louse","floor":13.0,"turns":2.0},{"damage":16.0,"enemies":"Gremlin Nob","floor":14.0,"turns":3.0},{"damage":26.0,"enemies":"Fading Forest","floor":16.0,"turns":11.0},{"damage":0.0,"enemies":"3 Byrds","floor":18.0,"turns":3.0},{"damage":0.0,"enemies":"Spheric Guardian","floor":20.0,"turns":5.0},{"damage":16.0,"enemies":"Cultist and Chosen","floor":21.0,"turns":6.0},{"damage":42.0,"enemies":"Slavers","floor":24.0,"turns":7.0},{"damage":11,"enemies":"Replay:Snechameleon","floor":28,"turns":6},{"damage":2,"enemies":"Gremlin Leader","floor":30,"turns":7},{"damage":48,"enemies":"Collector","floor":33,"turns":7},{"damage":0,"enemies":"3 Shapes","floor":35,"turns":3},{"damage":20,"enemies":"3 Darklings","floor":36,"turns":2},{"damage":9,"enemies":"4 Shapes","floor":37,"turns":3},{"damage":0,"enemies":"Sphere and 2 Shapes","floor":39,"turns":2},{"damage":13,"enemies":"Reptomancer","floor":41,"turns":4},{"damage":0,"enemies":"3 Darklings","floor":44,"turns":3},{"damage":7,"enemies":"Jaw Worm Horde","floor":45,"turns":3},{"damage":7,"enemies":"4 Shapes","floor":46,"turns":2},{"damage":0,"enemies":"Writhing Mass","floor":47,"turns":4},{"damage":0,"enemies":"Transient","floor":48,"turns":5},{"damage":59,"enemies":"Awakened One","floor":50,"turns":7},{"damage":41,"enemies":"Shield and Spear","floor":54,"turns":3},{"damage":56,"enemies":"The Heart","floor":55,"turns":5}],"seed_played":"3107420562994049369","potions_obtained":[{"floor":5.0,"key":"SpeedPotion"},{"floor":11.0,"key":"SpeedPotion"},{"floor":11.0,"key":"hexamod:EctoCoolerPotion"}],"is_trial":false,"path_per_floor":["M","M","M","?","M","R","$","R","T","R","?","M","M","E","R","B",null,"M","$","M","M","?","R","E","R","T","$","E","?","E","?","R","B",null,"M","M","M","$","M","R","E","?","T","M","M","M","M","M","R","B",null,"R","$","E","B"],"character_chosen":"IRONCLAD","items_purchased":["Whirlwind","hexamod:BolsterEngine","Spot Weakness","Chemical X","expansioncontent:PrepareCrush"],"campfire_rested":0,"item_purchase_floors":[7,19,27,38,53],"current_hp_per_floor":[76,80,80,64,63,63,63,63,63,63,63,69,71,61,61,41,80,80,80,80,70,70,70,44,44,44,44,44,44,48,48,60,23,90,90,76,73,73,79,90,83,83,83,89,88,87,90,90,90,37,90,90,90,55,0,0],"gold":86,"neow_bonus":"RANDOM_COLORLESS","is_daily":false,"chose_seed":false,"campfire_upgraded":7,"win_rate":0.0,"timestamp":1609389004,"path_taken":["M","M","M","?","M","R","$","R","T","R","?","?","M","E","R","BOSS","M","$","M","M","?","R","E","R","T","$","E","?","E","?","R","BOSS","M","M","M","$","M","R","E","?","T","?","M","M","M","M","R","BOSS","R","$","E","BOSS"],"items_purchased_type":["Card","Relic","Card","Relic","Card"],"build_version":"2020-12-22","purchased_purges":1,"victory":false,"max_hp_per_floor":[80,80,80,80,80,80,80,80,80,80,80,80,80,80,80,80,80,80,80,80,80,80,80,90,90,90,90,90,90,90,90,90,90,90,90,90,90,90,90,90,90,90,90,90,90,90,90,90,90,90,90,90,90,90,90,90],"card_choices":[{"not_picked":["Impatience","Deep Breath"],"picked":"expansioncontent:DefensiveStance","floor":0.0},{"not_picked":["Run Through","Heavy Blade"],"picked":"Seeing Red","floor":1.0},{"not_picked":["Perfected Strike","Rage"],"picked":"Flex","floor":2.0},{"not_picked":["Wild Strike","Searing Blow"],"picked":"Flex","floor":3.0},{"not_picked":["Ghostly Armor","Bloodletting"],"picked":"Carnage","floor":5.0},{"not_picked":["Iron Wave","Anger"],"picked":"Burning Pact","floor":12.0},{"not_picked":["True Grit","Headbutt"],"picked":"Immolate","floor":13.0},{"not_picked":["Armaments","Ghostly Armor"],"picked":"ReplayReversal","floor":14.0},{"not_picked":["Exhume","Demonic Infusion"],"picked":"Limit Break","floor":16.0},{"not_picked":["ReplayTheSpireMod:Strike From Hell","Heavy Blade","Havoc"],"picked":"SKIP","floor":18.0},{"not_picked":["Dark Embrace","Dropkick"],"picked":"Flex","floor":20.0},{"not_picked":["Cleave","Clash","Flex"],"picked":"SKIP","floor":21.0},{"not_picked":["Dual Wield","Power Through"],"picked":"Heavy Blade","floor":24},{"not_picked":["Blood for Blood+1","Bloodletting","Shrug It Off"],"picked":"Inflame","floor":28},{"not_picked":["Inflame","Headbutt","Rupture"],"picked":"Twin Strike","floor":30},{"not_picked":["Body Slam","Combust+1","Rage+1","Sever Soul"],"picked":"SKIP","floor":35},{"not_picked":["Warcry+1","Entrench+1","Pommel Strike"],"picked":"Shrug It Off+1","floor":36},{"not_picked":["Fiend Fire","True Grit+1","Spot Weakness+1"],"picked":"Clash+1","floor":37},{"not_picked":["Thunderclap+1","Headbutt","Clothesline","Searing Blow"],"picked":"SKIP","floor":39},{"not_picked":["Headbutt+1","Sword Boomerang","Searing Blow","Dual Wield"],"picked":"SKIP","floor":41},{"not_picked":["Thunderclap","ReplayTheSpireMod:Stacked+1","Intimidate+1"],"picked":"Disarm+1","floor":44},{"not_picked":["Headbutt+1","True Grit","Iron Wave+1","Armaments"],"picked":"SKIP","floor":45},{"not_picked":["Barricade","Warcry+1","Dropkick","Armaments+1"],"picked":"SKIP","floor":46},{"not_picked":["Shrug It Off+1","Armaments","Sever Soul","Heavy Blade+1"],"picked":"SKIP","floor":47},{"not_picked":["Anger+1","ReplayTheSpireMod:Corrosion Curse","Wild Strike","Clothesline+1"],"picked":"SKIP","floor":48},{"not_picked":["Sword Boomerang+1","Shockwave+1","Pommel Strike"],"picked":"Limit Break","floor":54}],"player_experience":720058,"relics_obtained":[{"floor":14.0,"key":"Toy Ornithopter"},{"floor":24,"key":"Question Card"},{"floor":24,"key":"Pear"},{"floor":26,"key":"Eternal Feather"},{"floor":28,"key":"Gremlin Food"},{"floor":28,"key":"Divine Protection"},{"floor":30,"key":"Peace Pipe"},{"floor":30,"key":"Letter Opener"},{"floor":41,"key":"Self Forming Clay"},{"floor":41,"key":"Mummified Hand"},{"floor":43,"key":"Replay:Arrowhead"},{"floor":54,"key":"TungstenRod"},{"floor":54,"key":"Centennial Puzzle"}],"event_choices":[{"damage_healed":0.0,"max_hp_gain":0.0,"max_hp_loss":0.0,"gold_gain":0.0,"event_name":"Shining Light","player_choice":"Entered Light","floor":4.0,"gold_loss":0.0,"damage_taken":16.0,"cards_upgraded":["expansioncontent:DefensiveStance","Defend_R"]},{"damage_healed":0.0,"max_hp_gain":0.0,"max_hp_loss":0.0,"gold_gain":0.0,"event_name":"The Woman in Blue","player_choice":"Bought 2 Potions","floor":11.0,"gold_loss":0.0,"damage_taken":0.0},{"cards_removed":["Languid"],"damage_healed":0,"gold_gain":0,"player_choice":"Took Card","damage_taken":0,"max_hp_gain":0,"max_hp_loss":0,"event_name":"NoteForYourself","floor":31,"gold_loss":0,"cards_obtained":["sneckomod:Strike"]},{"damage_healed":0,"gold_gain":0,"player_choice":"Forge","damage_taken":0,"max_hp_gain":0,"max_hp_loss":0,"event_name":"Accursed Blacksmith","floor":42,"gold_loss":0,"cards_upgraded":["Spot Weakness"]}],"is_beta":false,"boss_relics":[{"not_picked":["Velvet Choker","Black Blood"],"picked":"Replay:Grab Bag"},{"not_picked":["Replay:Wanted Poster","Ooze Armor"],"picked":"Sozu"},{"not_picked":["Abe\u0027s Treasure","ReplayTheSpireMod:DimensionalGlitch"],"picked":"Runic Dome"},{"not_picked":["expansioncontent:StudyCardRelic","Calling Bell"],"picked":"Kintsugi"},{"not_picked":["Pandora\u0027s Box","Ring of Chaos"],"picked":"Black Star"},{"not_picked":["Tiny House","Electric Blood"],"picked":"Fusion Hammer"}],"items_purged_floors":[38],"is_endless":false,"potions_floor_spawned":[5,12,14,16,21,33,37,39,45,48],"killed_by":"The Heart","ascension_level":1}}