{"host":"xj2wyr3bqqv4irjd","time":1609427200,"event":{"mods":["Act Like it!","BaseMod","Colored Map","Colored Powertips","Downfall","Highlight Path","Lobotomy","Marisa£®ÏF”Í°°ƒß¿Ì…≥£©","Minty Spire (QoL Compilation)","Quick Restart","Rare Cards Sparkle","Replay The Spire","StSLib"],"gold_per_floor":[111,123,48,62,12,12,38,38,38,38,38,61,81,124,124,254,254,277,277,290,250,273,273,304,304,304,304,304,55,99,24,24,24,24],"floor_reached":33,"playtime":1434,"items_purged":["Strike_R","Strike_R"],"score":444,"play_id":"fa3e43a5-4a53-494e-971d-0f78b8af4ce4","local_time":"20201231230640","is_ascension_mode":true,"campfire_choices":[{"data":"Pommel Strike","floor":6.0,"key":"SMITH"},{"data":"Inflame","floor":8.0,"key":"SMITH"},{"data":"Replay:Undeath\u0027s Touch","floor":8.0,"key":"SMITH"},{"floor":11.0,"key":"REST"},{"data":"Inflame","floor":15.0,"key":"SMITH"},{"data":"Barricade","floor":15.0,"key":"SMITH"},{"data":"Demon Form","floor":23.0,"key":"SMITH"},{"data":"Offering","floor":23.0,"key":"SMITH"},{"floor":25.0,"key":"REST"},{"floor":28.0,"key":"DIG"},{"data":"ReplayTheSpireMod:Limb From Limb","floor":32.0,"key":"SMITH"},{"data":"Seeing Red","floor":32.0,"key":"SMITH"}],"circlet_count":0,"master_deck":["AscendersBane","Strike_R","Defend_R","Defend_R","Defend_R","Defend_R","Bash","Run Through","Pommel Strike+1","Replay:Undeath\u0027s Touch+1","Inflame+1","Inflame+1","Flex","Barricade+1","Offering+1","Sword Boomerang+1","Demon Form+1","ReplayTheSpireMod:Corrosion Curse","ReplayTheSpireMod:Limb From Limb+1","Bloodletting","Seeing Red+1"],"relics":["Philosopher\u0027s Stone","Replay:Arrowhead","Shovel","Golden Idol","ReplayTheSpireMod:Ninjato","Mark of Pain","MutagenicStrength","Red Mask","Ornamental Fan","Divine Protection"],"acts_visited":["Exordium","TheCity"],"potions_floor_usage":[33],"damage_taken":[{"damage":2.0,"enemies":"Cultist","floor":1.0,"turns":3.0},{"damage":6.0,"enemies":"Small Slimes","floor":2.0,"turns":3.0},{"damage":8.0,"enemies":"Jaw Worm","floor":4.0,"turns":2.0},{"damage":30.0,"enemies":"Replay:BlueRogue","floor":7.0,"turns":6.0},{"damage":15.0,"enemies":"Exordium Wildlife","floor":12.0,"turns":3.0},{"damage":8.0,"enemies":"Gremlin Gang","floor":13.0,"turns":4.0},{"damage":0.0,"enemies":"Gremlin Nob","floor":14.0,"turns":3.0},{"damage":13.0,"enemies":"Slime Boss","floor":16.0,"turns":7.0},{"damage":6.0,"enemies":"Spheric Guardian","floor":18.0,"turns":3.0},{"damage":39.0,"enemies":"Shell Parasite","floor":20.0,"turns":5.0},{"damage":1.0,"enemies":"3 Cultists","floor":22.0,"turns":4.0},{"damage":18.0,"enemies":"Masked Bandits","floor":24.0,"turns":3.0},{"damage":24.0,"enemies":"Gremlin Leader","floor":30.0,"turns":4.0},{"damage":8,"enemies":"Collector","floor":33,"turns":3}],"seed_played":"5979217154779613212","potions_obtained":[{"floor":2.0,"key":"SpeedPotion"},{"floor":7.0,"key":"Block Potion"},{"floor":13.0,"key":"hexamod:EctoCoolerPotion"},{"floor":14.0,"key":"AttackPotion"},{"floor":16.0,"key":"FairyPotion"},{"floor":24.0,"key":"Languid Potion"},{"floor":30.0,"key":"LiquidMemories"}],"is_trial":false,"path_per_floor":["M","M","$","M","?","R","E","R","T","?","R","M","M","E","R","B",null,"M","?","M","?","M","R","?","R","T","?","R","$","E","?","R_BF","B"],"character_chosen":"IRONCLAD","items_purchased":["ReplayTheSpireMod:Limb From Limb","Bloodletting"],"campfire_rested":2,"item_purchase_floors":[29,29],"current_hp_per_floor":[70,64,64,56,56,56,26,26,26,26,48,33,25,25,25,12,59,53,53,14,14,13,13,19,41,41,41,41,41,17,17,17,9,9],"gold":24,"neow_bonus":"BOSS_RELIC","is_daily":false,"chose_seed":false,"campfire_upgraded":9,"win_rate":0.0,"timestamp":1609427200,"path_taken":["M","?","$","M","?","R","E","R","T","?","R","M","M","E","R","BOSS","M","?","M","?","?","R","?","R","T","?","R","$","E","?","R_BF","BOSS"],"items_purchased_type":["Card","Card"],"build_version":"2020-12-22","purchased_purges":2,"victory":false,"max_hp_per_floor":[80,80,80,80,80,80,80,80,80,74,74,74,74,74,74,74,74,74,74,74,74,74,74,74,74,74,74,74,74,74,74,74,74,74],"card_choices":[{"not_picked":["Heavy Blade","Spot Weakness"],"picked":"Run Through","floor":1.0},{"not_picked":["Clash","Dual Wield"],"picked":"Pommel Strike","floor":2.0},{"not_picked":["Clash","Wild Strike"],"picked":"Replay:Undeath\u0027s Touch","floor":4.0},{"not_picked":["Brutality","Clash"],"picked":"Inflame","floor":7.0},{"not_picked":["Shrug It Off","Body Slam"],"picked":"Inflame","floor":12.0},{"not_picked":["Feel No Pain","Havoc"],"picked":"Flex","floor":13.0},{"not_picked":["Headbutt","Thunderclap"],"picked":"Barricade","floor":14.0},{"not_picked":["Double Tap","Reaper"],"picked":"Offering","floor":16.0},{"not_picked":["Body Slam","Clash+1","Thunderclap"],"picked":"SKIP","floor":18.0},{"not_picked":["Dropkick","Replay:Undeath\u0027s Touch"],"picked":"Sword Boomerang","floor":20.0},{"not_picked":["Shockwave+1","Cleave"],"picked":"Demon Form","floor":22.0},{"not_picked":["Warcry","Heavy Blade"],"picked":"ReplayTheSpireMod:Corrosion Curse","floor":24.0},{"not_picked":["Iron Wave","Juggernaut"],"picked":"Seeing Red","floor":30.0}],"player_experience":386860,"relics_obtained":[{"floor":7.0,"key":"Replay:Arrowhead"},{"floor":9.0,"key":"Shovel"},{"floor":14.0,"key":"ReplayTheSpireMod:Ninjato"},{"floor":24.0,"key":"Red Mask"},{"floor":28.0,"key":"Ornamental Fan"},{"floor":30.0,"key":"Divine Protection"}],"event_choices":[{"cards_removed":["Strike_R"],"damage_healed":0.0,"max_hp_gain":0.0,"max_hp_loss":0.0,"gold_gain":0.0,"event_name":"The Cleric","player_choice":"Card Removal","floor":5.0,"gold_loss":50.0,"damage_taken":0.0},{"damage_healed":0.0,"max_hp_gain":0.0,"max_hp_loss":6.0,"gold_gain":0.0,"event_name":"Golden Idol","player_choice":"Lose Max HP","floor":10.0,"gold_loss":0.0,"damage_taken":0.0,"relics_obtained":["Golden Idol"]},{"damage_healed":0.0,"max_hp_gain":0.0,"max_hp_loss":0.0,"gold_gain":0.0,"event_name":"Drug Dealer","player_choice":"Inject Mutagens","floor":19.0,"gold_loss":0.0,"damage_taken":0.0,"relics_obtained":["MutagenicStrength"]},{"damage_healed":0.0,"max_hp_gain":0.0,"max_hp_loss":0.0,"gold_gain":0.0,"event_name":"Designer","player_choice":"Upgrade","floor":21.0,"gold_loss":40.0,"damage_taken":0.0,"cards_upgraded":["Sword Boomerang"]},{"damage_healed":0.0,"max_hp_gain":0.0,"max_hp_loss":0.0,"gold_gain":0.0,"event_name":"Masked Bandits","player_choice":"Fought Bandits","floor":24.0,"gold_loss":0.0,"damage_taken":0.0},{"damage_healed":0.0,"max_hp_gain":0.0,"max_hp_loss":0.0,"gold_gain":0.0,"event_name":"Vampires","player_choice":"Ignored","floor":27.0,"gold_loss":0.0,"damage_taken":0.0},{"cards_removed":["Strike_R"],"damage_healed":0.0,"max_hp_gain":0.0,"max_hp_loss":0.0,"gold_gain":0.0,"event_name":"Beggar","player_choice":"Gave Gold","floor":31.0,"gold_loss":75.0,"damage_taken":0.0}],"is_beta":false,"boss_relics":[{"not_picked":["Fusion Hammer","Sozu"],"picked":"Mark of Pain"}],"items_purged_floors":[3,29],"is_endless":false,"potions_floor_spawned":[2,7,13,14,16,24,30],"killed_by":"Collector","ascension_level":10}}