{"host":"37dk0reb6x0du8wx","time":1609410893,"event":{"mods":["BaseMod","Colored Map","DeckTracker","Minty Spire (QoL Compilation)","Quick Restart","StSLib","SuperFastMode","The Dragon Tamer"],"gold_per_floor":[113,113,63,63,75,75,95,170,170,185,205,216,235,254,254,352,352,262,262,39,39,39,39,39],"floor_reached":23,"playtime":795,"items_purged":["Biased Cognition"],"score":215,"play_id":"31d46002-513f-424e-8fe5-a3c8cb156ec3","local_time":"20201231193453","is_ascension_mode":true,"campfire_choices":[{"data":"Dualcast","floor":6,"key":"SMITH"},{"data":"Auto Shields","floor":15,"key":"SMITH"}],"circlet_count":0,"master_deck":["Strike_B","Strike_B","Defend_B","Defend_B","Defend_B","Defend_B","Zap+1","Dualcast+1","Conserve Battery","Conserve Battery","Auto Shields+1","Double Energy"],"relics":["Cracked Core","Ancient Tea Set","Prayer Wheel","Inserter","Strawberry"],"acts_visited":["Exordium","TheCity"],"potions_floor_usage":[16,16],"damage_taken":[{"damage":1,"enemies":"Cultist","floor":1,"turns":3},{"damage":7,"enemies":"2 Louse","floor":5,"turns":3},{"damage":0,"enemies":"Small Slimes","floor":7,"turns":2},{"damage":0,"enemies":"3 Louse","floor":10,"turns":3},{"damage":5,"enemies":"Blue Slaver","floor":11,"turns":3},{"damage":1,"enemies":"Large Slime","floor":12,"turns":8},{"damage":0,"enemies":"Looter","floor":13,"turns":3},{"damage":0,"enemies":"Blue Slaver","floor":14,"turns":4},{"damage":54,"enemies":"The Guardian","floor":16,"turns":20},{"damage":19,"enemies":"2 Thieves","floor":18,"turns":5},{"damage":0,"enemies":"Gremlin Leader","floor":23,"turns":2}],"seed_played":"-8267019284862823417","potions_obtained":[{"floor":1,"key":"SkillPotion"},{"floor":5,"key":"CultistPotion"},{"floor":7,"key":"SmokeBomb"},{"floor":11,"key":"Fruit Juice"},{"floor":16,"key":"PowerPotion"}],"is_trial":false,"path_per_floor":["M","T","?","?","M","R","M","?","T","M","M","M","M","M","R","B",null,"M","?","$","?","?","E"],"character_chosen":"DEFECT","items_purchased":["Strawberry"],"campfire_rested":0,"item_purchase_floors":[20],"current_hp_per_floor":[74,74,74,79,72,72,72,61,61,61,56,55,55,55,55,6,85,66,66,73,55,55,55,55],"gold":39,"neow_bonus":"UPGRADE_CARD","is_daily":false,"chose_seed":false,"campfire_upgraded":2,"win_rate":0.0,"timestamp":1609410893,"path_taken":["M","?","?","?","M","R","M","?","T","?","M","M","M","M","R","BOSS","M","?","$","?","?","E"],"items_purchased_type":["Relic"],"build_version":"2020-12-22","purchased_purges":1,"victory":false,"max_hp_per_floor":[75,75,75,80,80,80,80,80,80,80,80,80,80,80,80,85,85,85,85,92,97,97,97,97],"card_choices":[{"not_picked":["Heatsinks","Rebound","Aggregate"],"picked":"SKIP","floor":1},{"not_picked":["Steam","Cold Snap","Sweeping Beam"],"picked":"SKIP","floor":5},{"not_picked":["Skim","Storm"],"picked":"Conserve Battery","floor":7},{"not_picked":["Recycle","Beam Cell","Streamline"],"picked":"SKIP","floor":10},{"not_picked":["Cold Snap","All For One","Conserve Battery"],"picked":"SKIP","floor":10},{"not_picked":["Cold Snap","All For One"],"picked":"Conserve Battery","floor":10},{"not_picked":["Recycle","Beam Cell","Streamline"],"picked":"SKIP","floor":10},{"not_picked":["Leap","Steam"],"picked":"Auto Shields","floor":11},{"not_picked":["Heatsinks","Aggregate","Hello World"],"picked":"SKIP","floor":11},{"not_picked":["Ball Lightning","Glacier"],"picked":"Biased Cognition","floor":12},{"not_picked":["Turbo","Coolheaded","Hologram"],"picked":"SKIP","floor":12},{"not_picked":["Reprogram","Scrape","Compile Driver"],"picked":"SKIP","floor":13},{"not_picked":["Turbo","Rebound","Coolheaded"],"picked":"SKIP","floor":13},{"not_picked":["Amplify","Conserve Battery","Steam"],"picked":"SKIP","floor":14},{"not_picked":["Cold Snap","Turbo","Chill"],"picked":"SKIP","floor":14},{"not_picked":["FTL","Steam"],"picked":"Double Energy","floor":18},{"not_picked":["Rebound","Go for the Eyes","Steam"],"picked":"SKIP","floor":18}],"player_experience":96862,"relics_obtained":[{"floor":2,"key":"Ancient Tea Set"},{"floor":9,"key":"Prayer Wheel"}],"event_choices":[{"cards_removed":["Strike_B"],"damage_healed":0,"gold_gain":0,"player_choice":"Card Removal","damage_taken":0,"max_hp_gain":0,"max_hp_loss":0,"event_name":"The Cleric","floor":3,"gold_loss":50},{"damage_healed":0,"gold_gain":0,"player_choice":"Donut","damage_taken":0,"max_hp_gain":5,"max_hp_loss":0,"event_name":"Big Fish","floor":4,"gold_loss":0},{"damage_healed":0,"gold_gain":75,"player_choice":"Gather Gold","damage_taken":11,"max_hp_gain":0,"max_hp_loss":0,"event_name":"World of Goop","floor":8,"gold_loss":0},{"damage_healed":0,"gold_gain":0,"player_choice":"Ignored","damage_taken":0,"max_hp_gain":0,"max_hp_loss":0,"event_name":"Ghosts","floor":19,"gold_loss":0},{"damage_healed":0,"gold_gain":0,"player_choice":"Shed Blood","damage_taken":23,"max_hp_gain":5,"max_hp_loss":0,"event_name":"Forgotten Altar","floor":21,"gold_loss":0},{"cards_removed":["Strike_B"],"damage_healed":0,"gold_gain":0,"player_choice":"Purged","damage_taken":0,"max_hp_gain":0,"max_hp_loss":0,"event_name":"Purifier","floor":22,"gold_loss":0}],"is_beta":false,"boss_relics":[{"not_picked":["Runic Pyramid","Snecko Eye"],"picked":"Inserter"}],"items_purged_floors":[20],"is_endless":false,"potions_floor_spawned":[1,5,7,11,16],"killed_by":"Gremlin Leader","ascension_level":1}}