{"host":"xx5zt3jtdyh8iun7","time":1609450286,"event":{"mods":["AchievementEnabler","Act Like it!","BaseMod","Bestiary","Downfall","Minty Spire (QoL Compilation)","Replay The Spire","StSLib"],"gold_per_floor":[111,121,121,91,107,136,136,167,167,186,200,216,230,242,242,242,242],"floor_reached":16,"playtime":764,"items_purged":[],"score":122,"play_id":"2f26c3bc-d9d2-4a78-8b3c-a1a32f540b98","local_time":"20201231223126","is_ascension_mode":true,"campfire_choices":[{"data":"Fusion","floor":7,"key":"SMITH"},{"floor":15,"key":"REST"}],"circlet_count":0,"master_deck":["Strike_B","Strike_B","Strike_B","Strike_B","Defend_B","Defend_B","Defend_B+1","Defend_B","Zap","Dualcast+1","Barrage","Go for the Eyes","Fusion+1","Conserve Battery","Compile Driver","Beam Cell","Buffer","ReplayTheSpireMod:Repulse"],"relics":["Cracked Core","NeowsBlessing","Bottled Flame","Emotion Chip","Dead Branch"],"acts_visited":["Exordium"],"potions_floor_usage":[6,6,13,16,16],"damage_taken":[{"damage":0,"enemies":"Jaw Worm","floor":1,"turns":1},{"damage":0,"enemies":"Small Slimes","floor":2,"turns":1},{"damage":0,"enemies":"Cultist","floor":5,"turns":1},{"damage":6,"enemies":"Gremlin Nob","floor":6,"turns":3},{"damage":20,"enemies":"Replay:BlueRogue","floor":8,"turns":6},{"damage":2,"enemies":"Blue Slaver","floor":10,"turns":3},{"damage":5,"enemies":"2 Fungi Beasts","floor":11,"turns":3},{"damage":0,"enemies":"Exordium Wildlife","floor":12,"turns":4},{"damage":6,"enemies":"Lots of Slimes","floor":13,"turns":3},{"damage":16,"enemies":"Exordium Thugs","floor":14,"turns":4},{"damage":27,"enemies":"Hexaghost","floor":16,"turns":9}],"seed_played":"6654610378403955556","potions_obtained":[{"floor":2,"key":"Swift Potion"},{"floor":4,"key":"Fire Potion"},{"floor":4,"key":"Adrenaline Potion"},{"floor":10,"key":"ColorlessPotion"},{"floor":11,"key":"Fire Potion"},{"floor":12,"key":"PotionOfCapacity"},{"floor":13,"key":"Reflective Coating"}],"is_trial":false,"path_per_floor":["M","M","?","?","M","E","R","E","T","M","M","M","M","M","R","B"],"character_chosen":"DEFECT","items_purchased":[],"campfire_rested":1,"item_purchase_floors":[],"current_hp_per_floor":[75,75,60,60,60,54,54,34,34,32,27,27,21,5,27,0,0],"gold":242,"neow_bonus":"THREE_ENEMY_KILL","is_daily":false,"chose_seed":false,"campfire_upgraded":1,"win_rate":0.0,"timestamp":1609450286,"path_taken":["M","M","?","?","?","E","R","E","T","M","M","M","M","M","R","BOSS"],"items_purchased_type":[],"build_version":"2020-12-22","purchased_purges":0,"victory":false,"max_hp_per_floor":[75,75,75,75,75,75,75,75,75,75,75,75,75,75,75,75,75],"card_choices":[{"not_picked":["ReplaySolidLightProjector","Force Field"],"picked":"Barrage","floor":1},{"not_picked":["Hologram","Storm"],"picked":"Go for the Eyes","floor":2},{"not_picked":["Recycle","Panic Button"],"picked":"Fusion","floor":5},{"not_picked":["Barrage","Static Discharge","Steam"],"picked":"SKIP","floor":6},{"not_picked":["Hologram","Loop"],"picked":"Conserve Battery","floor":8},{"not_picked":["Hologram","Go for the Eyes"],"picked":"Compile Driver","floor":10},{"not_picked":["Sweeping Beam","Recycle"],"picked":"Beam Cell","floor":11},{"not_picked":["Turbo","Genetic Algorithm"],"picked":"Buffer","floor":12},{"not_picked":["Static Discharge","Leap"],"picked":"ReplayTheSpireMod:Repulse","floor":13},{"not_picked":["Genetic Algorithm","Panic Button","Stack"],"picked":"SKIP","floor":14}],"player_experience":776621,"relics_obtained":[{"floor":6,"key":"Bottled Flame"},{"floor":8,"key":"Emotion Chip"},{"floor":9,"key":"Dead Branch"}],"event_choices":[{"damage_healed":0,"gold_gain":0,"player_choice":"Entered Light","damage_taken":15,"max_hp_gain":0,"max_hp_loss":0,"event_name":"Shining Light","floor":3,"gold_loss":0,"cards_upgraded":["Defend_B","Dualcast"]},{"damage_healed":0,"gold_gain":0,"player_choice":"Bought 2 Potions","damage_taken":0,"max_hp_gain":0,"max_hp_loss":0,"event_name":"The Woman in Blue","floor":4,"gold_loss":0}],"is_beta":false,"boss_relics":[],"items_purged_floors":[],"is_endless":false,"potions_floor_spawned":[2,10,11,12,13],"killed_by":"Hexaghost","ascension_level":1}}