{"host":"ELF","time":1609406301,"event":{"mods":["BaseMod","Minty Spire (QoL Compilation)"],"gold_per_floor":[110,128,128,88,106,106,131,141,221,221,54,64,64,99,99,99,99],"floor_reached":16,"playtime":1100,"items_purged":[],"score":220,"play_id":"60589aa5-6564-4b53-935c-7f29c14e8f39","local_time":"20201231031821","is_ascension_mode":true,"campfire_choices":[{"floor":6.0,"key":"REST"},{"floor":10.0,"key":"REST"},{"floor":13.0,"key":"REST"},{"floor":15.0,"key":"REST"}],"circlet_count":0,"master_deck":["AscendersBane","Strike_G","Strike_G","Strike_G","Strike_G","Strike_G","Defend_G","Defend_G","Defend_G","Defend_G","Defend_G","Survivor","Neutralize","Predator","Acrobatics","Regret","Dash","Dagger Spray","Deadly Poison","Leg Sweep","Backflip","Well Laid Plans","Slice","Blur","Escape Plan","Acrobatics"],"relics":["SlaversCollar","Torii","Pen Nib","Ornamental Fan","Orrery","Gremlin Horn"],"acts_visited":["Exordium"],"potions_floor_usage":[16],"damage_taken":[{"damage":4.0,"enemies":"2 Louse","floor":1.0,"turns":4.0},{"damage":0.0,"enemies":"Cultist","floor":2.0,"turns":4.0},{"damage":15.0,"enemies":"Jaw Worm","floor":5.0,"turns":7.0},{"damage":37.0,"enemies":"Lagavulin","floor":7.0,"turns":7.0},{"damage":23.0,"enemies":"Large Slime","floor":8.0,"turns":5.0},{"damage":32.0,"enemies":"Gremlin Gang","floor":12.0,"turns":6.0},{"damage":15.0,"enemies":"3 Sentries","floor":14.0,"turns":9.0},{"damage":32,"enemies":"Hexaghost","floor":16,"turns":16}],"seed_played":"1555242210298678325","potions_obtained":[{"floor":4.0,"key":"FairyPotion"},{"floor":4.0,"key":"Poison Potion"},{"floor":7.0,"key":"LiquidMemories"},{"floor":12.0,"key":"FearPotion"},{"floor":14.0,"key":"LiquidMemories"}],"is_trial":false,"path_per_floor":["M","M","?","?","M","R","E","M","T","R","$","M","R","E","R","B"],"character_chosen":"THE_SILENT","items_purchased":["Orrery"],"campfire_rested":4,"item_purchase_floors":[11],"current_hp_per_floor":[55,55,55,55,40,59,22,19,19,38,38,6,25,10,29,0,0],"gold":99,"neow_bonus":"BOSS_RELIC","is_daily":false,"chose_seed":false,"campfire_upgraded":0,"win_rate":0.0,"timestamp":1609406301,"path_taken":["M","M","?","?","M","R","E","M","T","R","$","M","R","E","R","BOSS"],"items_purchased_type":["Relic"],"build_version":"2020-12-18","purchased_purges":0,"victory":false,"max_hp_per_floor":[66,66,66,66,66,66,66,66,66,66,66,66,66,66,66,66,66],"card_choices":[{"not_picked":["Prepared","Dagger Throw"],"picked":"Predator","floor":1.0},{"not_picked":["PiercingWail","Blade Dance"],"picked":"Acrobatics","floor":2.0},{"not_picked":["Poisoned Stab","Slice"],"picked":"Dash","floor":5.0},{"not_picked":["Cloak And Dagger","Infinite Blades"],"picked":"Dagger Spray","floor":7.0},{"not_picked":["Backflip","Accuracy"],"picked":"Deadly Poison","floor":8.0},{"not_picked":["Caltrops","Escape Plan"],"picked":"Leg Sweep","floor":11.0},{"not_picked":["Slice","Concentrate"],"picked":"Backflip","floor":11.0},{"not_picked":["Dagger Throw","Bane"],"picked":"Well Laid Plans","floor":11.0},{"not_picked":["Flechettes","Bane"],"picked":"Slice","floor":11.0},{"not_picked":["Skewer","Glass Knife"],"picked":"Blur","floor":11.0},{"not_picked":["Poisoned Stab","Concentrate"],"picked":"Escape Plan","floor":12.0},{"not_picked":["Bouncing Flask","Choke"],"picked":"Acrobatics","floor":14.0}],"player_experience":3117319,"relics_obtained":[{"floor":7.0,"key":"Pen Nib"},{"floor":9.0,"key":"Ornamental Fan"},{"floor":14.0,"key":"Gremlin Horn"}],"event_choices":[{"damage_healed":0.0,"max_hp_gain":0.0,"max_hp_loss":0.0,"gold_gain":0.0,"event_name":"Big Fish","player_choice":"Box","floor":3.0,"gold_loss":0.0,"damage_taken":0.0,"relics_obtained":["Torii"],"cards_obtained":["Regret"]},{"damage_healed":0.0,"max_hp_gain":0.0,"max_hp_loss":0.0,"gold_gain":0.0,"event_name":"The Woman in Blue","player_choice":"Bought 3 Potions","floor":4.0,"gold_loss":0.0,"damage_taken":0.0}],"is_beta":true,"boss_relics":[],"items_purged_floors":[],"is_endless":false,"potions_floor_spawned":[7,12,14],"killed_by":"Hexaghost","ascension_level":20}}