{"host":"yer03dsd277nstsn","time":1609414998,"event":{"mods":["BaseMod","Colored Powertips","Minty Spire (QoL Compilation)"],"gold_per_floor":[118,137,147,165,165,191,209,209,209,209,238,13,39,55,55,159,159,174,174,193,118,118,144,163,63,63,83,101,101,112,112,112,214,214,230,280,155,166,186,186,186,186,239,250,23,48,48,70,70,70],"floor_reached":51,"playtime":3495,"items_purged":["Strike_B","Defend_B","Defend_B"],"score":992,"play_id":"9d01103b-755b-477b-9a38-0805c233c758","local_time":"20201231054318","is_ascension_mode":true,"campfire_choices":[{"data":"Hologram","floor":8,"key":"SMITH"},{"data":"Zap","floor":10,"key":"SMITH"},{"floor":15,"key":"REST"},{"floor":32,"key":"REST"},{"floor":40,"key":"REST"},{"data":"Defend_B","floor":42,"key":"PURGE"},{"data":"Defend_B","floor":47,"key":"PURGE"},{"data":"Parasite","floor":49,"key":"PURGE"}],"circlet_count":0,"master_deck":["Zap+1","Dualcast","Hologram+1","Rebound","Streamline+1","Go for the Eyes+1","Conserve Battery","Glacier","Cold Snap","Ball Lightning","Echo Form","Blizzard+1","Chill","Ball Lightning","Glacier+1","Auto Shields+1","Coolheaded","Defragment","Chill","CurseOfTheBell","Cold Snap+1","Electrodynamics","Blizzard+1","Core Surge","Echo Form","Self Repair+1","Ball Lightning+1","Defragment"],"relics":["Cracked Core","Anchor","Shuriken","Question Card","DataDisk","Whetstone","SlaversCollar","Orichalcum","Prayer Wheel","Strawberry","Calling Bell","Oddly Smooth Stone","Matryoshka","Peace Pipe","Bird Faced Urn","Blood Vial","Bag of Marbles","Frozen Eye","CeramicFish"],"acts_visited":["Exordium","TheCity","TheBeyond"],"potions_floor_usage":[13,13,33,39,44,44,50,50],"damage_taken":[{"damage":5,"enemies":"Small Slimes","floor":1,"turns":4},{"damage":7,"enemies":"Jaw Worm","floor":2,"turns":4},{"damage":1,"enemies":"Cultist","floor":3,"turns":3},{"damage":12,"enemies":"2 Fungi Beasts","floor":4,"turns":3},{"damage":13,"enemies":"Gremlin Nob","floor":6,"turns":3},{"damage":0,"enemies":"3 Louse","floor":7,"turns":3},{"damage":20,"enemies":"3 Sentries","floor":11,"turns":12},{"damage":0,"enemies":"Gremlin Nob","floor":13,"turns":3},{"damage":0,"enemies":"Blue Slaver","floor":14,"turns":2},{"damage":0,"enemies":"Slime Boss","floor":16,"turns":9},{"damage":2,"enemies":"Chosen","floor":18,"turns":5},{"damage":13,"enemies":"Shell Parasite","floor":20,"turns":3},{"damage":24,"enemies":"Book of Stabbing","floor":23,"turns":5},{"damage":11,"enemies":"Centurion and Healer","floor":24,"turns":7},{"damage":0,"enemies":"Chosen and Byrds","floor":27,"turns":4},{"damage":0,"enemies":"Sentry and Sphere","floor":28,"turns":7},{"damage":0,"enemies":"Centurion and Healer","floor":30,"turns":5},{"damage":5,"enemies":"Champ","floor":33,"turns":9},{"damage":1,"enemies":"Orb Walker","floor":35,"turns":3},{"damage":6,"enemies":"Mind Bloom Boss Battle","floor":36,"turns":6},{"damage":6,"enemies":"3 Shapes","floor":38,"turns":4},{"damage":51,"enemies":"Transient","floor":39,"turns":5},{"damage":0,"enemies":"3 Darklings","floor":44,"turns":5},{"damage":21,"enemies":"Reptomancer","floor":46,"turns":6},{"damage":29,"enemies":"Writhing Mass","floor":48,"turns":8},{"damage":50,"enemies":"Awakened One","floor":50,"turns":11}],"seed_played":"-8291096235628894753","potions_obtained":[{"floor":1,"key":"FocusPotion"},{"floor":2,"key":"Swift Potion"},{"floor":3,"key":"AttackPotion"},{"floor":16,"key":"PotionOfCapacity"},{"floor":23,"key":"ColorlessPotion"},{"floor":33,"key":"DuplicationPotion"},{"floor":35,"key":"EssenceOfSteel"},{"floor":36,"key":"GamblersBrew"},{"floor":44,"key":"ColorlessPotion"}],"is_trial":false,"path_per_floor":["M","M","M","M","?","E","M","R","T","R","E","$","E","M","R","B",null,"M","?","M","?","$","E","M","$","T","M","M","$","M","?","R","B",null,"M","?","$","M","M","R","?","R","T","M","$","E","R","M","R","B",null],"character_chosen":"DEFECT","items_purchased":["DataDisk","Defragment","Frozen Eye","FocusPotion"],"campfire_rested":3,"item_purchase_floors":[12,45,45,45],"current_hp_per_floor":[70,63,62,50,50,37,37,37,37,37,17,17,17,17,41,41,72,70,70,57,57,57,33,22,22,22,22,22,22,22,29,55,50,79,78,72,72,68,19,45,45,45,45,55,55,70,70,77,77,60],"gold":70,"neow_bonus":"TEN_PERCENT_HP_BONUS","is_daily":false,"chose_seed":false,"campfire_upgraded":2,"win_rate":0.0,"timestamp":1609414998,"path_taken":["M","M","M","M","?","E","M","R","T","R","E","$","E","M","R","BOSS","M","?","M","?","?","E","?","$","T","M","M","$","M","?","R","BOSS","M","?","$","M","M","R","?","R","T","?","$","E","R","M","R","BOSS"],"items_purchased_type":["Relic","Card","Relic","Potion"],"build_version":"2020-12-22","purchased_purges":3,"victory":true,"max_hp_per_floor":[82,82,82,82,82,82,82,82,82,82,82,82,82,82,82,82,82,82,82,82,82,82,82,82,82,82,82,82,82,82,89,89,89,89,89,89,89,89,89,89,89,89,89,89,89,89,89,89,86,86],"card_choices":[{"not_picked":["Tempest","Stack"],"picked":"Hologram","floor":1},{"not_picked":["Static Discharge","Stack"],"picked":"Rebound","floor":2},{"not_picked":["Scrape","Rainbow","Lockon"],"picked":"SKIP","floor":3},{"not_picked":["Recycle","Stack"],"picked":"Streamline","floor":4},{"not_picked":["Lockon","Cold Snap"],"picked":"Conserve Battery","floor":6},{"not_picked":["Reprogram","Double Energy"],"picked":"Glacier","floor":7},{"not_picked":["Go for the Eyes","Rebound","Steam"],"picked":"SKIP","floor":11},{"not_picked":["Reboot","Leap","Hello World"],"picked":"Cold Snap","floor":13},{"not_picked":["Stack","Chill","Leap"],"picked":"Ball Lightning","floor":14},{"not_picked":["Reboot","Thunder Strike","Multi-Cast"],"picked":"Echo Form","floor":16},{"not_picked":["Cold Snap","Go for the Eyes","Steam"],"picked":"Blizzard+1","floor":18},{"not_picked":["Lockon","Rip and Tear","Gash"],"picked":"Chill","floor":20},{"not_picked":["Scrape+1","Turbo","Steam Power+1"],"picked":"Ball Lightning","floor":23},{"not_picked":["Loop","Go for the Eyes","Self Repair"],"picked":"Glacier+1","floor":24},{"not_picked":["Rebound","Steam Power","Steam"],"picked":"Auto Shields+1","floor":27},{"not_picked":["Leap","Lockon+1","Beam Cell"],"picked":"Coolheaded","floor":27},{"not_picked":["Loop","Beam Cell","Ball Lightning"],"picked":"Defragment","floor":28},{"not_picked":["Leap","White Noise","Meteor Strike","Stack+1"],"picked":"SKIP","floor":28},{"not_picked":["Force Field+1","Reprogram","Streamline"],"picked":"Chill","floor":30},{"not_picked":["Conserve Battery","Steam","Ball Lightning","Leap"],"picked":"SKIP","floor":30},{"not_picked":["Turbo+1","Redo","Conserve Battery+1"],"picked":"Cold Snap+1","floor":35},{"not_picked":["Go for the Eyes+1","Conserve Battery","Doom and Gloom+1"],"picked":"Electrodynamics","floor":35},{"not_picked":["Tempest","Beam Cell","Cold Snap","Rebound"],"picked":"SKIP","floor":38},{"not_picked":["Hologram","Gash+1","Ball Lightning+1","Beam Cell"],"picked":"SKIP","floor":38},{"not_picked":["Barrage+1","Undo","Turbo+1"],"picked":"Blizzard+1","floor":39},{"not_picked":["Ball Lightning","Coolheaded","Redo"],"picked":"Core Surge","floor":39},{"not_picked":["Gash","Reprogram+1","Glacier"],"picked":"Self Repair+1","floor":44},{"not_picked":["Beam Cell+1","Heatsinks+1","Tempest+1"],"picked":"Ball Lightning+1","floor":44},{"not_picked":["Hologram+1","Leap+1","Meteor Strike","Turbo+1"],"picked":"SKIP","floor":46},{"not_picked":["Skim","Barrage","FTL","Turbo"],"picked":"SKIP","floor":48},{"not_picked":["Aggregate","Compile Driver+1","Leap","BootSequence"],"picked":"SKIP","floor":48}],"player_experience":407933,"relics_obtained":[{"floor":6,"key":"Anchor"},{"floor":9,"key":"Shuriken"},{"floor":11,"key":"Question Card"},{"floor":13,"key":"Whetstone"},{"floor":23,"key":"Orichalcum"},{"floor":26,"key":"Prayer Wheel"},{"floor":34,"key":"Oddly Smooth Stone"},{"floor":34,"key":"Matryoshka"},{"floor":34,"key":"Peace Pipe"},{"floor":36,"key":"Bird Faced Urn"},{"floor":43,"key":"Blood Vial"},{"floor":43,"key":"Bag of Marbles"},{"floor":46,"key":"CeramicFish"}],"event_choices":[{"damage_healed":0,"gold_gain":0,"cards_transformed":["Strike_B"],"player_choice":"Change","damage_taken":0,"max_hp_gain":0,"max_hp_loss":0,"event_name":"Living Wall","floor":5,"gold_loss":0,"cards_obtained":["Go for the Eyes"]},{"cards_removed":["Strike_B"],"damage_healed":0,"gold_gain":0,"player_choice":"Elegance","damage_taken":0,"max_hp_gain":0,"max_hp_loss":0,"event_name":"Back to Basics","floor":19,"gold_loss":0},{"cards_removed":["Strike_B"],"damage_healed":0,"gold_gain":0,"player_choice":"Gave Gold","damage_taken":0,"max_hp_gain":0,"max_hp_loss":0,"event_name":"Beggar","floor":21,"gold_loss":75},{"damage_healed":0,"gold_gain":0,"player_choice":"Opened","damage_taken":0,"relics_obtained":["Strawberry"],"max_hp_gain":0,"max_hp_loss":0,"event_name":"The Mausoleum","floor":31,"gold_loss":0},{"damage_healed":0,"gold_gain":0,"player_choice":"Fight","damage_taken":0,"max_hp_gain":0,"max_hp_loss":0,"event_name":"MindBloom","floor":36,"gold_loss":0},{"damage_healed":0,"gold_gain":0,"player_choice":"Copied","damage_taken":0,"max_hp_gain":0,"max_hp_loss":0,"event_name":"Duplicator","floor":41,"gold_loss":0,"cards_obtained":["Echo Form"]}],"is_beta":false,"boss_relics":[{"not_picked":["SacredBark","Velvet Choker"],"picked":"SlaversCollar"},{"not_picked":["Cursed Key","Fusion Hammer"],"picked":"Calling Bell"}],"items_purged_floors":[12,25,37],"is_endless":false,"potions_floor_spawned":[1,2,3,16,23,27,30,33,35,36,44],"ascension_level":6}}