{"host":"6ko66ogg91i6g7xq","time":1609436304,"event":{"mods":["AchievementEnabler","Act Like it!","BaseMod","Colored Map","Colored Powertips","Downfall","Hermit","Minty Spire (QoL Compilation)","Quick Restart","Relic Stats","StSLib","The Jungle","everything is the same but u backflip on backflip"],"gold_per_floor":[119,44,68,83,83,111,17,17,40,40,54,54,69,98,98,202,202,212,212,228,228,242,268,268,303,303,303,303],"floor_reached":27,"playtime":917,"items_purged":[],"score":298,"play_id":"3d2e6a30-afe5-4a48-9f71-47b0ee7cc66d","local_time":"20201231123824","is_ascension_mode":true,"campfire_choices":[{"floor":8,"key":"RECALL"},{"data":"Noxious Fumes","floor":10,"key":"SMITH"},{"data":"Noxious Fumes","floor":15,"key":"SMITH"},{"floor":24,"key":"REST"}],"circlet_count":0,"master_deck":["Strike_G","Strike_G","Strike_G","Strike_G+1","Strike_G","Defend_G","Defend_G+1","Defend_G","Defend_G+1","Defend_G","Survivor","Neutralize","Heel Hook+1","Noxious Fumes+1","Noxious Fumes+1","Deadly Poison","Footwork+1","Deadly Poison","Noxious Fumes+1","Poisoned Stab","Blur","Poisoned Stab"],"relics":["Ring of the Snake","NeowsBlessing","Bronze Scales","War Paint","Anchor","Potion Belt","Whetstone","Ornamental Fan"],"acts_visited":["Exordium","TheCity"],"potions_floor_usage":[14,14,22,22,25],"damage_taken":[{"damage":0,"enemies":"Cultist","floor":1,"turns":1},{"damage":0,"enemies":"Jaw Worm","floor":4,"turns":1},{"damage":0,"enemies":"Gremlin Nob","floor":6,"turns":1},{"damage":0,"enemies":"2 Louse","floor":11,"turns":3},{"damage":0,"enemies":"Red Slaver","floor":13,"turns":4},{"damage":9,"enemies":"Lagavulin","floor":14,"turns":5},{"damage":19,"enemies":"The Guardian","floor":16,"turns":8},{"damage":13,"enemies":"Shell Parasite","floor":18,"turns":5},{"damage":0,"enemies":"3 Byrds","floor":20,"turns":3},{"damage":0,"enemies":"Shelled Parasite and Fungi","floor":22,"turns":6},{"damage":26,"enemies":"Slavers","floor":23,"turns":5},{"damage":24,"enemies":"Book of Stabbing","floor":25,"turns":6},{"damage":27,"enemies":"Slavers","floor":27,"turns":3}],"seed_played":"-5190359866125002784","potions_obtained":[{"floor":4,"key":"LiquidMemories"},{"floor":6,"key":"Poison Potion"},{"floor":11,"key":"Strength Potion"},{"floor":14,"key":"FearPotion"},{"floor":18,"key":"Block Potion"},{"floor":20,"key":"Fire Potion"}],"is_trial":false,"path_per_floor":["M","$","T","M","?","E","$","R","T","R","M","?","M","E","R","B",null,"M","$","M","?","M","E","R","E","T","E"],"character_chosen":"THE_SILENT","items_purchased":["Noxious Fumes","Deadly Poison","Footwork"],"campfire_rested":1,"item_purchase_floors":[2,7,7],"current_hp_per_floor":[70,70,70,70,70,70,70,70,70,70,70,70,70,61,61,42,70,57,57,57,57,57,31,52,28,28,1,1],"gold":303,"neow_bonus":"THREE_ENEMY_KILL","is_daily":false,"chose_seed":false,"campfire_upgraded":2,"win_rate":0.0,"timestamp":1609436304,"path_taken":["M","$","?","?","?","E","?","R","T","R","M","?","?","E","R","BOSS","M","$","M","?","M","E","R","E","T","E"],"items_purchased_type":["Card","Card","Card"],"build_version":"2020-12-22","purchased_purges":0,"victory":false,"max_hp_per_floor":[70,70,70,70,70,70,70,70,70,70,70,70,70,70,70,70,70,70,70,70,70,70,70,70,70,70,70,70],"relic_stats":{"counters":[13,51],"Ornamental Fan":[0],"Bronze Scales":[193],"Whetstone":["Strike_G","Heel Hook"],"War Paint":["Defend_G","Defend_G"],"obtain_stats":[{"Potion Belt":14,"Anchor":9,"NeowsBlessing":0,"Ornamental Fan":25,"Bronze Scales":3,"Whetstone":23,"War Paint":6,"Ring of the Snake":0},{"Potion Belt":6,"Anchor":3,"NeowsBlessing":0,"Ornamental Fan":12,"Bronze Scales":1,"Whetstone":11,"War Paint":3,"Ring of the Snake":0},{"Potion Belt":15,"Anchor":3,"NeowsBlessing":0,"Ornamental Fan":48,"Bronze Scales":1,"Whetstone":42,"War Paint":3,"Ring of the Snake":0}],"Ring of the Snake":[26]},"card_choices":[{"not_picked":["Deflect","Blade Dance"],"picked":"Heel Hook","floor":1},{"not_picked":["Predator","Slice","Underhanded Strike"],"picked":"SKIP","floor":4},{"not_picked":["Blur","Bouncing Flask"],"picked":"Noxious Fumes","floor":6},{"not_picked":["All Out Attack","PiercingWail"],"picked":"Deadly Poison","floor":11},{"not_picked":["Blade Dance","Outmaneuver"],"picked":"Noxious Fumes","floor":13},{"not_picked":["Cloak And Dagger","All Out Attack"],"picked":"Poisoned Stab","floor":14},{"not_picked":["Deflect","Dagger Spray"],"picked":"Blur","floor":18},{"not_picked":["Flying Knee","Prepared","Terror"],"picked":"SKIP","floor":20},{"not_picked":["Flying Knee","Outmaneuver+1"],"picked":"Poisoned Stab","floor":22},{"not_picked":["Backflip","Outmaneuver","Riddle With Holes"],"picked":"SKIP","floor":23},{"not_picked":["Slice+1","Bouncing Flask","Dagger Spray"],"picked":"SKIP","floor":25}],"player_experience":274321,"relics_obtained":[{"floor":3,"key":"Bronze Scales"},{"floor":6,"key":"War Paint"},{"floor":9,"key":"Anchor"},{"floor":14,"key":"Potion Belt"},{"floor":23,"key":"Whetstone"},{"floor":25,"key":"Ornamental Fan"}],"event_choices":[{"damage_healed":0,"gold_gain":0,"player_choice":"Grow","damage_taken":0,"max_hp_gain":0,"max_hp_loss":0,"event_name":"Living Wall","floor":5,"gold_loss":0,"cards_upgraded":["Noxious Fumes"]},{"damage_healed":0,"gold_gain":0,"player_choice":"0 cards matched","damage_taken":0,"max_hp_gain":0,"max_hp_loss":0,"event_name":"Match and Keep!","floor":12,"gold_loss":0,"cards_obtained":[]},{"damage_healed":0,"gold_gain":0,"player_choice":"Forge","damage_taken":0,"max_hp_gain":0,"max_hp_loss":0,"event_name":"Accursed Blacksmith","floor":21,"gold_loss":0,"cards_upgraded":["Footwork"]}],"is_beta":false,"boss_relics":[{"not_picked":["Philosopher\u0027s Stone","Runic Pyramid","Coffee Dripper"]}],"items_purged_floors":[],"is_endless":false,"potions_floor_spawned":[4,6,11,14,18,20],"killed_by":"Slavers","ascension_level":1}}