{"host":"6yklbc9za0aylqsj","time":1609426655,"event":{"mods":["AchievementEnabler","BaseMod","Bestiary","Colored Map","Colored Powertips","Minty Spire (QoL Compilation)","Rare Cards Sparkle","Relic Stats","Slay-I","StSLib"],"gold_per_floor":[111,111,111,122,137,167,15,15,15],"floor_reached":8,"playtime":195,"items_purged":["Strike_G"],"score":112,"play_id":"1e3c3f40-f4a7-452a-811f-b25dd842e937","local_time":"20201231155735","is_ascension_mode":true,"campfire_choices":[],"circlet_count":0,"master_deck":["AscendersBane","Strike_G","Strike_G","Strike_G","Defend_G","Defend_G","Defend_G","Defend_G","Defend_G","Survivor","Neutralize","Cloak And Dagger","Outmaneuver","Poisoned Stab","Terror","Blade Dance","Infinite Blades+1"],"relics":["Ring of the Snake","NeowsBlessing","Frozen Egg 2"],"acts_visited":["Exordium"],"potions_floor_usage":[],"damage_taken":[{"damage":0.0,"enemies":"2 Louse","floor":1.0,"turns":1.0},{"damage":0.0,"enemies":"Cultist","floor":4.0,"turns":2.0},{"damage":0.0,"enemies":"Jaw Worm","floor":5.0,"turns":1.0},{"damage":29.0,"enemies":"Lagavulin","floor":6.0,"turns":10.0},{"damage":30,"enemies":"Gremlin Nob","floor":8,"turns":3}],"seed_played":"-4499349006052602728","potions_obtained":[{"floor":4.0,"key":"Swift Potion"},{"floor":5.0,"key":"Block Potion"}],"is_trial":false,"path_per_floor":["M","?","$","M","M","E","$","E"],"character_chosen":"THE_SILENT","items_purchased":["Infinite Blades+1"],"campfire_rested":0,"item_purchase_floors":[7],"current_hp_per_floor":[59,59,59,59,59,30,30,0,0],"gold":15,"neow_bonus":"THREE_ENEMY_KILL","is_daily":false,"chose_seed":false,"campfire_upgraded":0,"win_rate":0.0,"timestamp":1609426655,"path_taken":["M","?","?","M","M","E","$","E"],"items_purchased_type":["Card"],"build_version":"2020-12-22","purchased_purges":1,"victory":false,"max_hp_per_floor":[66,66,66,66,66,66,66,66,66],"relic_stats":{"counters":[5,17],"obtain_stats":[{"NeowsBlessing":0,"Frozen Egg 2":6,"Ring of the Snake":0},{"NeowsBlessing":0,"Frozen Egg 2":4,"Ring of the Snake":0},{"NeowsBlessing":0,"Frozen Egg 2":14,"Ring of the Snake":0}],"Ring of the Snake":[10]},"card_choices":[{"not_picked":["PiercingWail","Deadly Poison"],"picked":"Cloak And Dagger","floor":1.0},{"not_picked":["Sucker Punch","Backflip"],"picked":"Poisoned Stab","floor":4.0},{"not_picked":["Outmaneuver","Poisoned Stab"],"picked":"Terror","floor":5.0},{"not_picked":["Heel Hook","Predator"],"picked":"Blade Dance","floor":6.0}],"player_experience":689761,"relics_obtained":[{"floor":6.0,"key":"Frozen Egg 2"}],"event_choices":[{"damage_healed":0.0,"max_hp_gain":0.0,"max_hp_loss":0.0,"gold_gain":0.0,"cards_transformed":["Strike_G"],"event_name":"Transmorgrifier","player_choice":"Transformed","floor":2.0,"gold_loss":0.0,"damage_taken":0.0,"cards_obtained":["Outmaneuver"]}],"is_beta":false,"boss_relics":[],"items_purged_floors":[7],"is_endless":false,"potions_floor_spawned":[4,5],"killed_by":"Gremlin Nob","ascension_level":20}}