{"host":"k6u7q08ihsmpx7o5","time":1609432707,"event":{"mods":["BaseMod","Bestiary","Minty Spire (QoL Compilation)","StSLib"],"gold_per_floor":[119,119,131,281,1,27,27,39,39,39,39],"floor_reached":10,"playtime":337,"items_purged":["Doubt"],"score":132,"play_id":"a4869a08-b278-48a9-bd66-78888307b261","local_time":"20201231173827","is_ascension_mode":true,"campfire_choices":[{"data":"Inflame","floor":7,"key":"SMITH"}],"circlet_count":0,"master_deck":["AscendersBane","Strike_R","Strike_R+1","Strike_R","Strike_R","Strike_R","Defend_R","Defend_R","Defend_R","Defend_R+1","Bash","Second Wind","Cleave","Inflame+1","Armaments"],"relics":["Runic Pyramid","Strange Spoon","Torii","Frozen Egg 2"],"acts_visited":[],"potions_floor_usage":[10],"damage_taken":[{"damage":4,"enemies":"Jaw Worm","floor":1,"turns":5},{"damage":0,"enemies":"2 Louse","floor":3,"turns":4},{"damage":20,"enemies":"Lagavulin","floor":6,"turns":6},{"damage":7,"enemies":"Small Slimes","floor":8,"turns":3},{"damage":36,"enemies":"Gremlin Nob","floor":10,"turns":4}],"seed_played":"6846825863349539488","potions_obtained":[{"floor":1,"key":"PowerPotion"}],"is_trial":false,"path_per_floor":["M","?","M","?","$","E","R","M","T","E"],"character_chosen":"IRONCLAD","items_purchased":["Strange Spoon","Inflame"],"campfire_rested":0,"item_purchase_floors":[5,5],"current_hp_per_floor":[64,41,41,41,41,21,21,14,14,0,0],"gold":39,"neow_bonus":"BOSS_RELIC","is_daily":false,"chose_seed":false,"campfire_upgraded":1,"win_rate":0.0,"timestamp":1609432707,"path_taken":["M","?","M","?","$","E","R","M","T","E"],"items_purchased_type":["Relic","Card"],"build_version":"2020-12-22","purchased_purges":1,"victory":false,"max_hp_per_floor":[75,75,75,75,75,75,75,75,75,75,75],"card_choices":[{"not_picked":["Metallicize","Ghostly Armor"],"picked":"Second Wind","floor":1},{"not_picked":["Anger","Second Wind"],"picked":"Cleave","floor":3},{"not_picked":["Searing Blow","Havoc","Combust"],"picked":"SKIP","floor":6},{"not_picked":["Heavy Blade","Whirlwind"],"picked":"Armaments","floor":8}],"player_experience":1900734,"relics_obtained":[{"floor":6,"key":"Torii"},{"floor":9,"key":"Frozen Egg 2"}],"event_choices":[{"damage_healed":0,"gold_gain":0,"player_choice":"Entered Light","damage_taken":23,"max_hp_gain":0,"max_hp_loss":0,"event_name":"Shining Light","floor":2,"gold_loss":0,"cards_upgraded":["Strike_R","Defend_R"]},{"damage_healed":0,"gold_gain":150,"player_choice":"AGREE","damage_taken":0,"max_hp_gain":0,"max_hp_loss":0,"event_name":"Liars Game","floor":4,"gold_loss":0,"cards_obtained":["Doubt"]}],"is_beta":false,"boss_relics":[],"items_purged_floors":[5],"is_endless":false,"potions_floor_spawned":[1],"killed_by":"Gremlin Nob","ascension_level":20}}