{"host":"105qxwehnceiqt9g","time":1609427650,"event":{"mods":["ATMod(°¢èªMod)","Act Like it!","Aspiration","BaseMod","BetterRewards","CapriCore","Custom Start","Gensokyo","GifTheSpireLib","Hallownest","Minty Spire (QoL Compilation)","Replay The Spire","Shop Mod","Spicy Shops","StSLib","The Bug Knight","The Immortal","Waifu the Spire","WarShipGirlsR/Õ½½¢ÉÙÅ®R mod","Yuyuko","vexMod"],"gold_per_floor":[117,92,108,108,125,125,158,158,158,158,158,158,174,185,185,287,287,287,287],"floor_reached":18,"playtime":1582,"items_purged":[],"score":160,"play_id":"f34af730-afc7-48c2-b013-20a801510a5d","local_time":"20201231231410","is_ascension_mode":false,"campfire_choices":[{"data":"AT_SoftenMuscles","floor":6.0,"key":"SMITH"},{"data":"1","floor":10.0,"key":"LIFT"},{"data":"2","floor":12.0,"key":"LIFT"}],"circlet_count":0,"master_deck":["HollowMod:NailStrikeStart","HollowMod:NailStrikeStart","HollowMod:NailStrikeStart","HollowMod:NailStrikeStart","HollowMod:QuickDashStart","HollowMod:QuickDashStart","HollowMod:QuickDashStart","HollowMod:QuickDashStart","HollowMod:FocusHealStart","HollowMod:PogoStrike","AT_SoftenMuscles+1","HollowMod:ChannelNail","HollowMod:VengefulSpirit+1","HollowMod:SoulSplash","HollowMod:theNailsmith"],"relics":["HollowMod:VesselMask","AT_ATBox","Girya","Lantern","Hallownest:DreamNailRelic","aspiration:RunicSpoon"],"acts_visited":["Hallownest:Greenpath","Hallownest:CityofTears"],"potions_floor_usage":[14,16,16],"damage_taken":[{"damage":9.0,"enemies":"Hallownest:2_Tiktiks_and_1_Crawlid","floor":1.0,"turns":5.0},{"damage":2.0,"enemies":"Hallownest:2_Baldur","floor":3.0,"turns":3.0},{"damage":3.0,"enemies":"Hallownest:2_MossCreeps","floor":5.0,"turns":5.0},{"damage":41.0,"enemies":"Hallownest:eliteCrystalGuardian","floor":7.0,"turns":7.0},{"damage":7.0,"enemies":"Hallownest:2_Tiktiks_1_Baldur_1_Crawlid","floor":13.0,"turns":3.0},{"damage":8,"enemies":"Hallownest:Wandering_and_Horned","floor":14,"turns":4},{"damage":55,"enemies":"Hallownest:BossFalseKnight","floor":16,"turns":7},{"damage":0,"enemies":"Hallownest:2_Mistakes","floor":18,"turns":2}],"seed_played":"-1651709553898544496","potions_obtained":[{"floor":3.0,"key":"FearPotion"},{"floor":13.0,"key":"EntropicBrew"},{"floor":14,"key":"BlessingOfTheForge"}],"is_trial":false,"path_per_floor":["M","?","M","?","M","R","E","?","T","R","?","R","M","M","R","B",null,"M"],"character_chosen":"THE_BUGKNIGHT","items_purchased":[],"campfire_rested":0,"item_purchase_floors":[],"current_hp_per_floor":[82,82,82,82,82,82,47,47,47,47,47,47,40,32,56,1,82,82,82],"gold":287,"neow_bonus":"TEN_PERCENT_HP_BONUS","is_daily":false,"chose_seed":false,"campfire_upgraded":1,"win_rate":0.0,"timestamp":1609427650,"path_taken":["M","?","M","?","M","R","E","?","T","R","?","R","M","?","R","BOSS","M"],"items_purchased_type":[],"build_version":"2020-12-22","purchased_purges":0,"victory":false,"max_hp_per_floor":[82,82,82,82,82,82,82,82,82,82,82,82,82,82,82,82,82,82,82],"card_choices":[{"not_picked":["HollowMod:DashSlash","HollowMod:AbyssShriek"],"picked":"HollowMod:ChannelNail","floor":1.0},{"not_picked":["HollowMod:NewJinnsSoul","HollowMod:ChannelNail","HollowMod:BrokenVessel"],"picked":"SKIP","floor":3.0},{"not_picked":["HollowMod:HeavyBlow","HollowMod:CycloneSlash"],"picked":"HollowMod:VengefulSpirit","floor":5.0},{"not_picked":["HollowMod:GoodIntentions","HollowMod:InfectedAttack","HollowMod:CloakDash"],"picked":"SKIP","floor":7.0},{"not_picked":[],"picked":"HollowMod:SoulSplash","floor":8.0},{"not_picked":["HollowMod:NewGlowingWomb","HollowMod:FallenFury","HollowMod:DungDefenderAura"],"picked":"SKIP","floor":13.0},{"not_picked":["HollowMod:NewJinnsSoul","HollowMod:VengefulVoid","HollowMod:GoodIntentions"],"picked":"SKIP","floor":14},{"not_picked":["HollowMod:Hiveblood","HollowMod:LifebloodCore"],"picked":"HollowMod:theNailsmith","floor":16}],"player_experience":87209,"relics_obtained":[{"floor":7.0,"key":"Girya"},{"floor":9.0,"key":"Lantern"}],"event_choices":[],"is_beta":false,"boss_relics":[{"not_picked":["HollowMod:VoidIdolRelic","aspiration:WatcherSkillbook"],"picked":"aspiration:RunicSpoon"}],"items_purged_floors":[],"is_endless":false,"potions_floor_spawned":[3,13,14],"killed_by":"Hallownest:2_Mistakes","ascension_level":0}}