{"host":"3c27c697js19kaoo","time":1609402549,"event":{"mods":["ATMod(阿瑾Mod)","Aspiration","BaseMod","CapriCore","Dota2Spire","Hermit","Minty Spire (QoL Compilation)","Quick Restart","Remilia（蕾米莉亚）","Replay The Spire","Robot Space Explorer","RumiaBox-露米娅的神秘盒子","Spicy Shops","StSLib","The Alterego","The Cursed","The Runesmith","The Servant 0.9.4","vexMod","【功能Mod】混沌之环修复补丁","【遗物卡牌】REMEMod"],"gold_per_floor":[115,115,129,147,159,192,192,226,226,246,279,14,85,85,85,186,186,228,246,221,320,3,3,32,32,57,85,85,14,32,52,52,149,149,166,166,202,214,228,262,262,288,337,350,365,365,365,382,382,382],"floor_reached":51,"playtime":1960,"items_purged":[],"score":1111,"play_id":"0f0fb690-e093-4055-86b6-25996644f55a","local_time":"20201231161549","is_ascension_mode":true,"campfire_choices":[{"data":"AT_WomanClash","floor":7.0,"key":"SMITH"},{"floor":15.0,"key":"REST"},{"data":"AT_RealColorLess","floor":23.0,"key":"SMITH"},{"data":"ForeignInfluence","floor":28.0,"key":"SMITH"},{"data":"Omniscience","floor":32.0,"key":"SMITH"},{"floor":41.0,"key":"REST"},{"data":"Scrawl","floor":46,"key":"SMITH"},{"data":"AT_OneInchPunch","floor":49,"key":"SMITH"}],"circlet_count":0,"master_deck":["Strike_P","Strike_P","Strike_P","Strike_P","Defend_P","Defend_P","Defend_P","Eruption","AT_WomanClash+1","AT_FamilyPortrait+1","FollowUp","FlyingSleeves","TalkToTheHand","FlurryOfBlows","SandsOfTime","CrushJoints","Scrawl+1","REME_Flogging","AT_RealColorLess+1","ForeignInfluence+1","Evaluate+1","AT_ChampionStep","Omniscience+1","REME_CRH","AT_OneInchPunch+1","Regret","AT_DivineConfetti","Fasting2+1"],"relics":["PureWater","REME_ComplimentaryCards","AT_ATBox","Dota2Spire:EyeOfSkadi","Ornamental Fan","AT_SunfireAegis","Dota2Spire:ShadowBlade","Dota2Spire:UrnOfShadows","Smiling Mask","aspiration:MobileForge","Replay:WaspNest","vexMod:Cooldron","Dota2Spire:DrumOfEndurance","Anchor","aspiration:ChemicalBlood","Simple Rune","Prayer Wheel","REME_ChargedStone","AT_RabadonDeathcap","Bird Faced Urn","Snack Pack","Oddly Smooth Stone"],"acts_visited":["Exordium","TheCity","TheBeyond"],"potions_floor_usage":[],"damage_taken":[{"damage":0.0,"enemies":"Small Slimes","floor":1.0,"turns":5.0},{"damage":0.0,"enemies":"Cultist","floor":3.0,"turns":2.0},{"damage":0.0,"enemies":"2 Louse","floor":4.0,"turns":1.0},{"damage":6.0,"enemies":"Exordium Wildlife","floor":5.0,"turns":3.0},{"damage":0.0,"enemies":"Gremlin Nob","floor":6.0,"turns":2.0},{"damage":3.0,"enemies":"3 Sentries","floor":8.0,"turns":2.0},{"damage":1.0,"enemies":"Blue Slaver","floor":10.0,"turns":2.0},{"damage":0.0,"enemies":"Gremlin Nob","floor":11.0,"turns":2.0},{"damage":20.0,"enemies":"Hexaghost","floor":16.0,"turns":5.0},{"damage":0.0,"enemies":"Spheric Guardian","floor":18.0,"turns":1.0},{"damage":6.0,"enemies":"Chosen","floor":19.0,"turns":2.0},{"damage":11.0,"enemies":"Replay:Snechameleon","floor":24.0,"turns":3.0},{"damage":16.0,"enemies":"REME_1_Revenger","floor":27.0,"turns":3.0},{"damage":5.0,"enemies":"Snecko","floor":30.0,"turns":2.0},{"damage":0.0,"enemies":"Snake Plant","floor":31.0,"turns":1.0},{"damage":0.0,"enemies":"Champ","floor":33.0,"turns":5.0},{"damage":0.0,"enemies":"3 Darklings","floor":35.0,"turns":2.0},{"damage":0.0,"enemies":"Orb Walker","floor":38.0,"turns":3.0},{"damage":14.0,"enemies":"4 Shapes","floor":39.0,"turns":3.0},{"damage":0.0,"enemies":"Giant Head","floor":40.0,"turns":2.0},{"damage":5.0,"enemies":"Nemesis","floor":42.0,"turns":3.0},{"damage":0.0,"enemies":"Sphere and 2 Shapes","floor":44.0,"turns":2.0},{"damage":6.0,"enemies":"Jaw Worm Horde","floor":45.0,"turns":3.0},{"damage":5,"enemies":"Writhing Mass","floor":48,"turns":3},{"damage":10,"enemies":"Donu and Deca","floor":50,"turns":2}],"seed_played":"3050311678206393378","potions_obtained":[{"floor":4.0,"key":"BottledMiracle"},{"floor":6.0,"key":"Dota2Spire:Clarity"},{"floor":8.0,"key":"Dota2Spire:Clarity"},{"floor":18.0,"key":"Explosive Potion"},{"floor":24.0,"key":"EntropicBrew"},{"floor":31.0,"key":"EntropicBrew"}],"is_trial":false,"path_per_floor":["M","?","M","M","M","E","R","E","T","M","E","$","?","?","R","B",null,"M","M","?","?","$","R","E","$","T","E","R","$","M","M","R","B",null,"M","?","?","M","M","E","R","E","T","M","M","R","?","M","R","B",null],"character_chosen":"WATCHER","items_purchased":["REME_Flogging","Dota2Spire:UrnOfShadows","Replay:WaspNest","vexMod:Cooldron","Simple Rune"],"campfire_rested":2,"item_purchase_floors":[12,12,22,22,29],"current_hp_per_floor":[72,72,72,72,66,71,71,68,68,67,67,67,67,42,65,45,77,77,71,71,71,71,71,60,60,60,44,44,44,39,39,39,39,77,77,77,47,47,33,33,56,63,63,69,73,73,73,76,76,73],"gold":382,"neow_bonus":"RANDOM_EVENT","is_daily":false,"chose_seed":false,"campfire_upgraded":6,"win_rate":0.0,"timestamp":1609402549,"path_taken":["M","?","?","?","M","E","R","E","T","M","E","$","?","?","R","BOSS","M","M","?","?","$","R","E","?","T","E","R","$","M","M","R","BOSS","M","?","?","M","M","E","R","E","T","M","?","R","?","M","R","BOSS"],"items_purchased_type":["Card","Relic","Relic","Relic","Relic"],"build_version":"2020-12-22","purchased_purges":0,"victory":true,"max_hp_per_floor":[72,72,72,72,72,77,77,77,77,77,77,77,77,77,77,77,77,77,77,77,77,77,77,77,77,77,77,77,77,77,77,77,77,77,77,77,77,77,77,77,77,77,77,77,77,77,77,77,77,77],"card_choices":[{"not_picked":["Evaluate","Adaptation"],"picked":"FollowUp","floor":1.0},{"not_picked":["JustLucky","Swivel"],"picked":"TalkToTheHand","floor":3.0},{"not_picked":["Perseverance","Swivel"],"picked":"FlurryOfBlows","floor":4.0},{"not_picked":["REME_Repentance","Prostrate"],"picked":"SandsOfTime","floor":5.0},{"not_picked":["Indignation","Replay:Cycle","Brilliance"],"picked":"SKIP","floor":6.0},{"not_picked":["Replay:BluntJabs","Indignation"],"picked":"CrushJoints","floor":8.0},{"not_picked":["Crescendo","EmptyFist","BattleHymn"],"picked":"SKIP","floor":10.0},{"not_picked":["Halt","Collect"],"picked":"Scrawl","floor":11.0},{"not_picked":["Blasphemy","REME_CRH"],"picked":"AT_RealColorLess","floor":16.0},{"not_picked":["Replay:ManipulateFuture","BowlingBash","JustLucky"],"picked":"SKIP","floor":18.0},{"not_picked":["Evaluate","Indignation+1"],"picked":"ForeignInfluence","floor":19.0},{"not_picked":["Crescendo","Meditate"],"picked":"Evaluate+1","floor":24.0},{"not_picked":["WheelKick+1","Prostrate","ClearTheMind"],"picked":"SKIP","floor":27.0},{"not_picked":["BowlingBash","REME_Repentance+1"],"picked":"AT_ChampionStep","floor":30.0},{"not_picked":["ThirdEye","Worship"],"picked":"Omniscience","floor":31.0},{"not_picked":["Brilliance","Devotion"],"picked":"REME_CRH","floor":33.0},{"not_picked":["CutThroughFate","Study+1"],"picked":"AT_OneInchPunch","floor":35.0},{"not_picked":["WindmillStrike+1","WaveOfTheHand","EmptyFist"],"picked":"SKIP","floor":35.0},{"not_picked":["EmptyFist","LikeWater","ThirdEye"],"picked":"SKIP","floor":38.0},{"not_picked":["CarveReality","ForeignInfluence","Blasphemy"],"picked":"SKIP","floor":38.0},{"not_picked":["Nirvana","Replay:ManipulateFuture+1","MentalFortress+1"],"picked":"SKIP","floor":39.0},{"not_picked":["Halt","DeceiveReality+1","FlyingSleeves"],"picked":"SKIP","floor":39.0},{"not_picked":["ClearTheMind+1","Consecrate+1"],"picked":"AT_DivineConfetti","floor":40.0},{"not_picked":["CutThroughFate+1","Tantrum+1","TalkToTheHand+1"],"picked":"SKIP","floor":42.0},{"not_picked":["FlyingSleeves+1","Replay:AtTheReady"],"picked":"Fasting2+1","floor":44.0},{"not_picked":["Replay:Hum+1","JustLucky","CutThroughFate+1"],"picked":"SKIP","floor":44.0},{"not_picked":["CutThroughFate","TalkToTheHand+1","EmptyFist+1"],"picked":"SKIP","floor":45},{"not_picked":["Perseverance","Scrawl","EmptyBody"],"picked":"SKIP","floor":45},{"not_picked":["FlyingSleeves","Halt+1","Replay:Hum"],"picked":"SKIP","floor":48},{"not_picked":["FollowUp+1","PathToVictory+1","SandsOfTime"],"picked":"SKIP","floor":48}],"player_experience":193241,"relics_obtained":[{"floor":6.0,"key":"Dota2Spire:EyeOfSkadi"},{"floor":8.0,"key":"Ornamental Fan"},{"floor":9.0,"key":"AT_SunfireAegis"},{"floor":11.0,"key":"Dota2Spire:ShadowBlade"},{"floor":24.0,"key":"Dota2Spire:DrumOfEndurance"},{"floor":26.0,"key":"Anchor"},{"floor":27.0,"key":"aspiration:ChemicalBlood"},{"floor":37.0,"key":"AT_RabadonDeathcap"},{"floor":40.0,"key":"Bird Faced Urn"},{"floor":42.0,"key":"Snack Pack"},{"floor":43.0,"key":"Oddly Smooth Stone"}],"event_choices":[{"damage_healed":0.0,"max_hp_gain":0.0,"max_hp_loss":0.0,"gold_gain":0.0,"event_name":"Living Wall","player_choice":"Grow","floor":0.0,"gold_loss":0.0,"damage_taken":0.0,"cards_upgraded":["AT_FamilyPortrait"]},{"damage_healed":0.0,"max_hp_gain":0.0,"max_hp_loss":0.0,"gold_gain":0.0,"cards_transformed":["Defend_P"],"event_name":"Transmorgrifier","player_choice":"Transformed","floor":2.0,"gold_loss":0.0,"damage_taken":0.0,"cards_obtained":["FlyingSleeves"]},{"damage_healed":0.0,"max_hp_gain":0.0,"max_hp_loss":0.0,"gold_gain":71.0,"event_name":"Golden Wing","player_choice":"Gained Gold","floor":13.0,"gold_loss":0.0,"damage_taken":0.0},{"damage_healed":0.0,"max_hp_gain":0.0,"max_hp_loss":0.0,"gold_gain":0.0,"event_name":"Scrap Ooze","player_choice":"Success","floor":14.0,"gold_loss":0.0,"damage_taken":25.0,"relics_obtained":["Smiling Mask"]},{"damage_healed":0.0,"max_hp_gain":0.0,"max_hp_loss":0.0,"gold_gain":99.0,"event_name":"Nest","player_choice":"Stole From Cult","floor":21.0,"gold_loss":0.0,"damage_taken":0.0},{"cards_removed":["Vigilance"],"damage_healed":0.0,"max_hp_gain":0.0,"max_hp_loss":0.0,"gold_gain":0.0,"event_name":"Falling","player_choice":"Removed Skill","floor":36.0,"gold_loss":0.0,"damage_taken":0.0},{"damage_healed":0,"gold_gain":0,"player_choice":"Ignored","damage_taken":0,"max_hp_gain":0,"max_hp_loss":0,"event_name":"Tomb of Lord Red Mask","floor":47,"gold_loss":0}],"is_beta":false,"boss_relics":[{"not_picked":["aspiration:FutureDiary","aspiration:IroncladSkillbook"],"picked":"aspiration:MobileForge"},{"not_picked":["Philosopher\u0027s Stone","Coffee Dripper"],"picked":"REME_ChargedStone"}],"items_purged_floors":[],"is_endless":false,"potions_floor_spawned":[4,6,8,10,18,24,31,33,38,39,40,44,48],"ascension_level":1}}