{"host":"szp1d6dso4pv7ddl","time":1609379724,"event":{"mods":["AchievementEnabler","Alarm Clock","BaseMod","Bestiary","Block Reminder","Colored Map","Colored Powertips","Curses Come First","Displayed Cursed Tome","Highlight Path","Minty Spire (QoL Compilation)","Permanent Neow","Quick Restart","Relic Sorter","Relic Stats","StSLib","Synergy Search"],"gold_per_floor":[160,160,78,92,103,134,153,26,26,53,53,53,53,66,66,66,66],"floor_reached":16,"playtime":536,"items_purged":["Strike_G"],"score":193,"play_id":"087ae6ac-8f3d-449a-ae82-784ea13f38a2","local_time":"20201230175524","is_ascension_mode":true,"campfire_choices":[{"floor":11,"key":"REST"},{"floor":15,"key":"REST"}],"circlet_count":0,"master_deck":["AscendersBane","Strike_G","Strike_G","Strike_G+1","Strike_G","Defend_G","Defend_G","Defend_G","Defend_G","Defend_G","Survivor","Neutralize","Dodge and Roll","Blade Dance+1","Finesse","Slice","Phantasmal Killer","Blade Dance","Slice"],"relics":["Tiny House","Akabeko","Ancient Tea Set","Mummified Hand","Golden Idol"],"acts_visited":["Exordium"],"potions_floor_usage":[10,16],"damage_taken":[{"damage":0.0,"enemies":"Jaw Worm","floor":1.0,"turns":6.0},{"damage":0.0,"enemies":"Cultist","floor":4.0,"turns":5.0},{"damage":7.0,"enemies":"2 Louse","floor":5.0,"turns":3.0},{"damage":19.0,"enemies":"3 Sentries","floor":6.0,"turns":8.0},{"damage":1.0,"enemies":"2 Fungi Beasts","floor":7.0,"turns":4.0},{"damage":26,"enemies":"Gremlin Nob","floor":10,"turns":5},{"damage":2,"enemies":"3 Louse","floor":14,"turns":2},{"damage":10,"enemies":"The Guardian","floor":16,"turns":4}],"seed_played":"-8438278371521608177","potions_obtained":[{"floor":0.0,"key":"CunningPotion"},{"floor":1.0,"key":"CunningPotion"},{"floor":6.0,"key":"Swift Potion"},{"floor":7.0,"key":"PowerPotion"}],"is_trial":false,"path_per_floor":["M","?","$","M","M","E","M","$","T","E","R","?","?","M","R","B"],"character_chosen":"THE_SILENT","items_purchased":["Finesse","Slice"],"campfire_rested":2,"item_purchase_floors":[3,8],"current_hp_per_floor":[64,64,64,64,57,38,37,37,37,11,32,6,6,4,23,13,13],"gold":66,"neow_bonus":"BOSS_RELIC","is_daily":false,"chose_seed":false,"campfire_upgraded":0,"win_rate":0.0,"timestamp":1609379724,"path_taken":["M","?","$","M","M","E","M","?","T","E","R","?","?","M","R","BOSS"],"items_purchased_type":["Card","Card"],"build_version":"2020-12-22","purchased_purges":1,"victory":false,"max_hp_per_floor":[71,71,71,71,71,71,71,71,71,71,71,71,64,64,64,64,64],"relic_stats":{"counters":[8,37],"Mummified Hand":[0],"Golden Idol":3,"obtain_stats":[{"Tiny House":0,"Mummified Hand":10,"Golden Idol":13,"Ancient Tea Set":9,"Akabeko":6,"Ring of the Snake":0},{"Tiny House":0,"Mummified Hand":6,"Golden Idol":6,"Ancient Tea Set":5,"Akabeko":4,"Ring of the Snake":0},{"Tiny House":0,"Mummified Hand":31,"Golden Idol":31,"Ancient Tea Set":26,"Akabeko":22,"Ring of the Snake":0}]},"card_choices":[{"not_picked":["Well Laid Plans","Caltrops"],"picked":"Dodge and Roll","floor":0.0},{"not_picked":["PiercingWail","Slice"],"picked":"Blade Dance","floor":1.0},{"not_picked":["Dodge and Roll","Dagger Throw"],"picked":"Slice","floor":4.0},{"not_picked":["Infinite Blades","Expertise","Dagger Throw"],"picked":"SKIP","floor":5.0},{"not_picked":["Heel Hook","Blur"],"picked":"Phantasmal Killer","floor":6.0},{"not_picked":["Deflect","Outmaneuver"],"picked":"Blade Dance","floor":7.0},{"not_picked":["Prepared","Acrobatics","PiercingWail"],"picked":"SKIP","floor":10},{"not_picked":["Setup","Dodge and Roll","Backflip"],"picked":"SKIP","floor":14}],"player_experience":1079697,"relics_obtained":[{"floor":6.0,"key":"Akabeko"},{"floor":9.0,"key":"Ancient Tea Set"},{"floor":10,"key":"Mummified Hand"}],"event_choices":[{"damage_healed":0.0,"max_hp_gain":0.0,"max_hp_loss":0.0,"gold_gain":0.0,"event_name":"Upgrade Shrine","player_choice":"Upgraded","floor":2.0,"gold_loss":0.0,"damage_taken":0.0,"cards_upgraded":["Blade Dance"]},{"damage_healed":0,"gold_gain":0,"player_choice":"Fled","damage_taken":26,"max_hp_gain":0,"max_hp_loss":0,"event_name":"Scrap Ooze","floor":12,"gold_loss":0},{"damage_healed":0,"gold_gain":0,"player_choice":"Lose Max HP","damage_taken":0,"relics_obtained":["Golden Idol"],"max_hp_gain":0,"max_hp_loss":7,"event_name":"Golden Idol","floor":13,"gold_loss":0}],"is_beta":false,"boss_relics":[],"items_purged_floors":[8],"is_endless":false,"potions_floor_spawned":[1,6,7],"killed_by":"The Guardian","ascension_level":15}}