{"host":"ky7z67tg8zpdk0g7","time":1609405845,"event":{"mods":["BaseMod","Better Third Choice","CapriCore","Displayed Cursed Tome","Energized Spire","Halation","Hubris","Minty Spire (QoL Compilation)","Replay The Spire","Shop Mod","StSLib"],"gold_per_floor":[115,128,47,47,47,82,82,128,128,155,155,184,8,81,81,103,103],"floor_reached":16,"playtime":729,"items_purged":[],"score":128,"play_id":"dff2cf0a-8d85-4cf5-83ce-800f3be1178b","local_time":"20201231161045","is_ascension_mode":true,"campfire_choices":[{"data":"Fluid Movement","floor":7,"key":"SMITH"},{"data":"Venomology","floor":11,"key":"SMITH"},{"data":"Dagger Spray","floor":15,"key":"SMITH"}],"circlet_count":0,"master_deck":["Strike_G","Strike_G","Strike_G+1","Defend_G","Defend_G","Defend_G","Defend_G","Defend_G","Survivor","Neutralize+1","hubris:Wrath","PiercingWail","Hidden Blade","Dagger Spray+1","Masterful Stab","Footwork+1","Fluid Movement+1","Venomology+1","Endless Agony","Flying Knee","Quick Slash"],"relics":["Ring of the Snake","Replay:Bandana","halation:KoshaPiece","Whetstone","halation:SwordOfLegend","Membership Card","halation:PrussianBluePaint"],"acts_visited":["Exordium"],"potions_floor_usage":[8,12,12,14,14,16],"damage_taken":[{"damage":0,"enemies":"Cultist","floor":1,"turns":4},{"damage":8,"enemies":"Jaw Worm","floor":2,"turns":6},{"damage":23,"enemies":"Replay:BlueRogue","floor":6,"turns":10},{"damage":6,"enemies":"Gremlin Nob","floor":8,"turns":5},{"damage":0,"enemies":"Small Slimes","floor":10,"turns":2},{"damage":3,"enemies":"Lagavulin","floor":12,"turns":12},{"damage":0,"enemies":"Lagavulin Event","floor":14,"turns":8},{"damage":30,"enemies":"Fading Forest","floor":16,"turns":7}],"seed_played":"-8564703401611788343","potions_obtained":[{"floor":6,"key":"AttackPotion"},{"floor":10,"key":"Adrenaline Potion"},{"floor":12,"key":"Block Potion"},{"floor":14,"key":"Venom Potion"}],"is_trial":false,"path_per_floor":["M","M","$","?","$","E","R","E","T","M","R","E","$","?","R","B"],"character_chosen":"THE_SILENT","items_purchased":["Footwork","Membership Card","Adrenaline Potion"],"campfire_rested":0,"item_purchase_floors":[3,13,13],"current_hp_per_floor":[70,62,62,62,62,39,39,33,33,33,33,30,30,30,29,0,0],"gold":103,"neow_bonus":"TRANSFORM_TWO_CARDS","is_daily":false,"chose_seed":false,"campfire_upgraded":3,"win_rate":0.0,"timestamp":1609405845,"path_taken":["M","?","?","?","$","E","R","E","T","M","R","E","$","?","R","BOSS"],"items_purchased_type":["Card","Relic","Potion"],"build_version":"2020-12-22","purchased_purges":0,"victory":false,"max_hp_per_floor":[70,70,70,70,70,70,70,70,70,70,70,70,70,70,70,70,70],"card_choices":[{"not_picked":["Dodge and Roll","Bane"],"picked":"Dagger Spray","floor":1},{"not_picked":["Choke","Leg Sweep"],"picked":"Masterful Stab","floor":2},{"not_picked":["Poisoned Stab","Terror"],"picked":"Fluid Movement","floor":6},{"not_picked":["PiercingWail","Escape Plan"],"picked":"Venomology","floor":8},{"not_picked":["hubris:Sniper","Prepared"],"picked":"Endless Agony","floor":10},{"not_picked":["Leg Sweep","Blade Dance"],"picked":"Flying Knee","floor":12},{"not_picked":["Blur","ReplayTheSpireMod:Scrap Shanks"],"picked":"Quick Slash","floor":14}],"player_experience":56982,"relics_obtained":[{"floor":6,"key":"Replay:Bandana"},{"floor":8,"key":"halation:KoshaPiece"},{"floor":9,"key":"Whetstone"},{"floor":12,"key":"halation:SwordOfLegend"},{"floor":14,"key":"halation:PrussianBluePaint"}],"event_choices":[{"damage_healed":0,"gold_gain":0,"player_choice":"Grow","damage_taken":0,"max_hp_gain":0,"max_hp_loss":0,"event_name":"Living Wall","floor":4,"gold_loss":0,"cards_upgraded":["Footwork"]},{"damage_healed":0,"gold_gain":30,"player_choice":"Searched \u00272\u0027 times","damage_taken":0,"max_hp_gain":0,"max_hp_loss":0,"event_name":"Dead Adventurer","floor":14,"gold_loss":0}],"is_beta":false,"boss_relics":[],"items_purged_floors":[],"is_endless":false,"potions_floor_spawned":[6,10,12,14],"killed_by":"Fading Forest","ascension_level":2}}