{"host":"qm4rv4rkpk76sbxu","time":1609427912,"event":{"mods":["BaseMod","Bestiary","Block Reminder","DeckTracker","Filter the Spire","Keyboard Shortcuts","Minty Spire (QoL Compilation)","MonsterHotkey","Potion Indicator Mod","Quick Restart","Random Character Button","Relic Stats","Slay-I","StSLib","ojb\u0027s Better Paths Mod"],"gold_per_floor":[116,136,136,151,209,209,228,228,228,228,261,261,293,308,308,308,308],"floor_reached":16,"playtime":521,"items_purged":[],"score":220,"play_id":"e0ff29aa-e94f-4464-ae3a-ddb1dfa09acd","local_time":"20201231161832","is_ascension_mode":true,"campfire_choices":[{"floor":6.0,"key":"REST"},{"floor":10.0,"key":"REST"},{"data":"Neutralize","floor":12.0,"key":"SMITH"},{"floor":15.0,"key":"REST"}],"circlet_count":0,"master_deck":["AscendersBane","Strike_G","Strike_G","Strike_G","Strike_G","Strike_G","Defend_G","Defend_G","Defend_G","Defend_G","Defend_G","Survivor","Neutralize+1","Leg Sweep+1","All Out Attack+1","Flying Knee","Reflex","Poisoned Stab"],"relics":["Ring of the Snake","Peace Pipe","Tingsha","Regal Pillow","Eternal Feather"],"acts_visited":["Exordium"],"potions_floor_usage":[],"damage_taken":[{"damage":12.0,"enemies":"Cultist","floor":1.0,"turns":6.0},{"damage":12.0,"enemies":"Jaw Worm","floor":2.0,"turns":4.0},{"damage":0.0,"enemies":"2 Louse","floor":4.0,"turns":3.0},{"damage":0.0,"enemies":"Looter","floor":7.0,"turns":4.0},{"damage":25.0,"enemies":"3 Sentries","floor":11.0,"turns":8.0},{"damage":16.0,"enemies":"Lagavulin","floor":13.0,"turns":8.0},{"damage":5.0,"enemies":"Exordium Thugs","floor":14.0,"turns":6.0},{"damage":53,"enemies":"Hexaghost","floor":16,"turns":14}],"seed_played":"-1844765024200652639","potions_obtained":[{"floor":0.0,"key":"BlessingOfTheForge"},{"floor":0.0,"key":"SteroidPotion"},{"floor":7.0,"key":"CunningPotion"},{"floor":11.0,"key":"Dexterity Potion"},{"floor":13.0,"key":"Poison Potion"}],"is_trial":false,"path_per_floor":["M","M","?","M","?","R","M","?","T","R","E","R","E","M","R","B"],"character_chosen":"THE_SILENT","items_purchased":[],"campfire_rested":3,"item_purchase_floors":[],"current_hp_per_floor":[47,35,15,15,15,34,34,34,34,53,28,28,12,7,50,0,0],"gold":308,"neow_bonus":"THREE_SMALL_POTIONS","is_daily":false,"chose_seed":false,"campfire_upgraded":1,"win_rate":0.0,"timestamp":1609427912,"path_taken":["M","?","?","M","?","R","M","?","T","R","E","R","E","?","R","BOSS"],"items_purchased_type":[],"build_version":"2020-12-22","purchased_purges":0,"victory":false,"max_hp_per_floor":[66,66,66,66,66,66,66,66,66,66,66,66,66,66,66,66,66],"relic_stats":{"Peace Pipe":0,"Regal Pillow":15,"counters":[8,53],"Tingsha":[38],"Eternal Feather":9,"obtain_stats":[{"Peace Pipe":8,"Regal Pillow":11,"Tingsha":9,"Eternal Feather":13,"Ring of the Snake":0},{"Peace Pipe":4,"Regal Pillow":5,"Tingsha":4,"Eternal Feather":6,"Ring of the Snake":0},{"Peace Pipe":17,"Regal Pillow":25,"Tingsha":17,"Eternal Feather":33,"Ring of the Snake":0}],"Ring of the Snake":[16]},"card_choices":[{"not_picked":["Cloak And Dagger","Acrobatics"],"picked":"Leg Sweep","floor":1.0},{"not_picked":["Sucker Punch","Flying Knee"],"picked":"All Out Attack","floor":2.0},{"not_picked":["Sucker Punch","Slice"],"picked":"Leg Sweep","floor":4.0},{"not_picked":["Predator","Backflip"],"picked":"Flying Knee","floor":7.0},{"not_picked":["Outmaneuver","Dagger Spray","Expertise"],"picked":"SKIP","floor":11.0},{"not_picked":["Choke","Caltrops"],"picked":"Reflex","floor":13.0},{"not_picked":["Distraction","Prepared"],"picked":"Poisoned Stab","floor":14.0}],"player_experience":1176550,"relics_obtained":[{"floor":9.0,"key":"Tingsha"},{"floor":11.0,"key":"Regal Pillow"},{"floor":13.0,"key":"Eternal Feather"}],"event_choices":[{"damage_healed":0.0,"max_hp_gain":0.0,"max_hp_loss":0.0,"gold_gain":0.0,"event_name":"Shining Light","player_choice":"Entered Light","floor":3.0,"gold_loss":0.0,"damage_taken":20.0,"cards_upgraded":["Leg Sweep","All Out Attack"]},{"damage_healed":0.0,"max_hp_gain":0.0,"max_hp_loss":0.0,"gold_gain":58.0,"event_name":"Golden Wing","player_choice":"Gained Gold","floor":5.0,"gold_loss":0.0,"damage_taken":0.0},{"cards_removed":["Leg Sweep"],"damage_healed":0.0,"max_hp_gain":0.0,"max_hp_loss":0.0,"gold_gain":0.0,"event_name":"WeMeetAgain","player_choice":"Gave Card","floor":8.0,"gold_loss":0.0,"damage_taken":0.0,"relics_obtained":["Peace Pipe"]}],"is_beta":false,"boss_relics":[],"items_purged_floors":[],"is_endless":false,"potions_floor_spawned":[7,11,13],"killed_by":"Hexaghost","ascension_level":20}}