{"host":"2461dio7vetlq1z3","time":1609427895,"event":{"mods":["2.2 Compatiblity","AchievementEnabler","Aspiration","BaseMod","Better Third Choice","Friendly Minions","Hermit","Minty Spire (QoL Compilation)","Relic Stats","Spicy Shops","StSLib","Waifu the Spire"],"gold_per_floor":[112,112,112,126,176,209,229,229,229,229,259,259,274,302,302,377,377,396,414,414,427,203,228,228,3,3,3,3],"floor_reached":27,"playtime":936,"items_purged":["Writhe","Defend_B","Flechettes"],"score":548,"play_id":"c3716ce7-bbd6-4b00-bc2b-b61552649f2c","local_time":"20201231161815","is_ascension_mode":true,"campfire_choices":[{"data":"Defragment","floor":8,"key":"SMITH"},{"floor":10,"key":"REST"},{"data":"Darkness","floor":12,"key":"SMITH"},{"floor":15,"key":"REST"},{"data":"Malaise","floor":24,"key":"SMITH"}],"circlet_count":0,"master_deck":["AscendersBane","Strike_B+1","Strike_B+1","Defend_B","Defend_B","Zap","Dualcast","Rebound","Poisoned Stab","Malaise+1","Sweeping Beam","Cold Snap","Defragment+1","Darkness+1","Cold Snap","Amplify","Go for the Eyes","Dash","Genetic Algorithm","Capacitor"],"relics":["Cracked Core","NeowsBlessing","Shuriken","Gremlin Horn","Torii","aspiration:SeaSaltIceCream","Kunai","aspiration:SilentSkillbook","Lee\u0027s Waffle","Pen Nib","aspiration:FaultyCoupler"],"acts_visited":["Exordium","TheCity"],"potions_floor_usage":[14,16,27],"damage_taken":[{"damage":0,"enemies":"2 Louse","floor":1,"turns":1},{"damage":0,"enemies":"Jaw Worm","floor":4,"turns":1},{"damage":0,"enemies":"3 Sentries","floor":6,"turns":1},{"damage":0,"enemies":"Cultist","floor":7,"turns":2},{"damage":26,"enemies":"Lagavulin","floor":11,"turns":8},{"damage":2,"enemies":"Looter","floor":13,"turns":3},{"damage":15,"enemies":"Gremlin Nob","floor":14,"turns":4},{"damage":17,"enemies":"Slime Boss","floor":16,"turns":7},{"damage":34,"enemies":"2 Thieves","floor":18,"turns":3},{"damage":11,"enemies":"Spheric Guardian","floor":19,"turns":4},{"damage":14,"enemies":"Snecko","floor":21,"turns":6},{"damage":38,"enemies":"Gremlin Leader","floor":23,"turns":9},{"damage":40,"enemies":"Slavers","floor":27,"turns":2}],"seed_played":"217615305628151798","potions_obtained":[{"floor":1,"key":"Weak Potion"},{"floor":13,"key":"GamblersBrew"},{"floor":23,"key":"Strength Potion"}],"is_trial":false,"path_per_floor":["M","?","?","M","?","E","M","R","T","R","E","R","M","E","R","B",null,"M","M","?","M","$","E","R","$","T","E"],"character_chosen":"DEFECT","items_purchased":["Lee\u0027s Waffle","Capacitor"],"campfire_rested":2,"item_purchase_floors":[22,22],"current_hp_per_floor":[64,43,43,43,43,43,43,43,43,64,38,38,36,21,42,25,60,26,15,15,1,78,40,40,40,40,0,0],"gold":3,"neow_bonus":"THREE_ENEMY_KILL","is_daily":false,"chose_seed":false,"campfire_upgraded":3,"win_rate":0.0,"timestamp":1609427895,"path_taken":["M","?","?","M","?","E","M","R","T","R","E","R","?","E","R","BOSS","M","M","?","M","$","E","R","$","T","E"],"items_purchased_type":["Relic","Card"],"build_version":"2020-12-22","purchased_purges":3,"victory":false,"max_hp_per_floor":[71,71,71,71,71,71,71,71,71,71,71,71,71,71,71,71,71,71,71,71,71,78,78,78,78,78,78,78],"relic_stats":{"Lee\u0027s Waffle":77,"Gremlin Horn":[9,9],"Torii":32,"counters":[13,51],"Shuriken":[9],"Pen Nib":[0],"Kunai":[6],"obtain_stats":[{"Lee\u0027s Waffle":22,"NeowsBlessing":0,"Gremlin Horn":9,"Torii":11,"Shuriken":6,"aspiration:SilentSkillbook":17,"Pen Nib":23,"aspiration:SeaSaltIceCream":14,"Kunai":14,"Cracked Core":0,"aspiration:FaultyCoupler":26},{"Lee\u0027s Waffle":11,"NeowsBlessing":0,"Gremlin Horn":4,"Torii":5,"Shuriken":3,"aspiration:SilentSkillbook":8,"Pen Nib":12,"aspiration:SeaSaltIceCream":7,"Kunai":7,"Cracked Core":0,"aspiration:FaultyCoupler":12},{"Lee\u0027s Waffle":40,"NeowsBlessing":0,"Gremlin Horn":5,"Torii":13,"Shuriken":3,"aspiration:SilentSkillbook":27,"Pen Nib":49,"aspiration:SeaSaltIceCream":20,"Kunai":20,"Cracked Core":0,"aspiration:FaultyCoupler":49}]},"card_choices":[{"not_picked":["Hologram","Go for the Eyes"],"picked":"Rebound","floor":1},{"not_picked":["Steam","Rebound"],"picked":"Sweeping Beam","floor":4},{"not_picked":["Go for the Eyes","Coolheaded"],"picked":"Cold Snap","floor":6},{"not_picked":["Ball Lightning","Fusion"],"picked":"Defragment","floor":7},{"not_picked":["Undo","Go for the Eyes"],"picked":"Darkness","floor":11},{"not_picked":["Consume","Streamline"],"picked":"Cold Snap","floor":13},{"not_picked":["Conserve Battery","Stack","Amplify"],"picked":"SKIP","floor":14},{"not_picked":["All For One","Core Surge"],"picked":"Amplify","floor":16},{"not_picked":["Dodge and Roll","Coolheaded+1","Redo"],"picked":"Go for the Eyes","floor":18},{"not_picked":["Go for the Eyes","Static Discharge","Outmaneuver"],"picked":"Dash","floor":19},{"not_picked":["Deflect+1","Force Field","Deadly Poison"],"picked":"Genetic Algorithm","floor":21},{"not_picked":["All Out Attack","Fission","Go for the Eyes","Compile Driver"],"picked":"SKIP","floor":23}],"player_experience":1042226,"relics_obtained":[{"floor":6,"key":"Shuriken"},{"floor":9,"key":"Gremlin Horn"},{"floor":11,"key":"Torii"},{"floor":14,"key":"aspiration:SeaSaltIceCream"},{"floor":23,"key":"Pen Nib"},{"floor":26,"key":"aspiration:FaultyCoupler"}],"event_choices":[{"damage_healed":64,"gold_gain":0,"player_choice":"Upgrade","damage_taken":21,"max_hp_gain":0,"max_hp_loss":71,"event_name":"betterThird:BetterShining","floor":2,"gold_loss":0,"cards_upgraded":["Strike_B","Strike_B"]},{"damage_healed":0,"gold_gain":50,"player_choice":"Pray","damage_taken":0,"max_hp_gain":0,"max_hp_loss":0,"event_name":"Golden Shrine","floor":5,"gold_loss":0}],"is_beta":false,"boss_relics":[{"not_picked":["aspiration:RitualDagger","FrozenCore"],"picked":"aspiration:SilentSkillbook"}],"items_purged_floors":[22,25,25],"is_endless":false,"potions_floor_spawned":[1,13,23],"killed_by":"Slavers","ascension_level":20}}