{"host":"rmsq46plbpwfbxcc","time":1609378894,"event":{"mods":["AchievementEnabler","BaseMod","Colored Map","Colored Powertips","DeckTracker","KOR Keyword Fix","Minty Spire (QoL Compilation)","Permanent Neow","SuperFastMode"],"gold_per_floor":[117,137,148,148,164,164,193,204,204,204,217,245,245,264,264,336,336,353,353,364,289,299,299,327,340,340,350,376,386,386,403,403,478,478,478],"floor_reached":34,"playtime":1867,"items_purged":["Catalyst"],"score":1039,"play_id":"29350789-099d-4683-b42d-672d49df0c25","local_time":"20201231104134","is_ascension_mode":true,"campfire_choices":[{"data":"Neutralize","floor":6,"key":"SMITH"},{"data":"Cloak And Dagger","floor":10,"key":"SMITH"},{"data":"Footwork","floor":13,"key":"SMITH"},{"floor":15,"key":"REST"},{"data":"Terror","floor":23,"key":"SMITH"},{"data":"Noxious Fumes","floor":30,"key":"SMITH"},{"data":"Bullet Time","floor":32,"key":"SMITH"}],"circlet_count":0,"master_deck":["AscendersBane","Survivor","Neutralize+1","Eviscerate","Crippling Poison","Cloak And Dagger+1","Dodge and Roll","Tools of the Trade","Skewer","Dodge and Roll","Backstab","Dagger Throw","PiercingWail","Dash","Blur","Calculated Gamble","Footwork+1","Terror+1","Bullet Time+1","Escape Plan","Acrobatics","PiercingWail","Glass Knife","Noxious Fumes+1","Corpse Explosion"],"relics":["FossilizedHelix","Thread and Needle","StoneCalendar","Coffee Dripper","Nloth\u0027s Gift","Bird Faced Urn","InkBottle","Anchor","Philosopher\u0027s Stone"],"acts_visited":["Exordium","TheCity","TheBeyond"],"potions_floor_usage":[12,16,22,28,33,33],"damage_taken":[{"damage":8,"enemies":"Small Slimes","floor":1,"turns":4},{"damage":0,"enemies":"2 Louse","floor":2,"turns":1},{"damage":0,"enemies":"Cultist","floor":3,"turns":3},{"damage":4,"enemies":"Looter","floor":5,"turns":3},{"damage":27,"enemies":"Gremlin Nob","floor":7,"turns":5},{"damage":0,"enemies":"Exordium Wildlife","floor":8,"turns":5},{"damage":0,"enemies":"Lots of Slimes","floor":11,"turns":4},{"damage":0,"enemies":"3 Sentries","floor":12,"turns":8},{"damage":0,"enemies":"Looter","floor":14,"turns":3},{"damage":0,"enemies":"The Guardian","floor":16,"turns":8},{"damage":0,"enemies":"Chosen","floor":18,"turns":6},{"damage":0,"enemies":"Shell Parasite","floor":20,"turns":6},{"damage":0,"enemies":"Centurion and Healer","floor":22,"turns":7},{"damage":0,"enemies":"Gremlin Leader","floor":24,"turns":11},{"damage":2,"enemies":"Sentry and Sphere","floor":25,"turns":7},{"damage":0,"enemies":"Chosen and Byrds","floor":27,"turns":7},{"damage":0,"enemies":"Book of Stabbing","floor":28,"turns":6},{"damage":0,"enemies":"Centurion and Healer","floor":29,"turns":7},{"damage":0,"enemies":"3 Cultists","floor":31,"turns":4},{"damage":19,"enemies":"Champ","floor":33,"turns":16}],"seed_played":"8692561307819706025","potions_obtained":[{"floor":3,"key":"Dexterity Potion"},{"floor":11,"key":"DistilledChaos"},{"floor":14,"key":"Poison Potion"},{"floor":16,"key":"LiquidBronze"},{"floor":24,"key":"CultistPotion"},{"floor":25,"key":"Block Potion"},{"floor":28,"key":"Dexterity Potion"}],"is_trial":false,"path_per_floor":["M","M","M","?","M","R","E","M","T","R","M","E","R","M","R","B",null,"M","?","M","$","M","R","E","M","T","M","E","M","R","M","R","B",null],"character_chosen":"THE_SILENT","items_purchased":[],"campfire_rested":1,"item_purchase_floors":[],"current_hp_per_floor":[51,51,51,51,47,47,20,20,20,20,20,20,20,20,39,39,59,59,59,59,59,59,59,59,61,61,63,65,66,66,66,66,47,61,61],"gold":478,"neow_bonus":"BOSS_RELIC","is_daily":false,"chose_seed":false,"campfire_upgraded":6,"win_rate":0.0,"timestamp":1609378894,"path_taken":["M","M","M","?","M","R","E","M","T","R","M","E","R","M","R","BOSS","M","?","M","$","?","R","E","M","T","M","E","M","R","M","R","BOSS"],"items_purchased_type":[],"build_version":"2020-12-22","purchased_purges":1,"victory":false,"max_hp_per_floor":[66,66,66,66,66,66,66,66,66,66,66,66,66,66,66,66,66,66,66,66,66,66,66,66,66,66,66,66,66,66,66,66,66,66,66],"card_choices":[{"not_picked":["Outmaneuver","Prepared"],"picked":"Dagger Throw","floor":1},{"not_picked":["Quick Slash","Calculated Gamble"],"picked":"PiercingWail","floor":2},{"not_picked":["Poisoned Stab","Underhanded Strike","Deflect"],"picked":"SKIP","floor":3},{"not_picked":["Tactician","Bane"],"picked":"Blur","floor":5},{"not_picked":["Storm of Steel","Reflex","Deflect"],"picked":"SKIP","floor":7},{"not_picked":["Prepared","Setup","Flechettes"],"picked":"SKIP","floor":8},{"not_picked":["Deflect","PiercingWail"],"picked":"Calculated Gamble","floor":11},{"not_picked":["Blur","Flechettes"],"picked":"Footwork","floor":12},{"not_picked":["PiercingWail","Deadly Poison"],"picked":"Terror","floor":14},{"not_picked":["Wraith Form v2","Die Die Die"],"picked":"Bullet Time","floor":16},{"not_picked":["Flying Knee","Poisoned Stab"],"picked":"Escape Plan","floor":18},{"not_picked":["Poisoned Stab","Calculated Gamble","Setup"],"picked":"SKIP","floor":20},{"not_picked":["Expertise","Cloak And Dagger"],"picked":"Acrobatics","floor":22},{"not_picked":["Underhanded Strike","Slice","Unload"],"picked":"SKIP","floor":24},{"not_picked":["Quick Slash","Poisoned Stab","Riddle With Holes"],"picked":"SKIP","floor":25},{"not_picked":["Outmaneuver","Poisoned Stab"],"picked":"PiercingWail","floor":27},{"not_picked":["Distraction","Predator"],"picked":"Glass Knife","floor":28},{"not_picked":["Infinite Blades","Blur"],"picked":"Noxious Fumes","floor":29},{"not_picked":["Concentrate","Dagger Spray","Prepared"],"picked":"SKIP","floor":31},{"not_picked":["A Thousand Cuts","Tools of the Trade"],"picked":"Corpse Explosion","floor":33}],"player_experience":1411692,"relics_obtained":[{"floor":7,"key":"FossilizedHelix"},{"floor":9,"key":"Thread and Needle"},{"floor":12,"key":"StoneCalendar"},{"floor":24,"key":"Bird Faced Urn"},{"floor":26,"key":"InkBottle"},{"floor":28,"key":"Anchor"}],"event_choices":[{"damage_healed":0,"gold_gain":0,"cards_transformed":["Prepared"],"player_choice":"Change","damage_taken":0,"max_hp_gain":0,"max_hp_loss":0,"event_name":"Living Wall","floor":4,"gold_loss":0,"cards_obtained":["Dash"]},{"damage_healed":0,"gold_gain":0,"player_choice":"Traded Relic","damage_taken":0,"relics_obtained":["Nloth\u0027s Gift"],"max_hp_gain":0,"max_hp_loss":0,"event_name":"N\u0027loth","floor":19,"relics_lost":["Pandora\u0027s Box"],"gold_loss":0}],"is_beta":false,"boss_relics":[{"not_picked":["SacredBark","Astrolabe"],"picked":"Coffee Dripper"},{"not_picked":["SlaversCollar","Velvet Choker"],"picked":"Philosopher\u0027s Stone"}],"items_purged_floors":[21],"is_endless":false,"potions_floor_spawned":[3,11,14,16,20,24,25,28,29,31],"ascension_level":19}}