{"host":"c59zqhrgluvxuu0k","time":1609450360,"event":{"mods":["BaseMod","Better Altar","Better Third Choice","BetterRewards","Colored Map","Colored Powertips","Curses Come First","Downfall","Duelist Mod","Friendly Minions","Hermit","Hubris","Minty Spire (QoL Compilation)","Replay The Spire","Shop Mod","Spicy Shops","StSLib","The Administrix","The Blackbeard","The Cursed","The Death Knight","The Dragon Tamer","The Druid","The Jungle","The Marked","The Runesmith","The Wild Card"],"gold_per_floor":[118,118,118,135,146,172,172,172,248,92,107,107,141,161,161,262,262,291,291,291,70,92,92,132,132,157,157,157,181,37,64,64,172,172,195,227,227,262,292,335,335,366,366,35,61,99,125,163,163,185],"floor_reached":51,"playtime":5869,"items_purged":["Voices"],"score":1015,"play_id":"f8d4cfbd-0475-4032-8018-48d106044df6","local_time":"20201231143240","is_ascension_mode":false,"campfire_choices":[{"data":"Runesmith:CraftFirestone","floor":7,"key":"SMITH"},{"floor":15,"key":"REST"},{"data":"1","floor":23,"key":"LIFT"},{"floor":25,"key":"RECALL"},{"data":"2","floor":27,"key":"LIFT"},{"data":"Runesmith:Fortify","floor":32,"key":"SMITH"},{"data":"Runesmith:UnlimitedPower","floor":49,"key":"SMITH"}],"circlet_count":0,"master_deck":["Runesmith:Strike_RS","Runesmith:Strike_RS","Runesmith:Strike_RS","Runesmith:Defend_RS","Runesmith:Defend_RS","Runesmith:Defend_RS","Runesmith:Defend_RS","Runesmith:CraftFirestone+1","Runesmith:Fortify+1","Runesmith:HeatedChisel","All For One","Runesmith:CraftIndustria","Runesmith:CraftVitae","Runesmith:Grindstone","Runesmith:DuctTape","Runesmith:CraftProtectio","Runesmith:Supernova","Runesmith:ChaoticBlast+1","Runesmith:CraftObretio","Runesmith:GoWithTheFlow+1","Bite","Bite+1","Bite","Bite","Bite","Runesmith:LithiumIon","Runesmith:EarthShield+1","Runesmith:UnlimitedPower+1","Runesmith:BackupBattery","Runesmith:RuneHurl+1","Runesmith:CreatorForm","Runesmith:CraftSpiculum","Runesmith:OneForEveryone+1","Runesmith:NanitesCloud+1","Runesmith:EnergizedChisel+1","Runesmith:PoweredAnvil","Runesmith:Augment","Runesmith:HeatedChisel+1","Runesmith:ChargedHammer+1"],"relics":["Runesmith:BrokenRuby","NeowsBlessing","Regal Pillow","Girya","ReplayTheSpireMod:Ring of Addiction","Chameleon Ring","White Beast Statue","Pear","ReplayTheSpireMod:CursedCoin","Lantern","Simple Rune","Replay:Bandana","ReplayTheSpireMod:DimensionalGlitch","hubris:BottledRain","Toolbox","Omamori","Letter Opener","Centennial Puzzle","hubris:ToyBattleship","Coffee Dripper","Replay:Rubber Ducky","Lizard Tail","Runesmith:MiniCore","Whetstone","ReplayFunnel","Sundial","HornCleat"],"acts_visited":["Exordium","TheCity","TheBeyond"],"potions_floor_usage":[11,13,13,13,14,16,18,22,31,33,33,33,33,33,35,36,38,39,39,40,48,48,48,48,50],"damage_taken":[{"damage":0,"enemies":"Cultist","floor":1,"turns":1},{"damage":0,"enemies":"Small Slimes","floor":4,"turns":2},{"damage":0,"enemies":"2 Louse","floor":5,"turns":1},{"damage":41,"enemies":"Gremlin Nob","floor":6,"turns":5},{"damage":2,"enemies":"Looter","floor":11,"turns":3},{"damage":0,"enemies":"3 Sentries","floor":13,"turns":6},{"damage":13,"enemies":"Blue Slaver","floor":14,"turns":3},{"damage":26,"enemies":"Slime Boss","floor":16,"turns":11},{"damage":30,"enemies":"Chosen","floor":18,"turns":9},{"damage":8,"enemies":"2 Thieves","floor":22,"turns":5},{"damage":0,"enemies":"theDuelist:KaibaA2","floor":24,"turns":6},{"damage":0,"enemies":"Snake Plant","floor":31,"turns":3},{"damage":21,"enemies":"Collector","floor":33,"turns":9},{"damage":5,"enemies":"Orb Walker","floor":35,"turns":3},{"damage":3,"enemies":"3 Shapes","floor":36,"turns":5},{"damage":13,"enemies":"Spire Growth","floor":38,"turns":4},{"damage":7,"enemies":"Maw","floor":39,"turns":8},{"damage":29,"enemies":"Nemesis","floor":40,"turns":5},{"damage":3,"enemies":"Transient","floor":42,"turns":5},{"damage":0,"enemies":"Writhing Mass","floor":45,"turns":8},{"damage":0,"enemies":"R_Hoarder","floor":46,"turns":8},{"damage":0,"enemies":"Maw","floor":47,"turns":6},{"damage":0,"enemies":"Giant Head","floor":48,"turns":9},{"damage":0,"enemies":"Awakened One","floor":50,"turns":13}],"seed_played":"9001378664794009689","potions_obtained":[{"floor":6,"key":"CultistPotion"},{"floor":8,"key":"AttackPotion"},{"floor":8,"key":"SteroidPotion"},{"floor":11,"key":"SpeedPotion"},{"floor":13,"key":"GamblersBrew"},{"floor":14,"key":"SkillPotion"},{"floor":16,"key":"Adrenaline Potion"},{"floor":18,"key":"Regen Potion"},{"floor":22,"key":"Adrenaline Potion"},{"floor":24,"key":"PowerPotion"},{"floor":31,"key":"PowerPotion"},{"floor":33,"key":"SpeedPotion"},{"floor":35,"key":"PowerPotion"},{"floor":36,"key":"Energy Potion"},{"floor":38,"key":"Elixir"},{"floor":39,"key":"SkillPotion"},{"floor":40,"key":"SteroidPotion"},{"floor":41,"key":"FairyPotion"},{"floor":41,"key":"Doom Potion"},{"floor":45,"key":"Flashbang"},{"floor":46,"key":"DuplicationPotion"},{"floor":47,"key":"EntropicBrew"},{"floor":48,"key":"Energy Potion"}],"is_trial":false,"path_per_floor":["M","?","?","M","M","E","R","?","T","$","M","?","E","M","R","B",null,"M","?","?","$","M","R","E","R","T","R","?","T","$","M","R","B",null,"M","M","?","M","M","E","?","M","T","$","M","E","M","E","R","B",null],"character_chosen":"RUNESMITH_CLASS","items_purchased":["ReplayTheSpireMod:CursedCoin","Lantern","Simple Rune","Toolbox","Omamori","Runesmith:LithiumIon","hubris:ToyBattleship","Runesmith:MiniCore","Whetstone","ReplayFunnel","Runesmith:PoweredAnvil"],"campfire_rested":1,"item_purchase_floors":[10,10,10,21,21,30,30,44,44,44,44],"current_hp_per_floor":[70,63,51,51,51,10,10,10,20,20,18,18,18,5,44,18,80,50,50,50,50,54,54,54,54,54,54,53,51,51,51,51,37,51,49,48,48,39,41,16,16,16,16,16,19,26,32,42,42,47],"gold":185,"neow_bonus":"THREE_ENEMY_KILL","is_daily":false,"chose_seed":false,"campfire_upgraded":3,"win_rate":0.0,"timestamp":1609450360,"path_taken":["M","?","?","M","M","E","R","?","T","?","?","?","E","?","R","BOSS","M","?","?","?","M","R","E","R","T","R","?","?","$","M","R","BOSS","M","M","?","M","M","E","?","?","T","$","M","E","M","E","R","BOSS"],"items_purchased_type":["Relic","Relic","Relic","Relic","Relic","Card","Relic","Relic","Relic","Relic","Card"],"build_version":"2020-12-22","purchased_purges":1,"victory":true,"max_hp_per_floor":[70,70,70,70,70,70,70,70,80,80,80,80,80,80,80,80,80,80,80,80,80,78,78,78,78,76,76,53,51,51,51,51,51,51,51,51,51,51,51,51,51,51,51,49,49,49,47,47,47,47],"card_choices":[{"not_picked":["Runesmith:MakeshiftArmor","Runesmith:CraftProtectio"],"picked":"Runesmith:HeatedChisel","floor":1},{"not_picked":["Runesmith:HeatExchange","Runesmith:StaticCage","Runesmith:Discharge"],"picked":"SKIP","floor":4},{"not_picked":["Runesmith:HeatedChisel","Runesmith:OneForEveryone"],"picked":"Runesmith:CraftIndustria","floor":5},{"not_picked":["Runesmith:Attraction","Runesmith:Permafrost"],"picked":"Runesmith:CraftVitae","floor":6},{"not_picked":["Runesmith:FieryHammer","Runesmith:Discharge"],"picked":"Runesmith:Grindstone","floor":11},{"not_picked":["Runesmith:NanitesCloud","Runesmith:Retool"],"picked":"Runesmith:DuctTape","floor":13},{"not_picked":["Runesmith:HammerTime","Runesmith:ChiselStab"],"picked":"Runesmith:CraftProtectio","floor":14},{"not_picked":["Runesmith:CraftMedicinae","Runesmith:UnlimitedPower"],"picked":"Runesmith:Supernova","floor":16},{"not_picked":["Runesmith:BackupBattery","Runesmith:HeatExchange+1"],"picked":"Runesmith:ChaoticBlast+1","floor":18},{"not_picked":["Runesmith:Terraform","Runesmith:ChiselStab"],"picked":"Runesmith:CraftObretio","floor":22},{"not_picked":["Runesmith:HeatExchange","Runesmith:Permafrost"],"picked":"Runesmith:GoWithTheFlow+1","floor":24},{"not_picked":["Runesmith:CraftReservo","Runesmith:Refine"],"picked":"Runesmith:EarthShield+1","floor":31},{"not_picked":["Runesmith:LightningRod","Runesmith:ArcReactor"],"picked":"Runesmith:UnlimitedPower","floor":33},{"not_picked":["Runesmith:HeatedChisel","Runesmith:UnstableHammer+1"],"picked":"Runesmith:BackupBattery","floor":35},{"not_picked":["Runesmith:BackupBattery","Runesmith:PerfectChisel"],"picked":"Runesmith:RuneHurl+1","floor":36},{"not_picked":["Runesmith:FieryHammer+1","Runesmith:Terraform"],"picked":"Runesmith:CraftSpiculum","floor":38},{"not_picked":["Runesmith:CraftMagma+1","Runesmith:BackupBattery+1"],"picked":"Runesmith:OneForEveryone+1","floor":39},{"not_picked":["Runesmith:BackupBattery+1","Runesmith:HeatExchange+1"],"picked":"Runesmith:NanitesCloud+1","floor":40},{"not_picked":["Runesmith:HeatExchange","Runesmith:Permafrost+1"],"picked":"Runesmith:EnergizedChisel+1","floor":42},{"not_picked":["Runesmith:PoweredAnvil","Runesmith:EarthShield+1"],"picked":"Runesmith:Augment","floor":45},{"not_picked":["Runesmith:CraftMagma","Runesmith:HeatExchange+1"],"picked":"Runesmith:HeatedChisel+1","floor":46},{"not_picked":["Runesmith:RuneHurl+1","Runesmith:Prism"],"picked":"Runesmith:ChargedHammer+1","floor":47},{"not_picked":["Runesmith:MakeshiftArmor","Runesmith:Refine+1","Runesmith:HammerTime"],"picked":"SKIP","floor":48}],"player_experience":2209270,"relics_obtained":[{"floor":6,"key":"Girya"},{"floor":8,"key":"ReplayTheSpireMod:Ring of Addiction"},{"floor":8,"key":"Chameleon Ring"},{"floor":8,"key":"White Beast Statue"},{"floor":9,"key":"Pear"},{"floor":13,"key":"Replay:Bandana"},{"floor":24,"key":"Letter Opener"},{"floor":29,"key":"Centennial Puzzle"},{"floor":40,"key":"Replay:Rubber Ducky"},{"floor":43,"key":"Lizard Tail"},{"floor":46,"key":"Sundial"},{"floor":48,"key":"HornCleat"}],"event_choices":[{"cards_removed":["Runesmith:Strike_RS"],"damage_healed":0,"gold_gain":0,"player_choice":"Card Removal","damage_taken":7,"max_hp_gain":0,"max_hp_loss":0,"event_name":"Golden Wing","floor":2,"gold_loss":0},{"cards_removed":["hexamod:Haunted"],"damage_healed":0,"gold_gain":0,"player_choice":"Purged","damage_taken":0,"max_hp_gain":0,"max_hp_loss":0,"event_name":"Purifier","floor":12,"gold_loss":0},{"damage_healed":0,"gold_gain":0,"player_choice":"Ignored","damage_taken":0,"max_hp_gain":0,"max_hp_loss":0,"event_name":"Beggar","floor":20,"gold_loss":0},{"damage_healed":0,"gold_gain":0,"player_choice":"Became a vampire","damage_taken":0,"max_hp_gain":0,"max_hp_loss":23,"event_name":"Vampires","floor":28,"gold_loss":0,"cards_obtained":["Bite","Bite","Bite","Bite","Bite"]},{"damage_healed":0,"gold_gain":0,"player_choice":"Got Potions","damage_taken":0,"max_hp_gain":0,"max_hp_loss":0,"event_name":"Lab","floor":41,"gold_loss":0}],"is_beta":false,"boss_relics":[{"not_picked":["Replay:Drink Me","hubris:GrandSneckoEye"],"picked":"ReplayTheSpireMod:DimensionalGlitch"},{"not_picked":["hubris:TerracottaHorce","Black Star"],"picked":"Coffee Dripper"}],"items_purged_floors":[10],"is_endless":false,"potions_floor_spawned":[6,11,13,14,16,18,22,24,31,33,35,36,38,39,40,42,45,46,47,48],"ascension_level":0}}