{"host":"j1eo1fqrqta44853","time":1609458680,"event":{"mods":["Act Like it!","BaseMod","CatGirl Mod","Custom Start","Downfall","Elementarium","Gensokyo","GungeonMod","HololiveMod","Hubris","Infinite Spire","Lobotomy","LobotomyExtend","Marisa????????","Minty Spire (QoL Compilation)","Pale of the Ancients","Rare Cards Sparkle","Replay The Spire","SIMod","Shedinja","StSLib","The Alterego","The Jungle","The Marked","The Mystic","The Runesmith","The Senshi","The Vixen","TheBandit","Waifu the Spire"],"gold_per_floor":[112,124,89,106,126,126,154,129,129,139,167,178,191,191,191,294,294,306,321,332,109,109,109,119,119,119,119,31,56,142,152,152,253,253,271,287,23,43,53,88,88,99,99,99,99,99,111,126,126,126,126,126,126],"floor_reached":52,"playtime":7552,"items_purged":[],"score":618,"play_id":"177d2ead-cae1-4605-9d25-7df222a2c678","local_time":"20201231175120","is_ascension_mode":false,"campfire_choices":[{"floor":6.0,"key":"RECALL"},{"floor":15.0,"key":"REST"},{"data":"alterego_mod:ClassAdvantage","floor":23,"key":"SMITH"},{"data":"alterego_mod:ChallengeComplete","floor":25,"key":"SMITH"},{"data":"alterego_mod:Nekomimi","floor":32,"key":"SMITH"},{"data":"alterego_mod:Impale","floor":41,"key":"SMITH"},{"data":"alterego_mod:GoddessCore","floor":46,"key":"SMITH"},{"data":"alterego_mod:GoddessCore","floor":49,"key":"SMITH"},{"floor":51,"key":"REST"}],"circlet_count":0,"master_deck":["alterego_mod:Strike","alterego_mod:Strike","alterego_mod:Strike","alterego_mod:Strike","alterego_mod:Defend","alterego_mod:Defend","alterego_mod:Defend","alterego_mod:Defend","alterego_mod:Impale+1","alterego_mod:BigMeatyClaws","alterego_mod:BrynhildrsRune","VoidDream","alterego_mod:Bounce+1","alterego_mod:Bounce+1","Shedinja:Substitute","alterego_mod:Rake","Wellcheers","alterego_mod:Bounce+1","alterego_mod:Rip","UniverseFragment","alterego_mod:MagicResistance","alterego_mod:Bounce+1","alterego_mod:Mirror","alterego_mod:Clones","alterego_mod:GachaTicket+1","alterego_mod:ClassAdvantage+1","alterego_mod:Exercise","alterego_mod:ClassAdvantage","alterego_mod:Pet+1","alterego_mod:ChallengeComplete+1","alterego_mod:BiFurious+1","alterego_mod:Bounce+1","alterego_mod:GoddessCore+1","alterego_mod:GoddessCore+1","alterego_mod:Rip+1","alterego_mod:Nekomimi+1","alterego_mod:Jiggle","alterego_mod:Undulate","alterego_mod:STier","alterego_mod:MagicResistance+1","alterego_mod:Rip","alterego_mod:Bounce+1","alterego_mod:Smother","alterego_mod:Cooking+1","alterego_mod:Schoolgirl+1","alterego_mod:Punishment+1","alterego_mod:MagicResistance+1"],"relics":["alterego_mod:MasochisticConstitution","CogitoBucket","Darkstone Periapt","hubris:CuriousFeather","hubris:Backtick","Burning Blood","Hololive_LightStick","MutagenicStrength","Replay:Bottled Eggs","DemoMod:BigBoy","AtMidnight","Strange Spoon","infinitespire:BottledMercury","theSenshi:FeatherClipsRelic","DemoMod:GlassGuonStoneRelic","hubris:Icosahedron"],"acts_visited":["Exordium","TheCity","TheBeyond"],"potions_floor_usage":[29,39,48,52,52],"damage_taken":[{"damage":5.0,"enemies":"Cultist","floor":1.0,"turns":4.0},{"damage":11.0,"enemies":"Jaw Worm","floor":2.0,"turns":7.0},{"damage":7.0,"enemies":"Small Slimes","floor":4.0,"turns":5.0},{"damage":5.0,"enemies":"Exordium Wildlife","floor":5.0,"turns":7.0},{"damage":57.0,"enemies":"3 Sentries","floor":7.0,"turns":19.0},{"damage":11.0,"enemies":"Blue Slaver","floor":10.0,"turns":7.0},{"damage":25.0,"enemies":"Lagavulin","floor":11.0,"turns":11.0},{"damage":0.0,"enemies":"Large Slime","floor":12.0,"turns":4.0},{"damage":2.0,"enemies":"Lots of Slimes","floor":13.0,"turns":5.0},{"damage":34.0,"enemies":"Fading Forest","floor":16.0,"turns":11.0},{"damage":28,"enemies":"3 Byrds","floor":18,"turns":10},{"damage":4,"enemies":"Chosen","floor":19,"turns":4},{"damage":49,"enemies":"Snake Plant","floor":20,"turns":7},{"damage":6,"enemies":"Shelled Parasite and Fungi","floor":24,"turns":10},{"damage":33,"enemies":"Gremlin Leader","floor":29,"turns":8},{"damage":62,"enemies":"Centurion and Healer","floor":31,"turns":28},{"damage":46,"enemies":"hubris:MusketHawk","floor":33,"turns":10},{"damage":0,"enemies":"Orb Walker","floor":35,"turns":1},{"damage":0,"enemies":"3 Darklings","floor":36,"turns":3},{"damage":25,"enemies":"Maw","floor":38,"turns":8},{"damage":29,"enemies":"Writhing Mass","floor":39,"turns":9},{"damage":45,"enemies":"Nemesis","floor":40,"turns":9},{"damage":4,"enemies":"Jaw Worm Horde","floor":42,"turns":3},{"damage":1,"enemies":"4 Shapes","floor":47,"turns":8},{"damage":46,"enemies":"3 Darklings","floor":48,"turns":10},{"damage":95,"enemies":"Donu and Deca","floor":52,"turns":16}],"seed_played":"-2335534201025180396","potions_obtained":[{"floor":1.0,"key":"Weak Potion"},{"floor":12.0,"key":"Fire Potion"},{"floor":24,"key":"champ:CounterPotion"},{"floor":33,"key":"Dexterity Potion"},{"floor":35,"key":"DemoMod:LeadSkinPotion"},{"floor":39,"key":"Regen Potion"},{"floor":42,"key":"Regen Potion"},{"floor":47,"key":"Fire Potion"}],"is_trial":false,"path_per_floor":["M","M","?","M","M","R","E","$","T","M","E","M","M","?","R","B",null,"M","M","M","$","?","R","M","R","T","?","$","E","?","M","R","B",null,"M","M","$","M","M","E","R","M","PTL","PTL","T","R","M","M","R","?","R","B"],"character_chosen":"The_Alterego","items_purchased":["alterego_mod:MagicResistance","alterego_mod:ChallengeComplete","Hololive_LightStick","alterego_mod:Bounce","alterego_mod:GoddessCore","alterego_mod:Bounce","alterego_mod:Smother","Strange Spoon"],"campfire_rested":2,"item_purchase_floors":[8,21,21,28,28,37,37,37],"current_hp_per_floor":[71,68,68,69,65,65,23,23,23,27,19,19,25,25,48,53,79,64,74,45,45,45,45,56,56,56,56,56,84,63,85,85,46,86,86,86,86,71,63,32,32,42,42,42,42,42,68,57,57,57,84,0,0],"gold":126,"neow_bonus":"","is_daily":false,"chose_seed":false,"campfire_upgraded":6,"win_rate":0.0,"timestamp":1609458680,"path_taken":["M","M","?","M","M","R","E","$","T","M","E","?","M","?","R","BOSS","M","M","M","$","?","R","M","R","T","?","$","E","?","M","R","BOSS","M","?","?","M","M","E","R","M","PTL","PTL","T","R","M","M","R","?","R","BOSS"],"items_purchased_type":["Card","Card","Relic","Card","Card","Card","Card","Relic"],"build_version":"2020-12-22","purchased_purges":0,"victory":false,"max_hp_per_floor":[71,72,72,73,74,74,75,75,75,76,77,77,78,78,78,79,79,80,81,82,82,82,82,83,83,83,83,83,84,84,85,85,86,86,86,86,86,87,88,89,89,90,90,90,90,90,91,92,92,92,92,92,92],"card_choices":[{"not_picked":["ShyLook","SpiderBud"],"picked":"VoidDream","floor":1.0},{"not_picked":["alterego_mod:BiFurious","alterego_mod:Stockings"],"picked":"alterego_mod:Bounce","floor":1.0},{"not_picked":["alterego_mod:Swimsuit","alterego_mod:Maid"],"picked":"alterego_mod:Bounce","floor":2.0},{"not_picked":["alterego_mod:Lingerie","alterego_mod:Jiggle"],"picked":"alterego_mod:Rake","floor":4.0},{"not_picked":["Variant","Porccubus"],"picked":"Wellcheers","floor":4.0},{"not_picked":["alterego_mod:HighServant","alterego_mod:Skirt"],"picked":"alterego_mod:Bounce","floor":5.0},{"not_picked":["alterego_mod:BustOut","alterego_mod:Bounce"],"picked":"alterego_mod:Rip","floor":7.0},{"not_picked":["MHz","ShyLook"],"picked":"UniverseFragment","floor":7.0},{"not_picked":["alterego_mod:Collar","alterego_mod:TrashNCrash"],"picked":"alterego_mod:Bounce","floor":10.0},{"not_picked":["alterego_mod:Cycle","alterego_mod:Schoolgirl"],"picked":"alterego_mod:Mirror","floor":11.0},{"not_picked":["alterego_mod:Cycle","alterego_mod:DustData"],"picked":"alterego_mod:Clones","floor":12.0},{"not_picked":["alterego_mod:SakuraLabyrinth","alterego_mod:BoobPocket"],"picked":"alterego_mod:GachaTicket","floor":13.0},{"not_picked":["alterego_mod:Palingenesis","alterego_mod:BrynhildrRomantia"],"picked":"alterego_mod:ClassAdvantage","floor":16.0},{"not_picked":["alterego_mod:DustData","alterego_mod:TrashNCrash"],"picked":"alterego_mod:Exercise","floor":18},{"not_picked":["alterego_mod:Bounce","alterego_mod:Pet"],"picked":"alterego_mod:ClassAdvantage","floor":19},{"not_picked":["alterego_mod:DestructionOfProperty","alterego_mod:BiFurious"],"picked":"alterego_mod:Pet+1","floor":20},{"not_picked":["alterego_mod:Cushion","alterego_mod:DiscoLights"],"picked":"alterego_mod:BiFurious+1","floor":24},{"not_picked":["alterego_mod:Cycle","alterego_mod:Pet","alterego_mod:Alter"],"picked":"SKIP","floor":29},{"not_picked":["alterego_mod:BiFurious","alterego_mod:Cooking"],"picked":"alterego_mod:Rip+1","floor":30},{"not_picked":["alterego_mod:Cooking","alterego_mod:Maid"],"picked":"alterego_mod:Nekomimi","floor":30},{"not_picked":["alterego_mod:TrashNCrash","alterego_mod:Bounce"],"picked":"alterego_mod:Jiggle","floor":30},{"not_picked":["alterego_mod:DiscoLights+1","alterego_mod:Bunnysuit"],"picked":"alterego_mod:Undulate","floor":31},{"not_picked":["alterego_mod:GIGAMILK","alterego_mod:IdEs"],"picked":"alterego_mod:STier","floor":33},{"not_picked":["alterego_mod:Undulate+1","alterego_mod:Jiggle"],"picked":"alterego_mod:MagicResistance+1","floor":35},{"not_picked":["alterego_mod:Mirror","alterego_mod:Complex"],"picked":"alterego_mod:Rip","floor":36},{"not_picked":["alterego_mod:Skirt","alterego_mod:BoobPocket"],"picked":"alterego_mod:Cooking+1","floor":38},{"not_picked":["alterego_mod:HighServant","alterego_mod:Maid+1"],"picked":"alterego_mod:Schoolgirl+1","floor":39},{"not_picked":["alterego_mod:Support","alterego_mod:Jiggle"],"picked":"alterego_mod:Punishment+1","floor":40},{"not_picked":["alterego_mod:Exercise+1","alterego_mod:Undulate+1"],"picked":"alterego_mod:MagicResistance+1","floor":42},{"not_picked":["alterego_mod:Maid","alterego_mod:Pet","alterego_mod:Complex+1"],"picked":"SKIP","floor":47},{"not_picked":["alterego_mod:PerceptionDisorder+1","alterego_mod:HighServant","alterego_mod:Bunnysuit+1"],"picked":"SKIP","floor":48}],"player_experience":1026423,"relics_obtained":[{"floor":7.0,"key":"Darkstone Periapt"},{"floor":11.0,"key":"hubris:CuriousFeather"},{"floor":26,"key":"Replay:Bottled Eggs"},{"floor":29,"key":"DemoMod:BigBoy"},{"floor":31,"key":"AtMidnight"},{"floor":40,"key":"infinitespire:BottledMercury"},{"floor":45,"key":"theSenshi:FeatherClipsRelic"}],"event_choices":[{"damage_healed":0.0,"max_hp_gain":0.0,"max_hp_loss":0.0,"gold_gain":0.0,"event_name":"Living Wall","player_choice":"Grow","floor":14.0,"gold_loss":0.0,"damage_taken":0.0,"cards_upgraded":["alterego_mod:GachaTicket"]},{"damage_healed":0,"gold_gain":0,"player_choice":"Inject Mutagens","damage_taken":0,"relics_obtained":["MutagenicStrength"],"max_hp_gain":0,"max_hp_loss":0,"event_name":"Drug Dealer","floor":22,"gold_loss":0}],"is_beta":false,"boss_relics":[{"not_picked":["Astrolabe","Snecko Eye"],"picked":"hubris:Backtick"},{"not_picked":["hubris:TerracottaHorce","hubris:GrandSneckoEye","Coffee Dripper"]}],"items_purged_floors":[],"is_endless":false,"potions_floor_spawned":[1,11,12,24,33,35,39,42,47],"killed_by":"Donu and Deca","ascension_level":0}}