{"host":"51fyd6gkml7xavq8","time":1609456187,"event":{"mods":["BaseMod","BetterRewards","Colored Map","Energized Spire","Infinite Spire","Minty Spire (QoL Compilation)","Replay The Spire","Shop Mod","Spicy Shops","StSLib","The Blue Laboratory","[IsaacMod]????"],"gold_per_floor":[109,129,41,141,141,166,185,10,61,61,61,102,102,112,112,217,217,200,217,159,159,159],"floor_reached":21,"playtime":1462,"items_purged":["DoctorFetus","ReplayTheSpireMod:Limb From Limb","Bash"],"score":395,"play_id":"998be346-81e6-4336-bf8e-0fcf919df9fb","local_time":"20201231200947","is_ascension_mode":true,"campfire_choices":[{"data":"Apotheosis","floor":13,"key":"SMITH"},{"data":"Inflame","floor":15,"key":"SMITH"}],"circlet_count":0,"master_deck":["Strike_R","Strike_R","Strike_R","Strike_R","Defend_R","Defend_R","Defend_R","Defend_R","Inflame","Apotheosis+1","Disarm","ReplayTheSpireMod:Faulty Equipment","Inflame+1","Inflame","Double Tap","Rampage"],"relics":["Burning Blood","HushsDoor","D6","MerchantsRug","Ginger","YumHeart","ReplayTheSpireMod:CursedCoin","PokeGo","Bag of Preparation","Replay:Mystery Machine","Pen Nib","Runic Pyramid"],"acts_visited":["Exordium","TheCity"],"potions_floor_usage":[],"damage_taken":[{"damage":8,"enemies":"Cultist","floor":1,"turns":5},{"damage":15,"enemies":"Jaw Worm","floor":2,"turns":4},{"damage":23,"enemies":"Lagavulin","floor":6,"turns":8},{"damage":15,"enemies":"2 Louse","floor":7,"turns":4},{"damage":0,"enemies":"Looter","floor":12,"turns":3},{"damage":31,"enemies":"2 Fungi Beasts","floor":14,"turns":5},{"damage":0,"enemies":"Fading Forest","floor":16,"turns":11},{"damage":44,"enemies":"2 Thieves","floor":18,"turns":4},{"damage":6,"enemies":"Chosen","floor":19,"turns":4},{"damage":80,"enemies":"3 Cultists","floor":21,"turns":5}],"seed_played":"-8393174154998294524","potions_obtained":[{"floor":1,"key":"blueLaboratory:EntrenchedPotion"},{"floor":2,"key":"blueLaboratory:NullPotion"},{"floor":14,"key":"SteroidPotion"},{"floor":18,"key":"blueLaboratory:ConflagurationPotion"},{"floor":19,"key":"LiquidMemories"}],"is_trial":false,"path_per_floor":["M","M","$","?","?","E","M","$","T","?","$","M","R","M","R","B",null,"M","M","$","M"],"character_chosen":"IRONCLAD","items_purchased":["MerchantsRug","Ginger","YumHeart","Inflame","Apotheosis","ReplayTheSpireMod:CursedCoin","PokeGo"],"campfire_rested":0,"item_purchase_floors":[0,0,0,0,0,3,3],"current_hp_per_floor":[65,56,56,56,56,39,30,55,55,40,40,46,46,21,21,35,80,42,67,67,0,0],"gold":159,"neow_bonus":"","is_daily":false,"chose_seed":false,"campfire_upgraded":2,"win_rate":0.0,"timestamp":1609456187,"path_taken":["M","M","$","?","?","E","M","$","T","?","$","M","R","M","R","BOSS","M","M","$","M"],"items_purchased_type":["Relic","Relic","Relic","Card","Card","Relic","Relic"],"build_version":"2020-12-22","purchased_purges":3,"victory":false,"max_hp_per_floor":[80,80,80,80,80,80,80,80,80,80,80,80,80,80,80,80,80,80,80,80,80,80],"card_choices":[{"not_picked":[],"picked":"DoctorFetus","floor":0},{"not_picked":["Iron Wave","Body Slam"],"picked":"ReplayTheSpireMod:Limb From Limb","floor":1},{"not_picked":["Ghostly Armor","Twin Strike"],"picked":"Disarm","floor":2},{"not_picked":["Feel No Pain","Massacre","Rupture"],"picked":"SKIP","floor":6},{"not_picked":["Offering","Blood for Blood","Body Slam"],"picked":"SKIP","floor":7},{"not_picked":["Dual Wield","Cleave"],"picked":"Inflame","floor":12},{"not_picked":["Run Through","Twin Strike"],"picked":"Inflame","floor":14},{"not_picked":["Feed","Offering"],"picked":"Double Tap","floor":16},{"not_picked":["Heavy Blade","Run Through"],"picked":"Rampage","floor":18},{"not_picked":["Warcry+1","Iron Wave","Replay:Undeath\u0027s Touch"],"picked":"SKIP","floor":19}],"player_experience":449834,"relics_obtained":[{"floor":6,"key":"Bag of Preparation"},{"floor":9,"key":"Replay:Mystery Machine"}],"event_choices":[],"is_beta":false,"boss_relics":[{"not_picked":["energizedSpire:HugeHouse","energizedSpire:EnergizedDie"],"picked":"Runic Pyramid"},{"not_picked":[]}],"items_purged_floors":[8,8,20],"is_endless":false,"potions_floor_spawned":[1,2,14,18,19],"killed_by":"3 Cultists","ascension_level":4}}