{"host":"ec2wu4mdnvke243f","time":1609456662,"event":{"mods":["2.2 Compatiblity","AchievementEnabler","BaseMod","Defuse TimeMaze Blight","Downfall","Hermit","Infinite Spire","Minty Spire (QoL Compilation)","StSLib","The Cursed","The Disciple","The Jungle","The Servant 0.9.4"],"gold_per_floor":[117,117,117,133,133,158,158,158],"floor_reached":7,"playtime":489,"items_purged":[],"score":49,"play_id":"6c73311d-8671-49d8-881b-7ce01b1a4697","local_time":"20210101001742","daily_mods":["Purple Cards","Colorless Cards","Flight"],"is_ascension_mode":false,"campfire_choices":[],"circlet_count":0,"master_deck":["hermit:Strike_Hermit","hermit:Strike_Hermit","hermit:Strike_Hermit","hermit:Strike_Hermit","hermit:Defend_Hermit","hermit:Defend_Hermit","hermit:Defend_Hermit","hermit:Defend_Hermit","hermit:Snapshot","hermit:Covet","Dramatic Entrance","Bandage Up","Slimebound:Icky","Shame","infinitespire:Starlight","hermit:Snipe"],"relics":["hermit:Momento","The Courier","Darkstone Periapt"],"acts_visited":["Exordium"],"potions_floor_usage":[6],"damage_taken":[{"damage":1,"enemies":"2 Louse","floor":1,"turns":2},{"damage":0,"enemies":"Small Slimes","floor":4,"turns":2},{"damage":71,"enemies":"3 Sentries","floor":6,"turns":13},{"damage":58,"enemies":"Lagavulin","floor":7,"turns":6}],"seed_played":"-3584450475484390792","potions_obtained":[{"floor":1,"key":"Regen Potion"}],"is_trial":true,"path_per_floor":["M","?","?","M","?","E","E"],"character_chosen":"HERMIT","items_purchased":[],"campfire_rested":0,"item_purchase_floors":[],"current_hp_per_floor":[74,74,71,71,71,29,0,0],"gold":158,"neow_bonus":"","is_daily":false,"chose_seed":false,"campfire_upgraded":0,"win_rate":0.0,"timestamp":1609456662,"path_taken":["M","?","?","M","?","E","E"],"items_purchased_type":[],"build_version":"2020-12-22","purchased_purges":0,"victory":false,"max_hp_per_floor":[75,75,75,75,75,75,75,75],"card_choices":[{"not_picked":["hermit:HoleUp","hermit:HighCaliber"],"picked":"Dramatic Entrance","floor":1},{"not_picked":["Jack Of All Trades","hermit:Desperado"],"picked":"Bandage Up","floor":4},{"not_picked":["infinitespire:SealOfDarkness+","infinitespire:Fortify"],"picked":"infinitespire:Starlight","floor":5},{"not_picked":["expansioncontent:Torchfire","hermit:Dive"],"picked":"hermit:Snipe","floor":6}],"player_experience":537550,"relics_obtained":[{"floor":6,"key":"Darkstone Periapt"}],"event_choices":[{"damage_healed":0,"gold_gain":0,"player_choice":"Success","damage_taken":3,"relics_obtained":["The Courier"],"max_hp_gain":0,"max_hp_loss":0,"event_name":"Scrap Ooze","floor":3,"gold_loss":0}],"is_beta":false,"boss_relics":[],"items_purged_floors":[],"is_endless":false,"potions_floor_spawned":[1],"killed_by":"Lagavulin","ascension_level":0}}