{"host":"5gzbaq21mzbu77pn","time":1609388160,"event":{"mods":["2.2 Compatiblity","Aspiration","Bard","Bartender","BaseMod","Beaked The Cultist","BetterRewards","Colored Powertips","Conspire","Energized Spire","GifTheSpireLib","Glutton Mod","Gold Saver","Gremlin Mod","GungeonMod","Hubris","Infinite Spire","Koishi","Magitek Elite","Minty Spire (QoL Compilation)","Quick Restart","Replay The Spire","Shop Mod","StSLib","Stuff the Spire","Synergy Search","The Blackbeard","The Clintock","The Cursed","The Disciple","The Hayseed","The Kombatant","The Poker Player","The Saiyan","The Senshi","The Servant 0.9.4","TheBandit"],"gold_per_floor":[381,381,399,411,411,438,50,90,90,90,111,143,163,180,180,288,288,308,308,308,308,178,207,207,238,262,271,271,302,302,343,343,454,454,482,497,497,207,237,282,282,326,326,371,371,371,371,404,404,406],"floor_reached":51,"playtime":3827,"items_purged":["Pain","PokerPlayerMod:Spade1"],"score":1008,"play_id":"25a2a80e-1dc2-46ff-ad72-3e5fc44538ca","local_time":"20201231051600","is_ascension_mode":true,"metric_token":2386,"campfire_choices":[{"data":"Apotheosis","floor":10,"key":"SMITH"},{"data":"PokerPlayerMod:Mulligan","floor":15,"key":"SMITH"},{"data":"PokerPlayerMod:Spade3","floor":24,"key":"SMITH"},{"data":"PokerPlayerMod:Diamond3","floor":30,"key":"SMITH"},{"data":"PokerPlayerMod:Club4","floor":32,"key":"SMITH"},{"data":"PokerPlayerMod:Spade4","floor":41,"key":"SMITH"},{"data":"PokerPlayerMod:CardPrinter","floor":45,"key":"SMITH"},{"data":"PokerPlayerMod:Promotion","floor":49,"key":"SMITH"}],"circlet_count":0,"master_deck":["PokerPlayerMod:Diamond2","PokerPlayerMod:Diamond4","PokerPlayerMod:Diamond4","PokerPlayerMod:Diamond5","PokerPlayerMod:Spade2","PokerPlayerMod:Spade4","PokerPlayerMod:Spade5","PokerPlayerMod:Club1","PokerPlayerMod:Club2","PokerPlayerMod:Heart2","PokerPlayerMod:TrumpStrike","PokerPlayerMod:BadJoker","PokerPlayerMod:Mulligan+1","PokerPlayerMod:Heart5","PokerPlayerMod:Diamond5","PokerPlayerMod:ClubStrike","PokerPlayerMod:Club5","Apotheosis+1","PokerPlayerMod:Harden","PokerPlayerMod:Diamond8","PokerPlayerMod:CardBurn","PokerPlayerMod:SpadeStrike","PokerPlayerMod:Diamond4","PokerPlayerMod:Promotion+1","PokerPlayerMod:Raise+1","ReplayTheSpireMod:Echo Chamber","StuffTheSpire:Rapture","PokerPlayerMod:Sharpen","PokerPlayerMod:Raise","PokerPlayerMod:CloakAndDiamond","PokerPlayerMod:CloakAndDiamond","PokerPlayerMod:BadJoker","PokerPlayerMod:Raise","PokerPlayerMod:Diamond8","PokerPlayerMod:Spade9","PokerPlayerMod:Spade7","PokerPlayerMod:CardPrinter+1","PokerPlayerMod:Club9","PokerPlayerMod:Spade4","PokerPlayerMod:Diamond9","PokerPlayerMod:Spade6","PokerPlayerMod:ClubShade+1"],"relics":["PokerPlayerMod:DeckCase","DemoMod:BigBoy","Replay:Bandana","MerchantsRug","Sundial","Eternal Feather","energizedSpire:OgreHead","hubris:Icosahedron","StuffTheSpire:GrapeVine","DemoMod:LamentConfigurum","CeramicFish","Pondfish Scales","SlaversCollar","aspiration:SeaSaltIceCream","theSenshi:SailorFukuRelic","Replay:Multitool","Replay:Ringing Soul","Ginger","conspire:Dentures","Replay:Baseball"],"acts_visited":["Exordium","TheCity","TheBeyond"],"potions_floor_usage":[8,8,23,23,25,35,40,44,50],"damage_taken":[{"damage":0,"enemies":"conspire:RoseBush","floor":1,"turns":2},{"damage":0,"enemies":"Small Slimes","floor":3,"turns":2},{"damage":0,"enemies":"Cultist","floor":4,"turns":3},{"damage":0,"enemies":"3 Sentries","floor":6,"turns":1},{"damage":1,"enemies":"Gremlin Nob","floor":8,"turns":3},{"damage":10,"enemies":"Gremlin Gang","floor":11,"turns":3},{"damage":0,"enemies":"3 Sentries","floor":12,"turns":1},{"damage":13,"enemies":"Large Slime","floor":13,"turns":4},{"damage":0,"enemies":"Looter","floor":14,"turns":2},{"damage":5,"enemies":"The Guardian","floor":16,"turns":8},{"damage":5,"enemies":"Spheric Guardian","floor":18,"turns":3},{"damage":1,"enemies":"Book of Stabbing","floor":23,"turns":4},{"damage":0,"enemies":"conspire:Head Lice","floor":25,"turns":3},{"damage":19,"enemies":"conspire:FuzzyDice","floor":29,"turns":4},{"damage":10,"enemies":"conspire:SneckoGhost","floor":31,"turns":5},{"damage":5,"enemies":"Collector","floor":33,"turns":5},{"damage":4,"enemies":"3 Darklings","floor":35,"turns":3},{"damage":0,"enemies":"Orb Walker","floor":36,"turns":3},{"damage":1,"enemies":"Sphere and 2 Shapes","floor":39,"turns":4},{"damage":13,"enemies":"Reptomancer","floor":40,"turns":6},{"damage":26,"enemies":"Nemesis","floor":42,"turns":5},{"damage":0,"enemies":"Reptomancer","floor":44,"turns":5},{"damage":0,"enemies":"beaked:SuperParasite","floor":48,"turns":8},{"damage":26,"enemies":"conspire:OrnateMirror","floor":50,"turns":10}],"seed_played":"-4766005060425368667","potions_obtained":[{"floor":3,"key":"ColorlessPotion"},{"floor":6,"key":"DemoMod:LeadSkinPotion"},{"floor":8,"key":"Doom Potion"},{"floor":14,"key":"Energy Potion"},{"floor":16,"key":"BlessingOfTheForge"},{"floor":18,"key":"DemoMod:LeadSkinPotion"},{"floor":33,"key":"AttackPotion"},{"floor":35,"key":"SteroidPotion"},{"floor":39,"key":"AttackPotion"},{"floor":42,"key":"Fire Potion"}],"is_trial":false,"path_per_floor":["M","?","M","M","?","E","$","E","T","R","M","E","M","M","R","B",null,"M","?","AVR","?","$","E","R","E","T","?","?","M","R","E","R","B",null,"M","M","T","$","M","E","R","E","T","E","R","?","?","E","R","B",null],"character_chosen":"THE_POKER_PLAYER","items_purchased":["Apotheosis","PokerPlayerMod:Harden","MerchantsRug","PokerPlayerMod:Sharpen","PokerPlayerMod:Raise","PokerPlayerMod:CardPrinter","PokerPlayerMod:Club9"],"campfire_rested":0,"item_purchase_floors":[7,7,7,22,22,38,38],"current_hp_per_floor":[57,57,57,57,57,57,57,56,56,57,47,53,44,51,57,57,57,52,52,52,52,52,56,57,57,57,57,52,45,57,47,57,52,57,53,57,57,57,56,44,57,52,52,55,63,63,63,63,63,40],"gold":406,"neow_bonus":"TEN_PERCENT_HP_BONUS","is_daily":false,"chose_seed":false,"campfire_upgraded":8,"win_rate":0.0,"timestamp":1609388160,"path_taken":["M","?","M","M","?","E","$","E","T","R","M","E","?","?","R","BOSS","M","?","AVR","?","$","E","R","E","T","?","?","M","R","E","R","BOSS","M","M","?","$","M","E","R","E","T","E","R","?","?","E","R","BOSS"],"items_purchased_type":["Card","Card","Relic","Card","Card","Card","Card"],"build_version":"2020-12-22","purchased_purges":2,"victory":true,"max_hp_per_floor":[57,57,57,57,57,57,57,57,57,57,57,57,57,57,57,57,57,57,57,57,57,57,57,57,57,57,57,57,57,57,57,57,57,57,57,57,57,57,57,57,57,60,60,63,63,63,63,63,63,63],"card_choices":[{"not_picked":["PokerPlayerMod:Club2","PokerPlayerMod:ClubsClub"],"picked":"PokerPlayerMod:Heart5","floor":1},{"not_picked":["PokerPlayerMod:Configure","PokerPlayerMod:ClubsClub"],"picked":"PokerPlayerMod:Diamond5","floor":3},{"not_picked":["PokerPlayerMod:Diamond1","PokerPlayerMod:RiskyBet"],"picked":"PokerPlayerMod:ClubStrike","floor":4},{"not_picked":["PokerPlayerMod:SpadeStrike","PokerPlayerMod:PoorCopy"],"picked":"PokerPlayerMod:Club4","floor":6},{"not_picked":["PokerPlayerMod:Overdeal","PokerPlayerMod:Diamond2"],"picked":"PokerPlayerMod:Diamond8","floor":8},{"not_picked":["PokerPlayerMod:Heart3","PokerPlayerMod:DartThrow"],"picked":"PokerPlayerMod:CardBurn","floor":11},{"not_picked":["PokerPlayerMod:ClubsClub","PokerPlayerMod:Spade1"],"picked":"PokerPlayerMod:SpadeStrike","floor":12},{"not_picked":["PokerPlayerMod:Diamond2","PokerPlayerMod:ClubsClub"],"picked":"PokerPlayerMod:Diamond4","floor":13},{"not_picked":["PokerPlayerMod:Spade2","PokerPlayerMod:Diamond2","PokerPlayerMod:Extraction"],"picked":"SKIP","floor":14},{"not_picked":["PokerPlayerMod:Spade7","PokerPlayerMod:Duplicate"],"picked":"PokerPlayerMod:Promotion","floor":16},{"not_picked":["PokerPlayerMod:CardBurn+1","PokerPlayerMod:FlyingCard"],"picked":"PokerPlayerMod:Raise+1","floor":18},{"not_picked":["PokerPlayerMod:DartThrow","PokerPlayerMod:ClubsClub"],"picked":"PokerPlayerMod:CloakAndDiamond","floor":23},{"not_picked":["PokerPlayerMod:DiamondStrike+1","PokerPlayerMod:Raise+1"],"picked":"PokerPlayerMod:CloakAndDiamond","floor":25},{"not_picked":["PokerPlayerMod:Spade1","PokerPlayerMod:Spade3"],"picked":"PokerPlayerMod:Raise","floor":29},{"not_picked":["PokerPlayerMod:Club2","PokerPlayerMod:Raise+1"],"picked":"PokerPlayerMod:Diamond8","floor":31},{"not_picked":["PokerPlayerMod:Diamond7","PokerPlayerMod:Club10+"],"picked":"PokerPlayerMod:Spade9","floor":33},{"not_picked":["PokerPlayerMod:SpadeStrike+1","PokerPlayerMod:Extraction+1"],"picked":"PokerPlayerMod:Spade7","floor":35},{"not_picked":["PokerPlayerMod:Spade1","PokerPlayerMod:Diamond2","PokerPlayerMod:Club1"],"picked":"SKIP","floor":36},{"not_picked":["PokerPlayerMod:Configure+1","PokerPlayerMod:Club3"],"picked":"PokerPlayerMod:Spade4","floor":39},{"not_picked":["PokerPlayerMod:Trickery+1","PokerPlayerMod:HotShotCut"],"picked":"PokerPlayerMod:Diamond9","floor":40},{"not_picked":["PokerPlayerMod:Sharpen+1","PokerPlayerMod:SpadeStrike+1"],"picked":"PokerPlayerMod:Spade6","floor":42},{"not_picked":["PokerPlayerMod:CardBurn","PokerPlayerMod:Heart3"],"picked":"PokerPlayerMod:ClubShade+1","floor":44},{"not_picked":["PokerPlayerMod:HeartStrike","PokerPlayerMod:Spade3","PokerPlayerMod:Configure"],"picked":"SKIP","floor":48}],"player_experience":835433,"relics_obtained":[{"floor":6,"key":"Replay:Bandana"},{"floor":8,"key":"Sundial"},{"floor":9,"key":"Eternal Feather"},{"floor":12,"key":"StuffTheSpire:HeavyRock"},{"floor":23,"key":"StuffTheSpire:GrapeVine"},{"floor":25,"key":"DemoMod:LamentConfigurum"},{"floor":26,"key":"CeramicFish"},{"floor":31,"key":"Pondfish Scales"},{"floor":37,"key":"aspiration:SeaSaltIceCream"},{"floor":40,"key":"Replay:Multitool"},{"floor":42,"key":"Replay:Ringing Soul"},{"floor":43,"key":"Ginger"},{"floor":44,"key":"conspire:Dentures"},{"floor":48,"key":"Replay:Baseball"}],"event_choices":[{"cards_removed":["PokerPlayerMod:Diamond1"],"damage_healed":0,"gold_gain":0,"player_choice":"Gave Card","damage_taken":0,"relics_obtained":["DemoMod:BigBoy"],"max_hp_gain":0,"max_hp_loss":0,"event_name":"WeMeetAgain","floor":5,"gold_loss":0},{"damage_healed":0,"gold_gain":0,"player_choice":"Copied","damage_taken":0,"max_hp_gain":0,"max_hp_loss":0,"event_name":"PokerPlayerMod:BackToBasicsPoker","floor":27,"gold_loss":0,"cards_obtained":["PokerPlayerMod:BadJoker"]},{"damage_healed":0,"gold_gain":0,"player_choice":"Damaged","damage_taken":5,"max_hp_gain":0,"max_hp_loss":0,"event_name":"Wheel of Change","floor":28,"gold_loss":0},{"damage_healed":0,"gold_gain":0,"player_choice":"Leave","damage_taken":0,"max_hp_gain":0,"max_hp_loss":0,"event_name":"conspire:Investor","floor":47,"gold_loss":0}],"is_beta":false,"boss_relics":[{"not_picked":["StuffTheSpire:ModemDavis","Astrolabe"],"picked":"energizedSpire:OgreHead"},{"not_picked":["SacredBark","Cursed Key"],"picked":"SlaversCollar"}],"items_purged_floors":[22,38],"is_endless":false,"potions_floor_spawned":[3,6,8,14,16,18,33,35,39,42],"ascension_level":1}}