{"host":"SteinPartDos","time":1609439741,"event":{"mods":["BaseMod","Colored Map","Minty Spire (QoL Compilation)","StSLib"],"gold_per_floor":[111,125,125,145,159,186,202,235,258,258,274,274,290,321,321,422,422,436,456,99,99,115,144,156,200,212,249,261,273,296,308,320,427,439,465,490,502,514,546,587,616,628,718,748,775,805,158,190,190,190],"floor_reached":51,"playtime":2539,"items_purged":["Strike_R","Strike_R"],"score":921,"play_id":"aba270e6-5b36-4bd3-8d79-058e9d3e10b6","local_time":"20201231133541","is_ascension_mode":false,"campfire_choices":[{"data":"Dark Embrace","floor":10,"key":"SMITH"},{"data":"Fiend Fire","floor":12,"key":"SMITH"},{"data":"Shockwave","floor":15,"key":"SMITH"},{"data":"Feel No Pain","floor":24,"key":"SMITH"},{"data":"Feel No Pain","floor":28,"key":"SMITH"},{"data":"Barricade","floor":32,"key":"SMITH"},{"data":"Corruption","floor":42,"key":"SMITH"},{"data":"Berserk","floor":49,"key":"SMITH"}],"circlet_count":0,"master_deck":["Strike_R","Strike_R","Defend_R","Defend_R","Defend_R","Defend_R","Bash","Dark Embrace+1","Carnage","Anger+1","True Grit","Shockwave+1","Fiend Fire+1","Rampage+1","Warcry","Barricade+1","Berserk+1","Shrug It Off+1","Disarm+1","Feel No Pain+1","Pommel Strike","Feel No Pain+1","Second Wind","Shrug It Off+1","Body Slam","Ghostly Armor","RitualDagger","Shrug It Off+1","Corruption+1","Armaments+1","Disarm+1","Shrug It Off"],"relics":["Burning Blood","Ancient Tea Set","Orichalcum","Red Skull","Happy Flower","Coffee Dripper","Whetstone","MawBank","White Beast Statue","Bottled Tornado","Red Mask","Darkstone Periapt","Busted Crown","Toy Ornithopter","Oddly Smooth Stone","Bottled Lightning","Ornamental Fan","DollysMirror","Juzu Bracelet"],"acts_visited":["Exordium","TheCity","TheBeyond"],"potions_floor_usage":[6,22,23,27,33,35,35,40,44,45,50,50,50],"damage_taken":[{"damage":5,"enemies":"2 Louse","floor":1,"turns":4},{"damage":8,"enemies":"Cultist","floor":2,"turns":5},{"damage":0,"enemies":"Small Slimes","floor":4,"turns":3},{"damage":8,"enemies":"Looter","floor":5,"turns":3},{"damage":6,"enemies":"Gremlin Nob","floor":6,"turns":3},{"damage":7,"enemies":"Gremlin Gang","floor":7,"turns":5},{"damage":28,"enemies":"3 Sentries","floor":8,"turns":7},{"damage":0,"enemies":"Red Slaver","floor":11,"turns":2},{"damage":0,"enemies":"3 Louse","floor":13,"turns":3},{"damage":0,"enemies":"Lagavulin","floor":14,"turns":4},{"damage":32,"enemies":"The Guardian","floor":16,"turns":10},{"damage":12,"enemies":"Shell Parasite","floor":18,"turns":5},{"damage":22,"enemies":"Spheric Guardian","floor":19,"turns":6},{"damage":0,"enemies":"Shelled Parasite and Fungi","floor":22,"turns":4},{"damage":19,"enemies":"Slavers","floor":23,"turns":6},{"damage":0,"enemies":"Gremlin Leader","floor":25,"turns":6},{"damage":0,"enemies":"Masked Bandits","floor":27,"turns":6},{"damage":0,"enemies":"Snake Plant","floor":30,"turns":3},{"damage":11,"enemies":"Champ","floor":33,"turns":9},{"damage":2,"enemies":"3 Darklings","floor":35,"turns":4},{"damage":9,"enemies":"Orb Walker","floor":36,"turns":7},{"damage":14,"enemies":"Spire Growth","floor":39,"turns":6},{"damage":19,"enemies":"Reptomancer","floor":40,"turns":8},{"damage":2,"enemies":"Transient","floor":41,"turns":5},{"damage":10,"enemies":"Sphere and 2 Shapes","floor":44,"turns":5},{"damage":6,"enemies":"Jaw Worm Horde","floor":45,"turns":5},{"damage":0,"enemies":"Maw","floor":46,"turns":9},{"damage":0,"enemies":"Giant Head","floor":48,"turns":6},{"damage":15,"enemies":"Awakened One","floor":50,"turns":7}],"seed_played":"5954109931265753258","potions_obtained":[{"floor":4,"key":"SneckoOil"},{"floor":6,"key":"Dexterity Potion"},{"floor":11,"key":"Explosive Potion"},{"floor":14,"key":"BlessingOfTheForge"},{"floor":18,"key":"AttackPotion"},{"floor":22,"key":"EssenceOfSteel"},{"floor":27,"key":"AttackPotion"},{"floor":30,"key":"AttackPotion"},{"floor":33,"key":"SkillPotion"},{"floor":35,"key":"Regen Potion"},{"floor":36,"key":"FairyPotion"},{"floor":39,"key":"PowerPotion"},{"floor":40,"key":"Dexterity Potion"},{"floor":41,"key":"DuplicationPotion"},{"floor":44,"key":"Block Potion"},{"floor":45,"key":"Strength Potion"}],"is_trial":false,"path_per_floor":["M","M","?","M","M","E","M","E","T","R","M","R","M","E","R","B",null,"M","M","$","?","M","E","R","E","T","?","R","?","M","T","R","B",null,"M","M","T","?","M","E","M","R","T","M","M","M","$","E","R","B",null],"character_chosen":"IRONCLAD","items_purchased":["Feel No Pain","Pommel Strike","Whetstone","Ornamental Fan","DollysMirror","Shrug It Off","CultistPotion"],"campfire_rested":0,"item_purchase_floors":[20,20,20,47,47,47,47],"current_hp_per_floor":[80,78,78,80,78,78,77,55,55,55,61,61,67,73,73,47,80,74,58,58,58,64,51,51,57,57,63,63,57,63,63,63,58,80,80,77,77,80,72,64,68,68,68,78,80,80,80,80,80,76],"gold":190,"neow_bonus":"","is_daily":false,"chose_seed":false,"campfire_upgraded":8,"win_rate":0.0,"timestamp":1609439741,"path_taken":["M","M","?","M","M","E","M","E","T","R","?","R","M","E","R","BOSS","M","M","$","?","M","E","R","E","T","?","R","?","M","?","R","BOSS","M","?","?","?","M","E","?","R","T","M","M","M","$","E","R","BOSS"],"items_purchased_type":["Card","Card","Relic","Relic","Relic","Card","Potion"],"build_version":"2020-12-18","purchased_purges":2,"victory":true,"max_hp_per_floor":[80,80,80,80,80,80,80,80,80,80,80,80,80,80,80,80,80,80,80,80,80,80,80,80,80,80,80,80,80,80,80,80,80,80,80,80,80,80,80,80,80,80,80,80,80,80,80,80,80,80],"card_choices":[{"not_picked":["Perfected Strike","Rupture"],"picked":"Dark Embrace","floor":1},{"not_picked":["Armaments","Clash"],"picked":"Carnage","floor":2},{"not_picked":["Perfected Strike","Intimidate"],"picked":"True Grit","floor":4},{"not_picked":["Sword Boomerang","Second Wind"],"picked":"Shockwave","floor":5},{"not_picked":["Battle Trance","Pummel"],"picked":"Fiend Fire","floor":6},{"not_picked":["Clash","Sword Boomerang","Shockwave"],"picked":"SKIP","floor":7},{"not_picked":["Hemokinesis","Clash"],"picked":"Rampage","floor":8},{"not_picked":["True Grit","Bloodletting","Anger"],"picked":"SKIP","floor":11},{"not_picked":["Flex","True Grit"],"picked":"Warcry","floor":13},{"not_picked":["Anger","Iron Wave"],"picked":"Barricade","floor":14},{"not_picked":["Brutality","Barricade"],"picked":"Berserk","floor":16},{"not_picked":["Clash","Sword Boomerang"],"picked":"Shrug It Off+1","floor":18},{"not_picked":["Warcry","Iron Wave"],"picked":"Disarm+1","floor":19},{"not_picked":["Iron Wave+1","Blood for Blood"],"picked":"Second Wind","floor":22},{"not_picked":["Clothesline","Body Slam"],"picked":"Shrug It Off+1","floor":23},{"not_picked":["Clash+1","Carnage"],"picked":"Body Slam","floor":25},{"not_picked":["Sword Boomerang","Body Slam+1"],"picked":"Ghostly Armor","floor":27},{"not_picked":["Flex","Sever Soul+1"],"picked":"Shrug It Off+1","floor":30},{"not_picked":["Demon Form","Feed"],"picked":"Corruption","floor":33},{"not_picked":[],"picked":"Armaments+1","floor":35},{"not_picked":["Twin Strike+1"],"picked":"SKIP","floor":36},{"not_picked":["Armaments+1"],"picked":"SKIP","floor":39},{"not_picked":["Dropkick"],"picked":"SKIP","floor":40},{"not_picked":["Perfected Strike"],"picked":"SKIP","floor":41},{"not_picked":["Armaments+1"],"picked":"SKIP","floor":44},{"not_picked":["Twin Strike+1"],"picked":"SKIP","floor":45},{"not_picked":["Twin Strike+1"],"picked":"SKIP","floor":46},{"not_picked":["Armaments"],"picked":"SKIP","floor":48}],"player_experience":0,"relics_obtained":[{"floor":6,"key":"Ancient Tea Set"},{"floor":8,"key":"Orichalcum"},{"floor":9,"key":"Red Skull"},{"floor":14,"key":"Happy Flower"},{"floor":23,"key":"MawBank"},{"floor":25,"key":"White Beast Statue"},{"floor":26,"key":"Bottled Tornado"},{"floor":27,"key":"Red Mask"},{"floor":31,"key":"Darkstone Periapt"},{"floor":37,"key":"Toy Ornithopter"},{"floor":40,"key":"Oddly Smooth Stone"},{"floor":43,"key":"Bottled Lightning"},{"floor":48,"key":"Juzu Bracelet"}],"event_choices":[{"damage_healed":0,"gold_gain":0,"cards_transformed":["Strike_R"],"player_choice":"Transformed","damage_taken":0,"max_hp_gain":0,"max_hp_loss":0,"event_name":"Transmorgrifier","floor":3,"gold_loss":0,"cards_obtained":["Anger"]},{"damage_healed":0,"gold_gain":0,"player_choice":"Read","damage_taken":0,"max_hp_gain":0,"max_hp_loss":0,"event_name":"The Library","floor":21,"gold_loss":0,"cards_obtained":["Feel No Pain"]},{"damage_healed":0,"gold_gain":0,"player_choice":"Fought Bandits","damage_taken":0,"max_hp_gain":0,"max_hp_loss":0,"event_name":"Masked Bandits","floor":27,"gold_loss":0},{"damage_healed":0,"gold_gain":0,"player_choice":"Joined the Cult","damage_taken":6,"max_hp_gain":0,"max_hp_loss":0,"event_name":"Nest","floor":29,"gold_loss":0,"cards_obtained":["RitualDagger"]},{"damage_healed":3,"gold_gain":0,"player_choice":"Full Heal","damage_taken":0,"max_hp_gain":0,"max_hp_loss":0,"event_name":"Wheel of Change","floor":38,"gold_loss":0}],"is_beta":true,"boss_relics":[{"not_picked":["Cursed Key","Tiny House"],"picked":"Coffee Dripper"},{"not_picked":["Sozu","Black Blood"],"picked":"Busted Crown"}],"items_purged_floors":[20,47],"is_endless":false,"potions_floor_spawned":[4,6,11,14,18,22,27,30,33,35,36,39,40,41,44,45,46,48],"ascension_level":0}}