{"host":"dcj2yvrgcvh5dl2s","time":1609405478,"event":{"mods":["BaseMod","Better Note","Block Reminder","Colored Powertips","DeckTracker","Minty Spire (QoL Compilation)","Quick Restart","Rare Cards Sparkle","Relic Stats","StSLib"],"gold_per_floor":[113,113,25,175,175,218,218,233,233,233,233],"floor_reached":10,"playtime":112,"items_purged":[],"score":169,"play_id":"4a272e2e-7101-4674-a6ad-7537549d2f1b","local_time":"20201231190438","is_ascension_mode":true,"campfire_choices":[{"floor":7,"key":"REST"}],"circlet_count":0,"master_deck":["AscendersBane","Strike_R","Strike_R","Strike_R","Strike_R","Strike_R","Defend_R","Defend_R","Defend_R","Defend_R","Bash","Shockwave","Pummel","Doubt","Clothesline","Heavy Blade"],"relics":["Burning Blood","NeowsBlessing","Golden Idol","Ornamental Fan","Bottled Flame","InkBottle"],"acts_visited":["Exordium"],"potions_floor_usage":[],"damage_taken":[{"damage":0,"enemies":"Small Slimes","floor":1,"turns":1},{"damage":0,"enemies":"Lagavulin","floor":6,"turns":1},{"damage":0,"enemies":"Jaw Worm","floor":8,"turns":1},{"damage":59,"enemies":"3 Sentries","floor":10,"turns":7}],"seed_played":"-3281298088920020187","potions_obtained":[{"floor":1,"key":"ElixirPotion"}],"is_trial":false,"path_per_floor":["M","?","$","?","?","E","R","M","T","E"],"character_chosen":"IRONCLAD","items_purchased":["Pummel"],"campfire_rested":1,"item_purchase_floors":[3],"current_hp_per_floor":[74,48,48,48,22,28,50,56,56,0,0],"gold":233,"neow_bonus":"THREE_ENEMY_KILL","is_daily":false,"chose_seed":false,"campfire_upgraded":0,"win_rate":0.0,"timestamp":1609405478,"path_taken":["M","?","$","?","?","E","R","M","T","E"],"items_purchased_type":["Card"],"build_version":"2020-12-22","purchased_purges":0,"victory":false,"max_hp_per_floor":[75,75,75,75,75,75,75,75,75,75,75],"relic_stats":{"counters":[4,10],"Golden Idol":12,"Ornamental Fan":[0],"obtain_stats":[{"Bottled Flame":6,"NeowsBlessing":0,"Golden Idol":2,"Ornamental Fan":5,"Burning Blood":0,"InkBottle":9},{"Bottled Flame":2,"NeowsBlessing":0,"Golden Idol":1,"Ornamental Fan":1,"Burning Blood":0,"InkBottle":3},{"Bottled Flame":2,"NeowsBlessing":0,"Golden Idol":1,"Ornamental Fan":1,"Burning Blood":0,"InkBottle":3}],"Burning Blood":18,"InkBottle":[1]},"card_choices":[{"not_picked":["Pommel Strike","Headbutt"],"picked":"Shockwave","floor":1},{"not_picked":["Blood for Blood","Wild Strike"],"picked":"Clothesline","floor":6},{"not_picked":["Twin Strike","Headbutt"],"picked":"Heavy Blade","floor":8}],"player_experience":2126677,"relics_obtained":[{"floor":6,"key":"Bottled Flame"},{"floor":9,"key":"InkBottle"}],"event_choices":[{"damage_healed":0,"gold_gain":0,"player_choice":"Take Damage","damage_taken":26,"relics_obtained":["Golden Idol"],"max_hp_gain":0,"max_hp_loss":0,"event_name":"Golden Idol","floor":2,"gold_loss":0},{"damage_healed":0,"gold_gain":150,"player_choice":"AGREE","damage_taken":0,"max_hp_gain":0,"max_hp_loss":0,"event_name":"Liars Game","floor":4,"gold_loss":0,"cards_obtained":["Doubt"]},{"damage_healed":0,"gold_gain":0,"player_choice":"Success","damage_taken":26,"relics_obtained":["Ornamental Fan"],"max_hp_gain":0,"max_hp_loss":0,"event_name":"Scrap Ooze","floor":5,"gold_loss":0}],"is_beta":false,"boss_relics":[],"items_purged_floors":[],"is_endless":false,"potions_floor_spawned":[1],"killed_by":"3 Sentries","ascension_level":18}}