{"host":"soyfmymeou4emntr","time":1609443509,"event":{"mods":["BaseMod","Minty Spire (QoL Compilation)","Relic Sorter","Relic Stats","StSLib"],"gold_per_floor":[117,127,44,44,194,219,219,219,219,244,244,263,263,279,279,279,279],"floor_reached":16,"playtime":79848,"items_purged":[],"score":216,"play_id":"db9a606c-7489-4c85-b83d-1d6fa230af02","local_time":"20201231123829","is_ascension_mode":true,"campfire_choices":[{"floor":7,"key":"REST"},{"floor":11,"key":"REST"},{"floor":13,"key":"REST"},{"data":"Disarm","floor":15,"key":"SMITH"}],"circlet_count":0,"master_deck":["AscendersBane","Strike_R","Strike_R","Strike_R","Strike_R","Defend_R","Defend_R","Defend_R","Defend_R","Bash","Spot Weakness","Heavy Blade","Disarm+1","True Grit","Offering","Shockwave"],"relics":["Burning Blood","Omamori","Unceasing Top","Vajra","Matryoshka","Incense Burner"],"acts_visited":["Exordium"],"potions_floor_usage":[10,16],"damage_taken":[{"damage":7.0,"enemies":"Cultist","floor":1.0,"turns":4.0},{"damage":13.0,"enemies":"2 Louse","floor":2.0,"turns":3.0},{"damage":56,"enemies":"Gremlin Nob","floor":6,"turns":5},{"damage":31,"enemies":"Lagavulin","floor":10,"turns":5},{"damage":4,"enemies":"Small Slimes","floor":12,"turns":4},{"damage":8,"enemies":"Looter","floor":14,"turns":3},{"damage":54,"enemies":"Hexaghost","floor":16,"turns":12}],"seed_played":"189776478253282475","potions_obtained":[{"floor":1.0,"key":"LiquidBronze"},{"floor":14,"key":"Swift Potion"}],"is_trial":false,"path_per_floor":["M","M","$","?","?","E","R","?","T","E","R","M","R","M","R","B"],"character_chosen":"IRONCLAD","items_purchased":["Disarm"],"campfire_rested":3,"item_purchase_floors":[3],"current_hp_per_floor":[67,60,60,60,60,10,32,32,32,7,29,31,53,51,51,0,0],"gold":279,"neow_bonus":"RANDOM_COMMON_RELIC","is_daily":false,"chose_seed":false,"campfire_upgraded":1,"win_rate":0.0,"timestamp":1609443509,"path_taken":["M","?","$","?","?","E","R","?","T","E","R","?","R","M","R","BOSS"],"items_purchased_type":["Card"],"build_version":"2020-12-22","purchased_purges":0,"victory":false,"max_hp_per_floor":[75,75,75,75,75,75,75,75,75,75,75,75,75,75,75,75,75],"relic_stats":{"counters":[7,36],"obtain_stats":[{"Matryoshka":9,"Vajra":6,"Omamori":0,"Incense Burner":10,"Burning Blood":0,"Unceasing Top":4},{"Matryoshka":3,"Vajra":3,"Omamori":0,"Incense Burner":4,"Burning Blood":0,"Unceasing Top":2},{"Matryoshka":12,"Vajra":12,"Omamori":0,"Incense Burner":17,"Burning Blood":0,"Unceasing Top":7}],"Burning Blood":36,"Unceasing Top":[0]},"card_choices":[{"not_picked":["Bloodletting","Twin Strike"],"picked":"Spot Weakness","floor":1.0},{"not_picked":["Bloodletting","Clash"],"picked":"Heavy Blade","floor":2.0},{"not_picked":["Perfected Strike","Flex","Dark Embrace"],"picked":"SKIP","floor":6},{"not_picked":["Perfected Strike","Thunderclap"],"picked":"True Grit","floor":10},{"not_picked":["Heavy Blade","Clash"],"picked":"Offering","floor":12},{"not_picked":["Sever Soul","Iron Wave"],"picked":"Shockwave","floor":14}],"player_experience":2644845,"relics_obtained":[{"floor":6,"key":"Vajra"},{"floor":9,"key":"Matryoshka"},{"floor":10,"key":"Incense Burner"}],"event_choices":[{"damage_healed":0.0,"max_hp_gain":0.0,"max_hp_loss":0.0,"gold_gain":0.0,"event_name":"Big Fish","player_choice":"Box","floor":4.0,"gold_loss":0.0,"damage_taken":0.0,"relics_obtained":["Unceasing Top"],"cards_obtained":["Regret"]},{"damage_healed":0.0,"max_hp_gain":0.0,"max_hp_loss":0.0,"gold_gain":150.0,"event_name":"Liars Game","player_choice":"AGREE","floor":5.0,"gold_loss":0.0,"damage_taken":0.0,"cards_obtained":["Doubt"]},{"cards_removed":["Strike_R"],"damage_healed":0,"gold_gain":0,"player_choice":"Offered Basic","damage_taken":0,"max_hp_gain":0,"max_hp_loss":0,"event_name":"Bonfire Elementals","floor":8,"gold_loss":0}],"is_beta":false,"boss_relics":[],"items_purged_floors":[],"is_endless":false,"potions_floor_spawned":[1,14],"killed_by":"Hexaghost","ascension_level":20}}