{"host":"p6y17sixyu8q9v1f","time":1609393914,"event":{"mods":["BaseMod","Colored Map","Minty Spire (QoL Compilation)"],"gold_per_floor":[118,118,118,130,149,149,181,181,481,481,203,203,230,245,245,346,346,365,365,365,137,137,137,137,137],"floor_reached":24,"playtime":1192,"items_purged":["Strike_R","Strike_R"],"score":278,"play_id":"921fa4db-4487-4728-841e-9ce4d90b9fc6","local_time":"20201230235154","is_ascension_mode":true,"campfire_choices":[{"data":"Flex","floor":6,"key":"SMITH"},{"floor":15,"key":"REST"},{"data":"Armaments","floor":23,"key":"SMITH"}],"circlet_count":0,"master_deck":["Strike_R","Strike_R","Defend_R+1","Defend_R","Defend_R","Defend_R","Bash","Flex+1","Flex+1","Anger+1","Cleave","Rupture","Armaments+1","Feed","Flex","Bloodletting","Iron Wave"],"relics":["Burning Blood","Calipers","Magic Flower","Old Coin","Boot","Juzu Bracelet","Philosopher\u0027s Stone"],"acts_visited":["Exordium","TheCity"],"potions_floor_usage":[20],"damage_taken":[{"damage":4,"enemies":"Jaw Worm","floor":1,"turns":4},{"damage":1,"enemies":"Cultist","floor":4,"turns":3},{"damage":0,"enemies":"Small Slimes","floor":5,"turns":3},{"damage":40,"enemies":"3 Sentries","floor":7,"turns":10},{"damage":28,"enemies":"Gremlin Nob","floor":13,"turns":4},{"damage":6,"enemies":"3 Louse","floor":14,"turns":2},{"damage":32,"enemies":"The Guardian","floor":16,"turns":14},{"damage":48,"enemies":"Spheric Guardian","floor":18,"turns":6},{"damage":16,"enemies":"Shell Parasite","floor":20,"turns":4},{"damage":48,"enemies":"Gremlin Leader","floor":24,"turns":4}],"seed_played":"-7001332430170389095","potions_obtained":[{"floor":13,"key":"BlessingOfTheForge"},{"floor":14,"key":"SmokeBomb"}],"is_trial":false,"path_per_floor":["M","?","?","M","M","R","E","?","T","?","$","?","E","M","R","B",null,"M","?","M","$","?","R","E"],"character_chosen":"IRONCLAD","items_purchased":["Boot","Cleave","Bloodletting","Iron Wave"],"campfire_rested":1,"item_purchase_floors":[11,11,21,21],"current_hp_per_floor":[88,81,81,86,88,88,54,47,47,29,29,29,10,13,39,16,70,36,18,11,11,43,43,0,0],"gold":137,"neow_bonus":"TEN_PERCENT_HP_BONUS","is_daily":false,"chose_seed":false,"campfire_upgraded":2,"win_rate":0.0,"timestamp":1609393914,"path_taken":["M","?","?","M","?","R","E","?","T","?","$","?","E","M","R","BOSS","M","?","M","$","?","R","E"],"items_purchased_type":["Relic","Card","Card","Card"],"build_version":"2020-12-22","purchased_purges":2,"victory":false,"max_hp_per_floor":[88,88,88,88,88,88,88,88,88,88,88,88,88,88,88,88,88,91,96,96,96,96,96,96,96],"card_choices":[{"not_picked":["Clothesline","Clash"],"picked":"Flex","floor":1},{"not_picked":["Flame Barrier","Dual Wield"],"picked":"Flex","floor":4},{"not_picked":["Shockwave","Perfected Strike"],"picked":"Anger","floor":5},{"not_picked":["Clothesline","Sentinel","Wild Strike"],"picked":"SKIP","floor":7},{"not_picked":["Anger","Perfected Strike"],"picked":"Rupture","floor":13},{"not_picked":["Dropkick","Warcry"],"picked":"Armaments","floor":14},{"not_picked":["Immolate","Barricade"],"picked":"Feed","floor":16},{"not_picked":["Reckless Charge","Shrug It Off"],"picked":"Flex","floor":18}],"player_experience":799324,"relics_obtained":[{"floor":7,"key":"Calipers"},{"floor":9,"key":"Old Coin"},{"floor":13,"key":"Juzu Bracelet"}],"event_choices":[{"cards_removed":["Strike_R"],"damage_healed":0,"gold_gain":0,"player_choice":"Card Removal","damage_taken":7,"max_hp_gain":0,"max_hp_loss":0,"event_name":"Golden Wing","floor":2,"gold_loss":0},{"damage_healed":0,"gold_gain":0,"player_choice":"Bought 0 Potions","damage_taken":0,"max_hp_gain":0,"max_hp_loss":0,"event_name":"The Woman in Blue","floor":3,"gold_loss":0},{"damage_healed":0,"gold_gain":0,"player_choice":"Success","damage_taken":7,"relics_obtained":["Magic Flower"],"max_hp_gain":0,"max_hp_loss":0,"event_name":"Scrap Ooze","floor":8,"gold_loss":0},{"damage_healed":0,"gold_gain":0,"player_choice":"Entered Light","damage_taken":18,"max_hp_gain":0,"max_hp_loss":0,"event_name":"Shining Light","floor":10,"gold_loss":0,"cards_upgraded":["Defend_R","Anger"]},{"damage_healed":0,"gold_gain":0,"player_choice":"Grow","damage_taken":0,"max_hp_gain":0,"max_hp_loss":0,"event_name":"Living Wall","floor":12,"gold_loss":0,"cards_upgraded":["Flex"]},{"damage_healed":0,"gold_gain":0,"player_choice":"Shed Blood","damage_taken":23,"max_hp_gain":5,"max_hp_loss":0,"event_name":"Forgotten Altar","floor":19,"gold_loss":0},{"damage_healed":32,"gold_gain":0,"player_choice":"Heal","damage_taken":0,"max_hp_gain":0,"max_hp_loss":0,"event_name":"The Library","floor":22,"gold_loss":0}],"is_beta":false,"boss_relics":[{"not_picked":["Runic Pyramid","Snecko Eye"],"picked":"Philosopher\u0027s Stone"}],"items_purged_floors":[11,21],"is_endless":false,"potions_floor_spawned":[13,14],"killed_by":"Gremlin Leader","ascension_level":5}}