{"host":"t7kiqd0mabx5u6gq","time":1609386208,"event":{"mods":["AchievementEnabler","Aspiration","BaseMod","Conspire","Dota2Spire","GifTheSpireLib","Halation","Hubris","Infinite Spire","Minty Spire (QoL Compilation)","Quarter Circle Forward PUNCH!","Quick Restart","Replay The Spire","StSLib","Stuff the Spire","vexMod"],"gold_per_floor":[118,118,118,218,236,266,27,57,81,81,97,21,33,60,60,163,163,181,194,154,169,169,200,200,200,252,94,107,107,140,150,150,248,248,276,305,339,339,339,396,396,447,447,447,651,721,779,779,779,929,929,987,987,590,626,672,719,719,770,795,834,884,884,884,944,944,1051,1051,1085,1127,1029,1053,1103,1157,1157,1157,1181,952,987,1034,1034,1114,1114,1203,1203,1251,1051,1096,971,1087,1087,1129,1129,1129,1201,1201,1267,1267,1359,1359,1346,1346],"floor_reached":101,"playtime":4181,"items_purged":["Regret","hubris:Sloth","Looming Evil"],"score":3928,"play_id":"0a9e6fb9-9c98-49e5-9644-5ba461f99cd7","local_time":"20201230194328","is_ascension_mode":true,"campfire_choices":[{"data":"StuffTheSpire:Shiver","floor":15,"key":"SMITH"},{"data":"ReplayTheSpireMod:Scrap Shanks","floor":29,"key":"SMITH"},{"data":"After Image","floor":44,"key":"SMITH"},{"data":"Tactician","floor":49,"key":"SMITH"},{"data":"A Thousand Cuts","floor":58,"key":"SMITH"},{"data":"Underhanded Strike","floor":64,"key":"SMITH"},{"data":"Concentrate","floor":66,"key":"SMITH"},{"data":"Acrobatics","floor":81,"key":"SMITH"},{"data":"Good Instincts","floor":83,"key":"SMITH"},{"data":"Dagger Throw","floor":91,"key":"SMITH"},{"data":"Accuracy","floor":96,"key":"SMITH"},{"data":"infinitespire:Punishment","floor":100,"key":"SMITH"}],"circlet_count":0,"master_deck":["Strike_G","Strike_G","Strike_G","Strike_G","Defend_G","Defend_G","Defend_G","Defend_G","Defend_G","Survivor+1","Neutralize","StuffTheSpire:DoubleShiv+1","Escape Plan+1","Dagger Throw","Swift Strike","Accuracy+1","StuffTheSpire:Python+1","Backstab","StuffTheSpire:Shiver+1","Cloak And Dagger","After Image+1","StuffTheSpire:Python","Hidden Blade","Backflip+1","Dagger Throw","Tactician+1","ReplayTheSpireMod:Scrap Shanks+1","Good Instincts+1","Tactician+1","Backflip","Slice+1","After Image+1","Acrobatics+1","Prepared+1","Flying Knee+1","Concentrate+1","A Thousand Cuts+1","Blur+1","StuffTheSpire:ReptileScales+1","Escape Plan+1","Burst+1","Acrobatics+1","Blade Dance+1","Distraction+1","Underhanded Strike+1","Tactician+1","Outmaneuver+1","Dodge and Roll+1","Amnesia","Adrenaline+1","AbeCurse","Footwork+1","Dagger Throw","Discovery+1","Flying Knee","hubris:Sniper+1","Reflex+1","Pot Of Greed+1","Pot Of Greed+1","Pot Of Greed+1","Pot Of Greed+1","Pot Of Greed+1","Shame","Pot Of Greed+1","Adrenaline+1","Dagger Throw+1","Prepared+1","Clumsy","Reflex+1","Expertise+1","Decay","infinitespire:Collect+1","Corpse Explosion+1","Cloak And Dagger+1","Sickly","conspire:SpireCoStock+1","conspire:SpireCoStock+1","conspire:SpireCoStock+1","conspire:SpireCoStock+1","Pot Of Greed+1","Prepared+1","ReplayTheSpireMod:IOU","Cloak And Dagger+1","Outmaneuver+1","hubris:Despair","Prepared+1","Envenom","Replay:Hysterical Blindness","Normality","Parasite","Pot Of Greed+1","infinitespire:Punishment+1","StuffTheSpire:DoubleShiv+1"],"relics":["Ring of the Snake","NeowsBlessing","Dota2Spire:DrumOfEndurance","ReplayFunnel","Oddly Smooth Stone","Dota2Spire:PhaseBoots","Dota2Spire:BladeMail","Replay:Rubber Ducky","Dota2Spire:RefresherOrb","MutagenicStrength","vexMod:ScavengeHelm","hubris:Backtick","Ice Cream","Dota2Spire:MagicBottle","Toy Ornithopter","Replay:Baseball","Replay:Blank Codex","infinitespire:EvilPickle","StuffTheSpire:RunicHypercube","halation:PapillonHeart","hubris:Towel","PreservedInsect","halation:PinkSoulGem","Dota2Spire:ArcaneBoots","qcfpunch:Wrestler\u0027s_Cloak","Toxic Egg 2","conspire:BottledYoYo","infinitespire:Cupcake","aspiration:StickyExplosives_weak","infinitespire:PuzzleCube","StuffTheSpire:HeavyRock","hubris:MedicalManual","Orichalcum","Ring of Greed","Ring of Fangs","Smiling Mask","Membership Card","Abe\u0027s Treasure","qcfpunch:Necklace_of_Skulls","aspiration:SeaSaltIceCream","Grinning Jar","hubris:CuriousFeather","Pen Nib","Nunchaku","halation:LettersToHer","Juzu Bracelet","WristBlade","War Paint","infinitespire:Lucky Rock","StuffTheSpire:ForceGauntlet"],"acts_visited":["Exordium","TheCity","TheBeyond","Exordium","TheCity","TheBeyond"],"potions_floor_usage":[14,23,23,33,36,36,40,50,57,57,67,67,67,67,72,80,80,82,86,90,101,101],"damage_taken":[{"damage":0,"enemies":"Small Slimes","floor":1,"turns":1},{"damage":0,"enemies":"2 Louse","floor":5,"turns":1},{"damage":0,"enemies":"Lagavulin","floor":6,"turns":1},{"damage":18,"enemies":"3 Sentries","floor":8,"turns":14},{"damage":0,"enemies":"Cultist","floor":11,"turns":3},{"damage":0,"enemies":"Large Slime","floor":13,"turns":5},{"damage":1,"enemies":"Lagavulin","floor":14,"turns":7},{"damage":6,"enemies":"Hexaghost","floor":16,"turns":10},{"damage":0,"enemies":"3 Byrds","floor":18,"turns":5},{"damage":0,"enemies":"Chosen","floor":19,"turns":4},{"damage":16,"enemies":"3 Cultists","floor":21,"turns":6},{"damage":0,"enemies":"Book of Stabbing","floor":23,"turns":5},{"damage":0,"enemies":"Snecko","floor":28,"turns":4},{"damage":0,"enemies":"conspire:SneckoGhost","floor":30,"turns":11},{"damage":0,"enemies":"conspire:HollyBat","floor":31,"turns":7},{"damage":2,"enemies":"Pondfish","floor":33,"turns":9},{"damage":1,"enemies":"3 Shapes","floor":35,"turns":3},{"damage":0,"enemies":"3 Darklings","floor":36,"turns":2},{"damage":19,"enemies":"Sphere and 2 Shapes","floor":37,"turns":4},{"damage":0,"enemies":"R_Hoarder","floor":40,"turns":6},{"damage":0,"enemies":"Nightmare","floor":42,"turns":6},{"damage":0,"enemies":"Giant Head","floor":46,"turns":5},{"damage":0,"enemies":"Transient","floor":47,"turns":5},{"damage":0,"enemies":"Donu and Deca","floor":50,"turns":4},{"damage":0,"enemies":"2 Louse","floor":52,"turns":2},{"damage":0,"enemies":"Jaw Worm","floor":55,"turns":2},{"damage":0,"enemies":"Small Slimes","floor":56,"turns":2},{"damage":0,"enemies":"3 Sentries","floor":57,"turns":2},{"damage":0,"enemies":"Gremlin Nob","floor":59,"turns":3},{"damage":0,"enemies":"Exordium Thugs","floor":61,"turns":2},{"damage":0,"enemies":"Exordium Wildlife","floor":65,"turns":2},{"damage":0,"enemies":"Slime Boss","floor":67,"turns":2},{"damage":0,"enemies":"Chosen","floor":69,"turns":4},{"damage":0,"enemies":"Shell Parasite","floor":70,"turns":3},{"damage":0,"enemies":"Snecko","floor":72,"turns":3},{"damage":0,"enemies":"Centurion and Healer","floor":73,"turns":2},{"damage":0,"enemies":"Gremlin Leader","floor":74,"turns":3},{"damage":0,"enemies":"3 Cultists","floor":79,"turns":3},{"damage":0,"enemies":"Nightmare","floor":80,"turns":1},{"damage":0,"enemies":"Slavers","floor":82,"turns":2},{"damage":2,"enemies":"Champ","floor":84,"turns":3},{"damage":0,"enemies":"3 Darklings","floor":86,"turns":1},{"damage":0,"enemies":"Orb Walker","floor":88,"turns":1},{"damage":30,"enemies":"3 Darklings","floor":90,"turns":3},{"damage":0,"enemies":"Spire Growth","floor":92,"turns":2},{"damage":0,"enemies":"Jaw Worm Horde","floor":95,"turns":2},{"damage":0,"enemies":"Nemesis","floor":97,"turns":5},{"damage":0,"enemies":"Sphere and 2 Shapes","floor":99,"turns":1},{"damage":0,"enemies":"Time Eater","floor":101,"turns":3}],"seed_played":"8686499771914202745","potions_obtained":[{"floor":8,"key":"Block Potion"},{"floor":13,"key":"Explosive Potion"},{"floor":14,"key":"ColorlessPotion"},{"floor":16,"key":"FairyPotion"},{"floor":30,"key":"Reflective Coating"},{"floor":33,"key":"Energy Potion"},{"floor":35,"key":"Strength Potion"},{"floor":37,"key":"Elixir"},{"floor":46,"key":"SteroidPotion"},{"floor":50,"key":"Adrenaline Potion"},{"floor":56,"key":"Fire Potion"},{"floor":57,"key":"Dota2Spire:HealingSalve"},{"floor":63,"key":"EntropicBrew"},{"floor":63,"key":"LifebloodPotion"},{"floor":67,"key":"Dota2Spire:Clarity"},{"floor":69,"key":"GamblersBrew"},{"floor":72,"key":"LiquidBronze"},{"floor":73,"key":"GamblersBrew"},{"floor":80,"key":"SteroidPotion"},{"floor":82,"key":"Dota2Spire:Clarity"},{"floor":86,"key":"SteroidPotion"},{"floor":92,"key":"Weak Potion"},{"floor":99,"key":"DuplicationPotion"}],"is_trial":false,"path_per_floor":["M","?","?","?","M","E","$","E","T","?","M","$","M","E","R","B",null,"M","M","?","M","?","E","?","AVR","T","$","M","R","E","M","R","B",null,"M","M","M","?","?","E","?","NM","T","R","?","E","M","T","R","B",null,"M","?","$","M","M","E","R","E","T","M","?","?","R","M","R","B",null,"M","M","$","M","M","E","T","?","T","$","M","NM","R","E","R","B",null,"M","?","M","$","M","R","M","?","T","M","R","E","?","M","R","B"],"character_chosen":"THE_SILENT","items_purchased":["Oddly Smooth Stone","Swift Strike","Backstab","ReplayTheSpireMod:Scrap Shanks","Good Instincts","aspiration:StickyExplosives_weak","infinitespire:PuzzleCube","Discovery+1","Nunchaku","Adrenaline+1","Dagger Throw","War Paint"],"campfire_rested":0,"item_purchase_floors":[7,7,12,27,27,54,54,71,78,78,78,89],"current_hp_per_floor":[63,51,54,54,54,54,54,36,36,36,36,36,36,35,35,29,62,62,62,62,46,46,46,46,46,46,46,55,55,73,73,57,60,70,69,73,54,54,54,69,69,69,69,69,52,64,64,64,64,69,69,69,69,69,69,69,69,69,69,69,69,69,69,69,69,69,69,69,69,69,69,69,69,69,69,69,69,69,69,69,69,69,69,67,69,69,69,69,69,39,39,39,39,39,42,42,54,54,54,54,67,67],"gold":1346,"neow_bonus":"THREE_ENEMY_KILL","is_daily":false,"chose_seed":false,"campfire_upgraded":12,"win_rate":0.0,"timestamp":1609386208,"path_taken":["M","?","?","?","?","E","$","E","T","?","?","?","?","E","R","BOSS","M","M","?","?","?","E","?","AVR","T","$","M","R","E","M","R","BOSS","M","M","M","?","?","E","?","NM","T","R","?","E","M","?","R","BOSS","M","?","$","M","M","E","R","E","T","M","?","?","R","M","R","BOSS","M","M","$","M","M","E","?","?","T","$","M","NM","R","E","R","BOSS","M","?","M","$","M","R","M","?","T","M","R","E","?","M","R","BOSS"],"items_purchased_type":["Relic","Card","Card","Card","Card","Relic","Relic","Card","Relic","Card","Card","Relic"],"build_version":"2020-12-22","purchased_purges":3,"victory":false,"max_hp_per_floor":[70,70,73,73,73,73,73,73,73,73,73,73,73,73,73,73,73,73,73,73,73,73,73,73,73,73,73,73,73,73,73,73,73,73,73,73,73,69,69,69,69,69,69,69,69,69,69,69,69,69,69,69,69,69,69,69,69,69,69,69,69,69,69,69,69,69,69,69,69,69,69,69,69,69,69,69,69,69,69,69,69,69,69,69,69,69,69,69,69,69,69,69,69,69,69,69,69,69,69,69,69,69],"card_choices":[{"not_picked":["Deadly Poison","StuffTheSpire:BrimstoneBlast"],"picked":"StuffTheSpire:DoubleShiv","floor":1},{"not_picked":["Skewer","Poisoned Stab"],"picked":"Escape Plan","floor":5},{"not_picked":["PiercingWail","Infinite Blades"],"picked":"Dagger Throw","floor":6},{"not_picked":["Dagger Throw","Flechettes"],"picked":"Accuracy","floor":8},{"not_picked":["hubris:SlightOfHand","Dagger Spray"],"picked":"StuffTheSpire:Python","floor":11},{"not_picked":["Backflip","Masterful Stab"],"picked":"StuffTheSpire:Shiver","floor":13},{"not_picked":["Masterful Stab","StuffTheSpire:BumpUp"],"picked":"Cloak And Dagger","floor":14},{"not_picked":["Burst","Phantasmal Killer"],"picked":"After Image","floor":16},{"not_picked":["hubris:SlightOfHand","StuffTheSpire:Injection"],"picked":"StuffTheSpire:Python","floor":18},{"not_picked":["Outmaneuver","Eviscerate"],"picked":"Hidden Blade","floor":19},{"not_picked":["Masterful Stab","StuffTheSpire:Injection+1"],"picked":"Backflip+1","floor":21},{"not_picked":["Backflip","Sneak Up"],"picked":"Dagger Throw","floor":23},{"not_picked":["Well Laid Plans","Outmaneuver"],"picked":"Tactician+1","floor":28},{"not_picked":["StuffTheSpire:MirrorStance+1","Slice"],"picked":"Backflip","floor":30},{"not_picked":["Well Laid Plans","Sucker Punch"],"picked":"Slice+1","floor":31},{"not_picked":["ReplayTheSpireMod:From All Sides","Replay:Bag of Tricks"],"picked":"After Image","floor":33},{"not_picked":["StuffTheSpire:BumpUp+1","StuffTheSpire:ClusterCrunch"],"picked":"Acrobatics","floor":35},{"not_picked":["Outmaneuver+1","Glass Knife"],"picked":"Prepared+1","floor":36},{"not_picked":["PiercingWail+1","Bane+1"],"picked":"Flying Knee+1","floor":37},{"not_picked":["Dodge and Roll+1","Crippling Poison+1"],"picked":"Concentrate","floor":40},{"not_picked":["Tactician","Dagger Spray"],"picked":"A Thousand Cuts","floor":42},{"not_picked":["Blade Dance","Toxin Wave"],"picked":"Blur+1","floor":45},{"not_picked":["Dagger Spray","Blade Dance+1"],"picked":"StuffTheSpire:ReptileScales+1","floor":46},{"not_picked":["Dagger Spray+1","Deflect+1"],"picked":"Escape Plan+1","floor":47},{"not_picked":["Poison Darts+1","Corpse Explosion+1"],"picked":"Burst+1","floor":50},{"not_picked":["Dagger Throw","Flying Knee"],"picked":"Acrobatics+1","floor":52},{"not_picked":["Backflip+1","Hidden Blade+1"],"picked":"Blade Dance+1","floor":55},{"not_picked":["Deadly Poison+1","Deflect+1"],"picked":"Distraction+1","floor":56},{"not_picked":["Poisoned Stab","StuffTheSpire:BumpUp"],"picked":"Underhanded Strike","floor":57},{"not_picked":["StuffTheSpire:MirrorStance+1","Backstab"],"picked":"Tactician+1","floor":59},{"not_picked":["Sucker Punch","Deflect+1"],"picked":"Outmaneuver+1","floor":61},{"not_picked":["Bouncing Flask+1","Deflect+1"],"picked":"Dodge and Roll+1","floor":65},{"not_picked":["StuffTheSpire:FinalStruggle","Malaise+1"],"picked":"Adrenaline+1","floor":67},{"not_picked":["Sucker Punch","Backflip+1"],"picked":"Footwork","floor":69},{"not_picked":["StuffTheSpire:BumpUp","StuffTheSpire:Python+1"],"picked":"Dagger Throw","floor":70},{"not_picked":["StuffTheSpire:Injection","Bane"],"picked":"Flying Knee","floor":72},{"not_picked":["Hidden Blade+1","Backflip+1"],"picked":"hubris:Sniper+1","floor":73},{"not_picked":["StuffTheSpire:BrimstoneBlast","Footwork"],"picked":"Reflex+1","floor":74},{"not_picked":["Catalyst+1","ReplayTheSpireMod:The Works+1"],"picked":"Prepared+1","floor":79},{"not_picked":["Bouncing Flask+1","Flying Knee"],"picked":"Reflex+1","floor":80},{"not_picked":["Deadly Poison+1","Skewer"],"picked":"Expertise+1","floor":82},{"not_picked":["ReplayTheSpireMod:Black Plague","infinitespire:FinalStrike"],"picked":"infinitespire:Collect","floor":84},{"not_picked":["Tools of the Trade","A Thousand Cuts"],"picked":"Corpse Explosion+1","floor":84},{"not_picked":["StuffTheSpire:ClusterCrunch","Hidden Blade+1"],"picked":"Cloak And Dagger+1","floor":86},{"not_picked":["Flying Knee+1","StuffTheSpire:Python+1"],"picked":"Prepared+1","floor":88},{"not_picked":["Slice+1","PiercingWail+1"],"picked":"Cloak And Dagger+1","floor":90},{"not_picked":["StuffTheSpire:BrimstoneBlast","Leg Sweep+1"],"picked":"Outmaneuver+1","floor":92},{"not_picked":["Poisoned Stab","Slice"],"picked":"Prepared+1","floor":95},{"not_picked":["Infinite Blades","Crippling Poison+1"],"picked":"Envenom","floor":97},{"not_picked":["ReplayTheSpireMod:Echoes of Time","infinitespire:Starlight"],"picked":"infinitespire:Punishment","floor":98},{"not_picked":["StuffTheSpire:ClusterCrunch","Blade Dance+1"],"picked":"StuffTheSpire:DoubleShiv+1","floor":99}],"player_experience":566407,"relics_obtained":[{"floor":6,"key":"ReplayFunnel"},{"floor":8,"key":"Dota2Spire:PhaseBoots"},{"floor":9,"key":"Dota2Spire:BladeMail"},{"floor":14,"key":"Replay:Rubber Ducky"},{"floor":23,"key":"vexMod:ScavengeHelm"},{"floor":26,"key":"Toy Ornithopter"},{"floor":30,"key":"Replay:Baseball"},{"floor":32,"key":"Replay:Blank Codex"},{"floor":40,"key":"PreservedInsect"},{"floor":42,"key":"Dota2Spire:ArcaneBoots"},{"floor":43,"key":"qcfpunch:Wrestler\u0027s_Cloak"},{"floor":46,"key":"Toxic Egg 2"},{"floor":48,"key":"conspire:BottledYoYo"},{"floor":57,"key":"StuffTheSpire:HeavyRock"},{"floor":59,"key":"hubris:MedicalManual"},{"floor":60,"key":"Orichalcum"},{"floor":62,"key":"Ring of Greed"},{"floor":62,"key":"Ring of Fangs"},{"floor":62,"key":"Smiling Mask"},{"floor":62,"key":"Membership Card"},{"floor":74,"key":"qcfpunch:Necklace_of_Skulls"},{"floor":75,"key":"aspiration:SeaSaltIceCream"},{"floor":77,"key":"Pen Nib"},{"floor":80,"key":"halation:LettersToHer"},{"floor":82,"key":"Juzu Bracelet"},{"floor":94,"key":"halation:LettersToHer"},{"floor":94,"key":"infinitespire:Lucky Rock"},{"floor":97,"key":"StuffTheSpire:ForceGauntlet"}],"event_choices":[{"damage_healed":0,"gold_gain":0,"player_choice":"Success","damage_taken":12,"relics_obtained":["Dota2Spire:DrumOfEndurance"],"max_hp_gain":0,"max_hp_loss":0,"event_name":"Scrap Ooze","floor":2,"gold_loss":0},{"damage_healed":0,"gold_gain":100,"player_choice":"Gold","damage_taken":0,"max_hp_gain":0,"max_hp_loss":0,"event_name":"Wheel of Change","floor":4,"gold_loss":0},{"cards_removed":["Strike_G"],"damage_healed":0,"gold_gain":0,"player_choice":"Purged","damage_taken":0,"max_hp_gain":0,"max_hp_loss":0,"event_name":"Purifier","floor":10,"gold_loss":0},{"damage_healed":0,"gold_gain":0,"player_choice":"Upgraded Two","damage_taken":0,"max_hp_gain":0,"max_hp_loss":0,"event_name":"Designer","floor":20,"gold_loss":40,"cards_upgraded":["Escape Plan","After Image"]},{"damage_healed":0,"gold_gain":0,"player_choice":"Inject Mutagens","damage_taken":0,"relics_obtained":["MutagenicStrength"],"max_hp_gain":0,"max_hp_loss":0,"event_name":"Drug Dealer","floor":22,"gold_loss":0},{"damage_healed":0,"gold_gain":0,"player_choice":"Read","damage_taken":0,"max_hp_gain":0,"max_hp_loss":0,"event_name":"The Library","floor":24,"gold_loss":0,"cards_obtained":["Tactician"]},{"damage_healed":0,"gold_gain":0,"player_choice":"Obtained Book","damage_taken":16,"max_hp_gain":0,"max_hp_loss":0,"event_name":"Cursed Tome","floor":32,"gold_loss":0},{"damage_healed":0,"gold_gain":0,"player_choice":"Disagree","damage_taken":0,"max_hp_gain":0,"max_hp_loss":0,"event_name":"conspire:LoneGhost","floor":53,"gold_loss":0},{"damage_healed":0,"gold_gain":0,"player_choice":"Got Potions","damage_taken":0,"max_hp_gain":0,"max_hp_loss":0,"event_name":"Lab","floor":63,"gold_loss":0},{"damage_healed":0,"gold_gain":0,"player_choice":"Stole Relic","damage_taken":0,"relics_obtained":["hubris:CuriousFeather"],"max_hp_gain":0,"max_hp_loss":0,"event_name":"Addict","floor":76,"gold_loss":0,"cards_obtained":["Shame"]},{"damage_healed":0,"gold_gain":0,"player_choice":"Invest 4","damage_taken":0,"max_hp_gain":0,"max_hp_loss":0,"event_name":"conspire:Investor","floor":87,"gold_loss":0}],"is_beta":false,"boss_relics":[{"not_picked":["halation:LoveArrow","Ring of Chaos"],"picked":"Dota2Spire:RefresherOrb"},{"not_picked":["conspire:SeveredTorchhead","hubris:Stopwatch"],"picked":"StuffTheSpire:RunicHypercube"},{"not_picked":["aspiration:PoetsPen_weak","ReplayTheSpireMod:SealedPack"],"picked":"infinitespire:Cupcake"},{"not_picked":["hubris:CrackedHourglass","hubris:BlackHole"],"picked":"Abe\u0027s Treasure"},{"not_picked":["conspire:RunicOctahedron","Coffee Dripper"],"picked":"WristBlade"}],"items_purged_floors":[71,78,89],"is_endless":true,"potions_floor_spawned":[8,13,14,16,21,30,33,35,37,46,50,56,57,65,67,69,72,73,80,82,86,92,99],"killed_by":"Time Eater","ascension_level":9}}