{"host":"5fpb1gzflhq9886n","time":1609445988,"event":{"mods":["AchievementEnabler","BaseMod","Colored Map","Colored Powertips","Minty Spire (QoL Compilation)","Permanent Neow"],"gold_per_floor":[113,388,398,398,415,441,441,469,539,34,34,62,62,11,11,115,115,126,126,141,141,141,141],"floor_reached":22,"playtime":1285,"items_purged":[],"score":313,"play_id":"b859d315-4c68-4ef3-9ee1-dfa9c261e4a1","local_time":"20201231151948","is_ascension_mode":true,"campfire_choices":[{"data":"Eruption","floor":11,"key":"SMITH"},{"floor":13,"key":"REST"},{"data":"Fasting2","floor":15,"key":"SMITH"}],"circlet_count":0,"master_deck":["Strike_P","Strike_P","Strike_P","Strike_P","Defend_P","Defend_P","Defend_P","Defend_P","Eruption+1","Vigilance","Evaluate","Fasting2+1","FlyingSleeves","FollowUp","WaveOfTheHand","Indignation","Halt","Blasphemy","Conclude","Alpha","Ghostly","Ghostly","Ghostly","Ghostly","Ghostly"],"relics":["PureWater","NeowsBlessing","TungstenRod","MealTicket","Bottled Tornado","StrikeDummy","Medical Kit","Orichalcum","Sozu"],"acts_visited":["Exordium","TheCity"],"potions_floor_usage":[6,8,8],"damage_taken":[{"damage":0,"enemies":"Jaw Worm","floor":1,"turns":1},{"damage":0,"enemies":"Cultist","floor":3,"turns":1},{"damage":0,"enemies":"Small Slimes","floor":5,"turns":2},{"damage":52,"enemies":"Gremlin Nob","floor":6,"turns":4},{"damage":28,"enemies":"3 Sentries","floor":8,"turns":7},{"damage":23,"enemies":"Gremlin Nob","floor":12,"turns":3},{"damage":0,"enemies":"Slime Boss","floor":16,"turns":5},{"damage":17,"enemies":"3 Byrds","floor":18,"turns":5},{"damage":12,"enemies":"2 Thieves","floor":20,"turns":3},{"damage":53,"enemies":"Cultist and Chosen","floor":22,"turns":7}],"seed_played":"6087649774607858001","potions_obtained":[{"floor":1,"key":"Fire Potion"},{"floor":3,"key":"PowerPotion"},{"floor":6,"key":"CultistPotion"},{"floor":16,"key":"Ancient Potion"}],"is_trial":false,"path_per_floor":["M","?","M","?","M","E","?","E","T","$","R","E","R","$","R","B",null,"M","?","M","?","M"],"character_chosen":"WATCHER","items_purchased":["WaveOfTheHand","StrikeDummy","MentalFortress","Medical Kit","Halt"],"campfire_rested":1,"item_purchase_floors":[10,10,10,10,14],"current_hp_per_floor":[72,72,72,72,72,20,72,44,44,59,59,36,57,72,72,72,72,55,55,43,36,0,0],"gold":141,"neow_bonus":"THREE_ENEMY_KILL","is_daily":false,"chose_seed":false,"campfire_upgraded":2,"win_rate":0.0,"timestamp":1609445988,"path_taken":["M","?","?","?","?","E","?","E","T","$","R","E","R","?","R","BOSS","M","?","?","?","M"],"items_purchased_type":["Card","Relic","Card","Relic","Card"],"build_version":"2020-12-22","purchased_purges":0,"victory":false,"max_hp_per_floor":[72,72,72,72,72,72,72,72,72,72,72,72,72,72,72,72,72,72,72,72,36,36,36],"card_choices":[{"not_picked":["ForeignInfluence","WheelKick"],"picked":"Evaluate","floor":1},{"not_picked":["CutThroughFate","Halt"],"picked":"Fasting2","floor":3},{"not_picked":["PathToVictory","ForeignInfluence"],"picked":"FlyingSleeves","floor":5},{"not_picked":["SashWhip","Wish"],"picked":"MentalFortress","floor":6},{"not_picked":["WreathOfFlame","CutThroughFate"],"picked":"FollowUp","floor":8},{"not_picked":["FollowUp","Meditate"],"picked":"Indignation","floor":12},{"not_picked":["Alpha","Wish"],"picked":"Blasphemy","floor":16},{"not_picked":["FlurryOfBlows","FlyingSleeves"],"picked":"Conclude","floor":18},{"not_picked":["Protect","FollowUp","Evaluate"],"picked":"SKIP","floor":20}],"player_experience":643381,"relics_obtained":[{"floor":6,"key":"TungstenRod"},{"floor":8,"key":"MealTicket"},{"floor":9,"key":"Bottled Tornado"},{"floor":12,"key":"Orichalcum"}],"event_choices":[{"damage_healed":0,"gold_gain":275,"player_choice":"Desecrate","damage_taken":0,"max_hp_gain":0,"max_hp_loss":0,"event_name":"Golden Shrine","floor":2,"gold_loss":0,"cards_obtained":["Regret"]},{"cards_removed":["Regret"],"damage_healed":0,"gold_gain":0,"player_choice":"Purged","damage_taken":0,"max_hp_gain":0,"max_hp_loss":0,"event_name":"Purifier","floor":4,"gold_loss":0},{"cards_removed":["MentalFortress"],"damage_healed":52,"gold_gain":0,"player_choice":"Offered Uncommon","damage_taken":0,"max_hp_gain":0,"max_hp_loss":0,"event_name":"Bonfire Elementals","floor":7,"gold_loss":0},{"damage_healed":0,"gold_gain":0,"cards_transformed":["MentalFortress"],"player_choice":"Transformed","damage_taken":0,"max_hp_gain":0,"max_hp_loss":0,"event_name":"Transmorgrifier","floor":19,"gold_loss":0,"cards_obtained":["Alpha"]},{"damage_healed":0,"gold_gain":0,"player_choice":"Became a Ghost","damage_taken":0,"max_hp_gain":0,"max_hp_loss":36,"event_name":"Ghosts","floor":21,"gold_loss":0,"cards_obtained":["Ghostly","Ghostly","Ghostly","Ghostly","Ghostly"]}],"is_beta":false,"boss_relics":[{"not_picked":["Velvet Choker","Calling Bell"],"picked":"Sozu"}],"items_purged_floors":[],"is_endless":false,"potions_floor_spawned":[1,3,6,16],"killed_by":"Cultist and Chosen","ascension_level":3}}