{"host":"ow66nzv2xecjoor3","time":1609435149,"event":{"mods":["BaseMod","Bestiary","Block Reminder","Colored Powertips","Curses Come First","Highlight Path","Keyboard Shortcuts","Minty Spire (QoL Compilation)","Permanent Neow","Relic Stats","StSLib","UnlockEverythingMod"],"gold_per_floor":[111,111,121,135,155,182,182,214,214,233,233,246,265,289,289,365,365,382,393,0,12,24,51,51,80,80,100,50,50,50],"floor_reached":29,"playtime":1461,"items_purged":["Perfected Strike"],"score":583,"play_id":"80b22071-293c-4800-9f9a-de6c1f75c49c","local_time":"20201231111909","is_ascension_mode":true,"campfire_choices":[{"data":"Uppercut","floor":7.0,"key":"SMITH"},{"floor":11.0,"key":"REST"},{"data":"Battle Trance","floor":15,"key":"SMITH"},{"data":"Burning Pact","floor":24,"key":"SMITH"}],"circlet_count":0,"master_deck":["AscendersBane","Bash","Feel No Pain","Uppercut+1","Battle Trance+1","Sword Boomerang","Feed","Burning Pact","Feed+1","Reaper","Infernal Blade","Double Tap","Brutality+1","Pommel Strike","Feel No Pain","Hemokinesis","Perfected Strike","Feel No Pain","Impervious","Burning Pact+1","Havoc+1","Metallicize+1"],"relics":["Mark of Pain","Red Skull","White Beast Statue","The Courier","Pandora\u0027s Box","TheAbacus","Centennial Puzzle","Pen Nib","Frozen Egg 2","Lantern"],"acts_visited":["Exordium","TheCity"],"potions_floor_usage":[16,22,23,25,25,29,29],"damage_taken":[{"damage":3.0,"enemies":"2 Louse","floor":1.0,"turns":3.0},{"damage":4.0,"enemies":"Cultist","floor":3.0,"turns":4.0},{"damage":14.0,"enemies":"Small Slimes","floor":4.0,"turns":3.0},{"damage":10.0,"enemies":"Gremlin Gang","floor":5.0,"turns":4.0},{"damage":8.0,"enemies":"Gremlin Nob","floor":6.0,"turns":3.0},{"damage":12.0,"enemies":"Lagavulin","floor":8.0,"turns":3.0},{"damage":3.0,"enemies":"3 Louse","floor":10.0,"turns":3.0},{"damage":0.0,"enemies":"Large Slime","floor":12.0,"turns":4.0},{"damage":6,"enemies":"2 Fungi Beasts","floor":13,"turns":3},{"damage":31,"enemies":"The Guardian","floor":16,"turns":11},{"damage":5,"enemies":"Chosen","floor":18,"turns":3},{"damage":2,"enemies":"Spheric Guardian","floor":19,"turns":3},{"damage":17,"enemies":"Chosen and Byrds","floor":21,"turns":8},{"damage":6,"enemies":"Snake Plant","floor":22,"turns":5},{"damage":27,"enemies":"Book of Stabbing","floor":23,"turns":5},{"damage":34,"enemies":"Gremlin Leader","floor":25,"turns":6},{"damage":13,"enemies":"Centurion and Healer","floor":27,"turns":5},{"damage":82,"enemies":"Slavers","floor":29,"turns":6}],"seed_played":"-721929665474747711","potions_obtained":[{"floor":1.0,"key":"ColorlessPotion"},{"floor":5.0,"key":"Ancient Potion"},{"floor":6.0,"key":"Fire Potion"},{"floor":12.0,"key":"Regen Potion"},{"floor":16,"key":"Block Potion"},{"floor":19,"key":"PowerPotion"},{"floor":21,"key":"Fruit Juice"},{"floor":22,"key":"PowerPotion"},{"floor":23,"key":"PowerPotion"},{"floor":25,"key":"SkillPotion"},{"floor":27,"key":"Ancient Potion"}],"is_trial":false,"path_per_floor":["M","?","M","M","M","E","R","E","T","M","R","M","M","T","R","B",null,"M","M","$","M","M","E","R","E","T","M","?","E"],"character_chosen":"IRONCLAD","items_purchased":["TheAbacus","Impervious","Centennial Puzzle"],"campfire_rested":1,"item_purchase_floors":[20,20,20],"current_hp_per_floor":[65,65,61,47,37,29,29,17,17,14,36,36,36,36,36,23,69,67,65,65,65,71,56,56,39,39,49,49,0,0],"gold":50,"neow_bonus":"BOSS_RELIC","is_daily":false,"chose_seed":false,"campfire_upgraded":3,"win_rate":0.0,"timestamp":1609435149,"path_taken":["M","?","?","M","M","E","R","E","T","M","R","M","M","?","R","BOSS","M","M","$","M","M","E","R","E","T","M","?","E"],"items_purchased_type":["Relic","Card","Relic"],"build_version":"2020-12-22","purchased_purges":1,"victory":false,"max_hp_per_floor":[75,75,75,75,75,75,75,75,75,75,75,75,81,81,81,84,84,87,87,87,90,98,98,98,101,101,107,107,107,107],"relic_stats":{"Centennial Puzzle":[18],"TheAbacus":[96],"counters":[18,82],"Pandora\u0027s Box":["Infernal Blade","Double Tap","Brutality","Pommel Strike","Perfected Strike","Feel No Pain","Hemokinesis","Perfected Strike"],"Pen Nib":[3],"obtain_stats":[{"Centennial Puzzle":20,"Lantern":26,"TheAbacus":20,"Pandora\u0027s Box":17,"Mark of Pain":0,"The Courier":9,"Pen Nib":23,"Frozen Egg 2":25,"Burning Blood":0,"Red Skull":6,"White Beast Statue":8},{"Centennial Puzzle":12,"Lantern":16,"TheAbacus":12,"Pandora\u0027s Box":10,"Mark of Pain":0,"The Courier":6,"Pen Nib":15,"Frozen Egg 2":16,"Burning Blood":0,"Red Skull":5,"White Beast Statue":6},{"Centennial Puzzle":47,"Lantern":71,"TheAbacus":47,"Pandora\u0027s Box":41,"Mark of Pain":0,"The Courier":20,"Pen Nib":65,"Frozen Egg 2":71,"Burning Blood":0,"Red Skull":17,"White Beast Statue":20}]},"card_choices":[{"not_picked":["Perfected Strike","Iron Wave"],"picked":"Feel No Pain","floor":1.0},{"not_picked":["Headbutt","Pommel Strike"],"picked":"Uppercut","floor":3.0},{"not_picked":["Spot Weakness","Burning Pact"],"picked":"Battle Trance","floor":4.0},{"not_picked":["Seeing Red","Sentinel"],"picked":"Sword Boomerang","floor":5.0},{"not_picked":["Armaments","Power Through"],"picked":"Feed","floor":6.0},{"not_picked":["Anger","Ghostly Armor"],"picked":"Burning Pact","floor":8.0},{"not_picked":["Cleave","Fire Breathing","Clothesline"],"picked":"SKIP","floor":10.0},{"not_picked":["Iron Wave","Pommel Strike"],"picked":"Feed","floor":12.0},{"not_picked":["Clothesline","Anger","Cleave"],"picked":"SKIP","floor":13},{"not_picked":["Barricade","Berserk"],"picked":"Reaper","floor":16},{"not_picked":["Clash+1","Thunderclap","Anger"],"picked":"SKIP","floor":18},{"not_picked":["Warcry","Clothesline"],"picked":"Feel No Pain","floor":19},{"not_picked":["Sentinel","Body Slam"],"picked":"Burning Pact","floor":21},{"not_picked":["Clash","Thunderclap","Entrench"],"picked":"SKIP","floor":22},{"not_picked":["Cleave","Sever Soul"],"picked":"Havoc+1","floor":23},{"not_picked":["Perfected Strike","Clash"],"picked":"Metallicize+1","floor":25},{"not_picked":["Blood for Blood","Thunderclap","Twin Strike+1"],"picked":"SKIP","floor":27}],"player_experience":2679670,"relics_obtained":[{"floor":6.0,"key":"Red Skull"},{"floor":8.0,"key":"White Beast Statue"},{"floor":9.0,"key":"The Courier"},{"floor":23,"key":"Pen Nib"},{"floor":25,"key":"Frozen Egg 2"},{"floor":26,"key":"Lantern"}],"event_choices":[{"cards_removed":["Strike_R"],"damage_healed":0.0,"max_hp_gain":0.0,"max_hp_loss":0.0,"gold_gain":0.0,"event_name":"Purifier","player_choice":"Purged","floor":2.0,"gold_loss":0.0,"damage_taken":0.0},{"damage_healed":0,"gold_gain":0,"player_choice":"Upgraded Two","damage_taken":0,"max_hp_gain":0,"max_hp_loss":0,"event_name":"Designer","floor":28,"gold_loss":50,"cards_upgraded":["Feed","Brutality"]}],"is_beta":false,"boss_relics":[{"not_picked":["Fusion Hammer","Calling Bell"],"picked":"Pandora\u0027s Box"}],"items_purged_floors":[20],"is_endless":false,"potions_floor_spawned":[1,5,6,10,12,13,16,18,19,21,22,23,25,27],"killed_by":"Slavers","ascension_level":20}}