{"host":"qc268ltokmxwqyrx","time":1609379305,"event":{"mods":["BaseMod","Colored Map","Colored Powertips","Minty Spire (QoL Compilation)","Relic Stats","Slay the Relics Exporter","StSLib","ojb\u0027s Info Mod"],"gold_per_floor":[163,181,181,200,219,258,282,303,303,303,303,303],"floor_reached":11,"playtime":483,"items_purged":[],"score":154,"play_id":"f8bf36fd-b7e5-45f6-8568-2dcbf2071d7c","local_time":"20201230194825","is_ascension_mode":true,"campfire_choices":[],"circlet_count":0,"master_deck":["AscendersBane","Strike_G","Strike_G","Strike_G","Strike_G","Strike_G+1","Defend_G","Defend_G","Defend_G","Defend_G","Defend_G","Survivor","Neutralize","Quick Slash","Choke","Blade Dance","Slice","Deflect"],"relics":["Tiny House","Golden Idol","Matryoshka","Omamori","Kunai","Letter Opener"],"acts_visited":["Exordium"],"potions_floor_usage":[6,8],"damage_taken":[{"damage":4,"enemies":"Small Slimes","floor":1,"turns":4},{"damage":9,"enemies":"Jaw Worm","floor":2,"turns":6},{"damage":0,"enemies":"Cultist","floor":4,"turns":2},{"damage":4,"enemies":"Looter","floor":5,"turns":3},{"damage":39,"enemies":"3 Sentries","floor":6,"turns":12},{"damage":2,"enemies":"2 Fungi Beasts","floor":7,"turns":3},{"damage":4,"enemies":"Blue Slaver","floor":8,"turns":3},{"damage":9,"enemies":"Gremlin Nob","floor":11,"turns":2}],"seed_played":"5187435931541273360","potions_obtained":[{"floor":0,"key":"Energy Potion"},{"floor":4,"key":"SpeedPotion"},{"floor":6,"key":"Poison Potion"},{"floor":7,"key":"Swift Potion"}],"is_trial":false,"path_per_floor":["M","M","?","M","M","E","M","M","T","?","E"],"character_chosen":"THE_SILENT","items_purchased":[],"campfire_rested":0,"item_purchase_floors":[],"current_hp_per_floor":[60,51,51,51,47,8,6,2,2,2,0,0],"gold":303,"neow_bonus":"BOSS_RELIC","is_daily":false,"chose_seed":false,"campfire_upgraded":0,"win_rate":0.0,"timestamp":1609379305,"path_taken":["M","M","?","M","M","E","M","M","T","?","E"],"items_purchased_type":[],"build_version":"2020-12-22","purchased_purges":0,"victory":false,"max_hp_per_floor":[71,71,64,64,64,64,64,64,64,64,64,64],"relic_stats":{"counters":[8,35],"Golden Idol":25,"Kunai":[2],"Letter Opener":[0],"obtain_stats":[{"Tiny House":0,"Matryoshka":6,"Golden Idol":3,"Omamori":9,"Kunai":9,"Letter Opener":10,"Ring of the Snake":0},{"Tiny House":0,"Matryoshka":5,"Golden Idol":2,"Omamori":7,"Kunai":7,"Letter Opener":7,"Ring of the Snake":0},{"Tiny House":0,"Matryoshka":27,"Golden Idol":10,"Omamori":33,"Kunai":33,"Letter Opener":33,"Ring of the Snake":0}]},"card_choices":[{"not_picked":["PiercingWail","Cloak And Dagger"],"picked":"Quick Slash","floor":0},{"not_picked":["Calculated Gamble","Bane"],"picked":"Choke","floor":1},{"not_picked":["Underhanded Strike","Terror"],"picked":"Blade Dance","floor":2},{"not_picked":["Dagger Throw","Dagger Spray"],"picked":"Slice","floor":4},{"not_picked":["Blade Dance","Escape Plan"],"picked":"Deflect","floor":5},{"not_picked":["Underhanded Strike","Outmaneuver","Infinite Blades"],"picked":"SKIP","floor":6},{"not_picked":["Night Terror","Dagger Spray","Prepared"],"picked":"SKIP","floor":7},{"not_picked":["Night Terror","Dagger Spray","Prepared"],"picked":"SKIP","floor":7},{"not_picked":["Deflect","Prepared","Dagger Throw"],"picked":"SKIP","floor":8}],"player_experience":1771315,"relics_obtained":[{"floor":6,"key":"Matryoshka"},{"floor":9,"key":"Omamori"},{"floor":9,"key":"Kunai"}],"event_choices":[{"damage_healed":0,"gold_gain":0,"player_choice":"Lose Max HP","damage_taken":0,"relics_obtained":["Golden Idol"],"max_hp_gain":0,"max_hp_loss":7,"event_name":"Golden Idol","floor":3,"gold_loss":0},{"damage_healed":0,"gold_gain":0,"player_choice":"Box","damage_taken":0,"relics_obtained":["Letter Opener"],"max_hp_gain":0,"max_hp_loss":0,"event_name":"Big Fish","floor":10,"gold_loss":0,"cards_obtained":["Regret"]}],"is_beta":false,"boss_relics":[],"items_purged_floors":[],"is_endless":false,"potions_floor_spawned":[4,6,7],"killed_by":"Gremlin Nob","ascension_level":20}}