{"host":"w3q5ijqu8eoknil3","time":1609430327,"event":{"mods":["AchievementEnabler","BaseMod","Block Reminder","Colored Powertips","Minty Spire (QoL Compilation)","Quick Restart","Relic Stats","ojb\u0027s Better Paths Mod","ojb\u0027s Info Mod","slay the spire mod where everything is the same but ironclad has a cowboy hat"],"gold_per_floor":[114,114,114,13,38,38,81,81,81,117,136,136,152,175,175,268,268,253,253,253,35,85,85,113,127,127,127,160,160,171,187,187,187,187],"floor_reached":33,"playtime":1004,"items_purged":["Writhe"],"score":557,"play_id":"a462c868-9efe-48e2-b401-ea905b1b5bc6","local_time":"20201231155847","is_ascension_mode":true,"campfire_choices":[{"data":"Noxious Fumes","floor":6,"key":"SMITH"},{"data":"Caltrops","floor":8,"key":"SMITH"},{"data":"Wraith Form v2","floor":12,"key":"SMITH"},{"data":"Terror","floor":15,"key":"SMITH"},{"floor":23,"key":"REST"},{"floor":27,"key":"REST"},{"floor":32,"key":"REST"}],"circlet_count":0,"master_deck":["AscendersBane","Strike_G","Strike_G","Strike_G","Strike_G","Defend_G","Defend_G","Defend_G","Defend_G","Defend_G","Survivor+1","Neutralize","Sucker Punch","Acrobatics","Caltrops+1","Blade Dance","Noxious Fumes+1","Backstab","Wraith Form v2+1","Poisoned Stab","Catalyst","Terror+1","Venomology","CurseOfTheBell","Dagger Spray","Crippling Poison","After Image","Blade Dance+1","Backflip","Dash","Skewer","Flying Knee","Slice"],"relics":["Ring of the Snake","NeowsBlessing","Bloody Idol","Pen Nib","Potion Belt","Bag of Marbles","Calling Bell","Bag of Preparation","Letter Opener","Prayer Wheel","Gremlin Horn","PreservedInsect","White Beast Statue","War Paint","Torii"],"acts_visited":["Exordium","TheCity"],"potions_floor_usage":[10,16,16,16,24,25,28,30,30,31,31,33,33,33],"damage_taken":[{"damage":0,"enemies":"Small Slimes","floor":1,"turns":1},{"damage":0,"enemies":"Jaw Worm","floor":5,"turns":1},{"damage":0,"enemies":"Lagavulin","floor":7,"turns":1},{"damage":30,"enemies":"Gremlin Nob","floor":10,"turns":4},{"damage":0,"enemies":"Cultist","floor":11,"turns":3},{"damage":0,"enemies":"Large Slime","floor":13,"turns":2},{"damage":0,"enemies":"2 Fungi Beasts","floor":14,"turns":1},{"damage":10,"enemies":"Hexaghost","floor":16,"turns":6},{"damage":28,"enemies":"2 Thieves","floor":18,"turns":4},{"damage":35,"enemies":"Slavers","floor":24,"turns":4},{"damage":14,"enemies":"Chosen","floor":25,"turns":5},{"damage":20,"enemies":"Book of Stabbing","floor":28,"turns":5},{"damage":9,"enemies":"Shelled Parasite and Fungi","floor":30,"turns":6},{"damage":2,"enemies":"3 Cultists","floor":31,"turns":6},{"damage":53,"enemies":"Automaton","floor":33,"turns":6}],"seed_played":"-9004831122872791669","potions_obtained":[{"floor":5,"key":"Energy Potion"},{"floor":7,"key":"BlessingOfTheForge"},{"floor":10,"key":"Block Potion"},{"floor":14,"key":"Energy Potion"},{"floor":25,"key":"SteroidPotion"},{"floor":28,"key":"Regen Potion"},{"floor":30,"key":"Weak Potion"},{"floor":31,"key":"LiquidMemories"}],"is_trial":false,"path_per_floor":["M","?","?","$","M","R","E","R","T","E","M","R","M","M","R","B",null,"M","?","?","$","?","R","E","M","T","R","E","?","M","M","R","B"],"character_chosen":"THE_SILENT","items_purchased":["Caltrops","Blade Dance","PreservedInsect"],"campfire_rested":3,"item_purchase_floors":[4,4,21],"current_hp_per_floor":[59,59,59,59,59,59,59,59,59,29,29,29,29,29,29,19,50,22,22,22,22,27,45,15,6,6,24,9,9,20,23,41,0,0],"gold":187,"neow_bonus":"THREE_ENEMY_KILL","is_daily":false,"chose_seed":false,"campfire_upgraded":4,"win_rate":0.0,"timestamp":1609430327,"path_taken":["M","?","?","$","?","R","E","R","T","E","M","R","M","M","R","BOSS","M","?","?","$","?","R","E","M","T","R","E","?","M","M","R","BOSS"],"items_purchased_type":["Card","Card","Relic"],"build_version":"2020-12-22","purchased_purges":1,"victory":false,"max_hp_per_floor":[66,60,60,60,60,60,60,60,60,60,60,60,60,60,60,60,60,60,60,60,60,60,60,60,60,60,60,60,60,60,60,60,60,60],"relic_stats":{"Gremlin Horn":[7,7],"Torii":8,"counters":[15,55],"Bloody Idol":30,"Prayer Wheel":4,"Pen Nib":[13],"PreservedInsect":85,"Bag of Preparation":[14],"Letter Opener":[33],"War Paint":["Survivor","Blade Dance"],"obtain_stats":[{"Potion Belt":9,"NeowsBlessing":0,"Gremlin Horn":19,"Torii":28,"Golden Idol":2,"Pen Nib":7,"PreservedInsect":21,"Bag of Preparation":17,"Letter Opener":17,"War Paint":26,"White Beast Statue":24,"Calling Bell":17,"Bloody Idol":20,"Prayer Wheel":17,"Bag of Marbles":10,"Ring of the Snake":0},{"Potion Belt":3,"NeowsBlessing":0,"Gremlin Horn":9,"Torii":12,"Golden Idol":1,"Pen Nib":3,"PreservedInsect":9,"Bag of Preparation":8,"Letter Opener":8,"War Paint":11,"White Beast Statue":10,"Calling Bell":8,"Bloody Idol":9,"Prayer Wheel":8,"Bag of Marbles":4,"Ring of the Snake":0},{"Potion Belt":3,"NeowsBlessing":0,"Gremlin Horn":23,"Torii":37,"Golden Idol":1,"Pen Nib":3,"PreservedInsect":23,"Bag of Preparation":19,"Letter Opener":19,"War Paint":32,"White Beast Statue":27,"Calling Bell":19,"Bloody Idol":23,"Prayer Wheel":19,"Bag of Marbles":7,"Ring of the Snake":0}],"Ring of the Snake":[30]},"card_choices":[{"not_picked":["Dodge and Roll","Quick Slash"],"picked":"Sucker Punch","floor":1},{"not_picked":["Footwork","Setup"],"picked":"Noxious Fumes","floor":5},{"not_picked":["Eviscerate","PiercingWail"],"picked":"Backstab","floor":7},{"not_picked":["Deadly Poison","Blade Dance"],"picked":"Wraith Form v2","floor":10},{"not_picked":["Choke","Heel Hook"],"picked":"Poisoned Stab","floor":11},{"not_picked":["Cloak And Dagger","Dagger Throw"],"picked":"Catalyst","floor":13},{"not_picked":["Tactician","Slice"],"picked":"Terror","floor":14},{"not_picked":["Malaise","Glass Knife"],"picked":"Venomology","floor":16},{"not_picked":["Prepared","Dodge and Roll"],"picked":"Dagger Spray","floor":18},{"not_picked":["Calculated Gamble","Quick Slash"],"picked":"Crippling Poison","floor":18},{"not_picked":["Prepared","Distraction"],"picked":"After Image","floor":24},{"not_picked":["Backstab","Setup"],"picked":"Blade Dance","floor":25},{"not_picked":["Dodge and Roll","Slice"],"picked":"Backflip","floor":25},{"not_picked":["Venomology","Night Terror"],"picked":"Dash","floor":28},{"not_picked":["Blade Dance","Riddle With Holes"],"picked":"Skewer","floor":30},{"not_picked":["Masterful Stab","Crippling Poison"],"picked":"Flying Knee","floor":30},{"not_picked":["Quick Slash+1","Flying Knee"],"picked":"Slice","floor":31},{"not_picked":["Terror+1","Tactician","Slice"],"picked":"SKIP","floor":31}],"player_experience":967069,"relics_obtained":[{"floor":7,"key":"Pen Nib"},{"floor":9,"key":"Potion Belt"},{"floor":10,"key":"Bag of Marbles"},{"floor":17,"key":"Bag of Preparation"},{"floor":17,"key":"Letter Opener"},{"floor":17,"key":"Prayer Wheel"},{"floor":24,"key":"White Beast Statue"},{"floor":26,"key":"War Paint"},{"floor":28,"key":"Torii"}],"event_choices":[{"damage_healed":0,"gold_gain":0,"player_choice":"Lose Max HP","damage_taken":0,"relics_obtained":["Golden Idol"],"max_hp_gain":0,"max_hp_loss":6,"event_name":"Golden Idol","floor":2,"gold_loss":0},{"damage_healed":0,"gold_gain":0,"cards_transformed":["Strike_G"],"player_choice":"Transformed","damage_taken":0,"max_hp_gain":0,"max_hp_loss":0,"event_name":"Transmorgrifier","floor":3,"gold_loss":0,"cards_obtained":["Acrobatics"]},{"damage_healed":0,"gold_gain":0,"player_choice":"Opened","damage_taken":0,"relics_obtained":["Gremlin Horn"],"max_hp_gain":0,"max_hp_loss":0,"event_name":"The Mausoleum","floor":19,"gold_loss":0,"cards_obtained":["Writhe"]},{"damage_healed":0,"gold_gain":0,"player_choice":"Gave Idol","damage_taken":0,"relics_obtained":["Bloody Idol"],"max_hp_gain":0,"max_hp_loss":0,"event_name":"Forgotten Altar","floor":20,"relics_lost":["Golden Idol"],"gold_loss":0},{"damage_healed":0,"gold_gain":50,"player_choice":"Stole From Cult","damage_taken":0,"max_hp_gain":0,"max_hp_loss":0,"event_name":"Nest","floor":22,"gold_loss":0},{"damage_healed":0,"gold_gain":0,"player_choice":"Ignored","damage_taken":0,"max_hp_gain":0,"max_hp_loss":0,"event_name":"N\u0027loth","floor":29,"gold_loss":0}],"is_beta":false,"boss_relics":[{"not_picked":["WristBlade","Ring of the Serpent"],"picked":"Calling Bell"}],"items_purged_floors":[21],"is_endless":false,"potions_floor_spawned":[5,7,10,14,25,28,30,31],"killed_by":"Automaton","ascension_level":15}}