{"host":"htqwg582tjjtn9p7","time":1609408778,"event":{"mods":["2.2 Compatiblity","AchievementEnabler","Act Like it!","Aspiration","BaseMod","Better Third Choice","Colored Map","Conspire","Curses Come First","Displayed Cursed Tome","Energized Spire","Force Act Four","GifTheSpireLib","Hermit","Highlight Path","JesterMod","Mad Scientist","Minty Spire (QoL Compilation)","Pale of the Ancients","Permanent Neow","Random Character Button","Relic Stats","Replay The Spire","Robot Space Explorer","Somnambulant","Spicy Shops","Spikes Relics","StSLib","Stuff the Spire","The Blue Laboratory","The Disciple","The Dragon Tamer","The Forsaken","The Gatherer","The Judge","The Jungle","The Marked","The Runesmith","The Servant 0.9.4"],"gold_per_floor":[116,127,144,3,3,22,22,22,99,128,145,145,155,189,189,263,263,281,293,293,293,198,0,18,18,44,55,74,74,74,85,85,162,112,130,144,144,44,58,58,58,86,86,112,12,22,22,37,37,37,49,68,68,68,68,81,81,81,81,81],"floor_reached":61,"playtime":2709,"items_purged":["theForsaken:TheForsaken_Strike","Shame","theForsaken:TheForsaken_Defend"],"score":2227,"play_id":"56bed771-39cd-4c5a-8644-0853074b629a","local_time":"20201231105938","is_ascension_mode":true,"campfire_choices":[{"data":"Reforge","floor":7,"key":"SMITH"},{"floor":12,"key":"REST"},{"floor":15,"key":"REST"},{"data":"theForsaken:Smite","floor":29,"key":"SMITH"},{"data":"theForsaken:NobleSacrifice","floor":32,"key":"SMITH"},{"data":"theForsaken:HymnOfPatience","floor":40,"key":"SMITH"},{"data":"theForsaken:NobleSacrifice","floor":49,"key":"SMITH"},{"data":"theForsaken:StoreUp","floor":55,"key":"SMITH"},{"data":"theForsaken:ShieldBash","floor":57,"key":"SMITH"}],"circlet_count":0,"master_deck":["AscendersBane","theForsaken:TheForsaken_Defend","theForsaken:TheForsaken_Defend","theForsaken:TheForsaken_Defend","theForsaken:Smite+1","theForsaken:Penitence","Reforge+1","theForsaken:QuickAttack","theForsaken:ShieldCharge","theForsaken:ShieldBash+1","theForsaken:NobleSacrifice+1","theForsaken:FuryStrikes","theForsaken:SpreadingPlague","theForsaken:QuickAttack","theForsaken:HymnOfPatience+1","Bite","Bite","Bite","Bite","Bite","theForsaken:QuickAttack+1","theForsaken:NobleSacrifice+1","theForsaken:TheForsaken_Strike","theForsaken:ShieldBash+1","theForsaken:HealingLight","theForsaken:QuickAttack+1","Specialist","theForsaken:DefensiveStance","theForsaken:StoreUp+1","theForsaken:DefensiveStance"],"relics":["theForsaken:JudgementScales","Blue Candle","Matryoshka","InkBottle","Replay:Grab Bag","aspiration:FutureDiary","Philosopher\u0027s Stone","aspiration:PoetsPen_weak","aspiration:MobileForge","StuffTheSpire:Experiment12","SpikesRelics:DaevaFist","StuffTheSpire:SapphireSignet","energizedSpire:HugeHouse","Runesmith:Nanobots","Lantern","The Courier","StuffTheSpire:GrapeVine","paleoftheancients:Timepiece","Gremlin Horn","CultistMask","paleoftheancients:SoulOfTheWokeBloke","BicycleWheel","RoseTintedShades"],"acts_visited":["Exordium","TheCity","TheBeyond","TheBeyond"],"potions_floor_usage":[10,13,14,18,24,44,47,51,52,60],"damage_taken":[{"damage":4,"enemies":"Cultist","floor":1,"turns":4},{"damage":5,"enemies":"Jaw Worm","floor":2,"turns":5},{"damage":2,"enemies":"2 Louse","floor":3,"turns":3},{"damage":6,"enemies":"Blue Slaver","floor":6,"turns":6},{"damage":17,"enemies":"3 Sentries","floor":10,"turns":8},{"damage":16,"enemies":"Looter","floor":11,"turns":5},{"damage":18,"enemies":"Exordium Wildlife","floor":13,"turns":8},{"damage":16,"enemies":"Gremlin Nob","floor":14,"turns":4},{"damage":60,"enemies":"Fading Forest","floor":16,"turns":11},{"damage":23,"enemies":"3 Byrds","floor":18,"turns":5},{"damage":9,"enemies":"Chosen","floor":19,"turns":3},{"damage":26,"enemies":"3 Cultists","floor":24,"turns":5},{"damage":21,"enemies":"Centurion and Healer","floor":27,"turns":5},{"damage":7,"enemies":"Cultist and Chosen","floor":28,"turns":5},{"damage":14,"enemies":"conspire:HollyBat","floor":31,"turns":6},{"damage":27,"enemies":"Automaton","floor":33,"turns":8},{"damage":1,"enemies":"Orb Walker","floor":35,"turns":2},{"damage":35,"enemies":"3 Shapes","floor":36,"turns":3},{"damage":0,"enemies":"Transient","floor":39,"turns":6},{"damage":15,"enemies":"R_Hoarder","floor":42,"turns":7},{"damage":18,"enemies":"Reptomancer","floor":44,"turns":4},{"damage":5,"enemies":"Maw","floor":46,"turns":5},{"damage":0,"enemies":"3 Darklings","floor":47,"turns":1},{"damage":18,"enemies":"4 Shapes","floor":48,"turns":9},{"damage":20,"enemies":"Donu and Deca","floor":50,"turns":7},{"damage":0,"enemies":"Donu and Deca","floor":51,"turns":6},{"damage":54,"enemies":"Donu and Deca","floor":52,"turns":6},{"damage":0,"enemies":"Donu and Deca","floor":56,"turns":2},{"damage":82,"enemies":"paleoftheancients:N","floor":60,"turns":6}],"seed_played":"661214205783084050","potions_obtained":[{"floor":2,"key":"blueLaboratory:RecallPotion"},{"floor":5,"key":"Cursed Concoction"},{"floor":11,"key":"ColorlessPotion"},{"floor":16,"key":"blueLaboratory:FruitPunch"},{"floor":24,"key":"Doom Potion"},{"floor":27,"key":"blueLaboratory:PhilterOfMotion"},{"floor":36,"key":"blueLaboratory:StoneskinPotion"},{"floor":46,"key":"SmokeBomb"},{"floor":48,"key":"Languid Potion"},{"floor":56,"key":"blueLaboratory:HorrorPotion"}],"is_trial":false,"path_per_floor":["M","M","M","$","?","M","R","?","T","E","M","R","M","E","R","B",null,"M","M","?","?","$","?","M","$","T","M","M","R","?","M","R","B",null,"M","M","?","$","M","R","?","E","T","E","$","M","M","M","R","B","M","M","?","T","R","M","R","T","?","B",null],"character_chosen":"THE_FORSAKEN","items_purchased":["theForsaken:ShieldBash","theForsaken:QuickAttack+1","PowerPotion"],"campfire_rested":2,"item_purchase_floors":[4,22,22],"current_hp_per_floor":[52,47,47,47,47,44,44,44,44,35,24,40,36,23,39,17,46,32,28,28,28,28,28,24,24,24,39,39,39,39,39,39,27,32,33,15,15,15,34,34,34,34,34,34,34,34,34,32,32,34,34,34,34,34,34,34,34,34,34,34],"gold":81,"neow_bonus":"RANDOM_COLORLESS_2","is_daily":false,"chose_seed":false,"campfire_upgraded":7,"win_rate":0.0,"timestamp":1609408778,"path_taken":["M","?","M","$","?","?","R","?","T","E","M","R","M","E","R","BOSS","M","M","?","?","$","?","?","$","T","M","M","R","?","M","R","BOSS","M","M","?","$","?","R","?","E","T","E","$","?","?","M","R","BOSS","M","M","?","T","R","M","R","T","?","BOSS"],"items_purchased_type":["Card","Card","Potion"],"build_version":"2020-12-22","purchased_purges":3,"victory":true,"max_hp_per_floor":[55,55,55,55,55,55,55,55,55,55,55,55,55,55,55,55,55,57,57,39,39,39,39,39,39,39,39,39,39,39,39,39,39,34,34,34,34,34,34,34,34,34,34,34,34,34,34,34,34,34,34,34,34,34,34,34,34,34,34,34],"relic_stats":{"Gremlin Horn":[21,21],"counters":[29,152],"Blue Candle":[5],"obtain_stats":[{"Runesmith:Nanobots":42,"Lantern":43,"Gremlin Horn":50,"Blue Candle":9,"Replay:Grab Bag":17,"RoseTintedShades":58,"aspiration:PoetsPen_weak":17,"The Courier":43,"StuffTheSpire:GrapeVine":44,"StuffTheSpire:SapphireSignet":30,"paleoftheancients:Timepiece":50,"StuffTheSpire:Experiment12":26,"Matryoshka":10,"aspiration:MobileForge":17,"paleoftheancients:SoulOfTheWokeBloke":52,"Philosopher\u0027s Stone":17,"CultistMask":50,"SpikesRelics:DaevaFist":26,"energizedSpire:HugeHouse":34,"aspiration:FutureDiary":17,"theForsaken:JudgementScales":0,"InkBottle":14,"BicycleWheel":54},{"Runesmith:Nanobots":20,"Lantern":20,"Gremlin Horn":25,"Blue Candle":4,"Replay:Grab Bag":9,"RoseTintedShades":28,"aspiration:PoetsPen_weak":9,"The Courier":20,"StuffTheSpire:GrapeVine":21,"StuffTheSpire:SapphireSignet":14,"paleoftheancients:Timepiece":25,"StuffTheSpire:Experiment12":12,"Matryoshka":5,"aspiration:MobileForge":9,"paleoftheancients:SoulOfTheWokeBloke":27,"Philosopher\u0027s Stone":9,"CultistMask":25,"SpikesRelics:DaevaFist":12,"energizedSpire:HugeHouse":16,"aspiration:FutureDiary":9,"theForsaken:JudgementScales":0,"InkBottle":8,"BicycleWheel":27},{"Runesmith:Nanobots":109,"Lantern":109,"Gremlin Horn":133,"Blue Candle":18,"Replay:Grab Bag":54,"RoseTintedShades":146,"aspiration:PoetsPen_weak":54,"The Courier":109,"StuffTheSpire:GrapeVine":113,"StuffTheSpire:SapphireSignet":77,"paleoftheancients:Timepiece":133,"StuffTheSpire:Experiment12":67,"Matryoshka":26,"aspiration:MobileForge":54,"paleoftheancients:SoulOfTheWokeBloke":144,"Philosopher\u0027s Stone":54,"CultistMask":133,"SpikesRelics:DaevaFist":67,"energizedSpire:HugeHouse":91,"aspiration:FutureDiary":54,"theForsaken:JudgementScales":0,"InkBottle":43,"BicycleWheel":144}],"InkBottle":[89]},"card_choices":[{"not_picked":["Master of Strategy","Violence"],"picked":"Reforge","floor":0},{"not_picked":["theForsaken:MagicWeapon","theForsaken:FuryStrikes"],"picked":"theForsaken:QuickAttack","floor":1},{"not_picked":["theForsaken:CreepingInfection","theForsaken:Eulogy"],"picked":"theForsaken:ShieldCharge","floor":2},{"not_picked":["theForsaken:BottledPlague","theForsaken:PowerUp","theForsaken:Retribution"],"picked":"SKIP","floor":3},{"not_picked":["theForsaken:Eulogy","theForsaken:Backlash"],"picked":"theForsaken:HymnOfPatience","floor":6},{"not_picked":["theForsaken:CorruptDeck","theForsaken:MagicWeapon","theForsaken:Terrorize"],"picked":"SKIP","floor":10},{"not_picked":["theForsaken:Backlash","theForsaken:FuryStrikes"],"picked":"theForsaken:NobleSacrifice","floor":11},{"not_picked":["theForsaken:WordsOfMight","theForsaken:Backlash","theForsaken:ScorchingSunlight"],"picked":"SKIP","floor":13},{"not_picked":["theForsaken:Tranquility","theForsaken:Riposte"],"picked":"theForsaken:FuryStrikes","floor":14},{"not_picked":["theForsaken:Purification","theForsaken:Horror"],"picked":"theForsaken:SpreadingPlague","floor":16},{"not_picked":["theForsaken:Preservation","theForsaken:Eulogy"],"picked":"theForsaken:QuickAttack","floor":18},{"not_picked":["theForsaken:InspiringBlow","theForsaken:FuryStrikes"],"picked":"theForsaken:HymnOfPatience","floor":19},{"not_picked":["theForsaken:SpinAttack","theForsaken:QuickAttack"],"picked":"theForsaken:NobleSacrifice","floor":24},{"not_picked":["theForsaken:CreepingInfection","theForsaken:Preservation","theForsaken:RainingSunlight"],"picked":"SKIP","floor":27},{"not_picked":["theForsaken:FuryStrikes","theForsaken:DesperatePlea","theForsaken:Eulogy"],"picked":"SKIP","floor":28},{"not_picked":["theForsaken:HymnOfRest","theForsaken:WordsOfMight","theForsaken:HealingLight+1"],"picked":"SKIP","floor":31},{"not_picked":["theForsaken:PanicDive","theForsaken:Eulogy","theForsaken:MagicWeapon+1"],"picked":"SKIP","floor":35},{"not_picked":["theForsaken:BattleHymn+1","theForsaken:BottledPlague"],"picked":"theForsaken:ShieldBash+1","floor":36},{"not_picked":["theForsaken:ShieldCharge","theForsaken:ChargeAttack"],"picked":"theForsaken:QuickAttack+1","floor":39},{"not_picked":["Sharp Hide","Finesse"],"picked":"Specialist","floor":41},{"not_picked":["theForsaken:Preservation","theForsaken:WrathOfGod","theForsaken:HorrifyingStrike+1"],"picked":"SKIP","floor":42},{"not_picked":["theForsaken:HealingLight","theForsaken:DivineGuidance"],"picked":"theForsaken:DefensiveStance","floor":44},{"not_picked":["theForsaken:Eulogy+1","theForsaken:BottledPlague+1","theForsaken:CreepingInfection"],"picked":"SKIP","floor":46},{"not_picked":["theForsaken:FuryStrikes","theForsaken:ChargeAttack","theForsaken:CreepingInfection+1"],"picked":"SKIP","floor":48},{"not_picked":["theForsaken:ScorchingSunlight","theForsaken:SpinAttack","theForsaken:HorrifyingStrike"],"picked":"SKIP","floor":51},{"not_picked":["theForsaken:PanicDive","theForsaken:BottledPlague+1"],"picked":"theForsaken:StoreUp","floor":52},{"not_picked":["theForsaken:Eulogy","theForsaken:FuryStrikes"],"picked":"theForsaken:DefensiveStance","floor":56}],"player_experience":1838878,"relics_obtained":[{"floor":9,"key":"Blue Candle"},{"floor":10,"key":"Matryoshka"},{"floor":14,"key":"InkBottle"},{"floor":26,"key":"StuffTheSpire:Experiment12"},{"floor":26,"key":"SpikesRelics:DaevaFist"},{"floor":42,"key":"Runesmith:Nanobots"},{"floor":43,"key":"Lantern"},{"floor":43,"key":"The Courier"},{"floor":44,"key":"StuffTheSpire:GrapeVine"},{"floor":52,"key":"paleoftheancients:SoulOfTheWokeBloke"},{"floor":54,"key":"BicycleWheel"},{"floor":58,"key":"RoseTintedShades"}],"event_choices":[{"damage_healed":0,"gold_gain":0,"player_choice":"Got Potions","damage_taken":0,"max_hp_gain":0,"max_hp_loss":0,"event_name":"Lab","floor":5,"gold_loss":0},{"damage_healed":0,"gold_gain":0,"player_choice":"Became a vampire","damage_taken":0,"max_hp_gain":0,"max_hp_loss":18,"event_name":"Vampires","floor":20,"gold_loss":0,"cards_obtained":["Bite","Bite","Bite","Bite","Bite"]},{"damage_healed":0,"gold_gain":0,"player_choice":"Paid Fearfully","damage_taken":0,"max_hp_gain":0,"max_hp_loss":0,"event_name":"Masked Bandits","floor":23,"gold_loss":198},{"damage_healed":0,"gold_gain":0,"player_choice":"Stole Relic","damage_taken":0,"relics_obtained":["StuffTheSpire:SapphireSignet"],"max_hp_gain":0,"max_hp_loss":0,"event_name":"Addict","floor":30,"gold_loss":0,"cards_obtained":["Shame"]},{"damage_healed":0,"gold_gain":0,"cards_transformed":["theForsaken:Riposte"],"player_choice":"Transformed","damage_taken":0,"max_hp_gain":0,"max_hp_loss":0,"event_name":"Transmorgrifier","floor":37,"gold_loss":0,"cards_obtained":["theForsaken:HealingLight"]},{"damage_healed":0,"gold_gain":0,"player_choice":"Random: Blue","damage_taken":0,"max_hp_gain":0,"max_hp_loss":0,"event_name":"betterThird:BetterPortal","floor":41,"gold_loss":0},{"damage_healed":0,"gold_gain":0,"player_choice":"Memory 1","damage_taken":0,"max_hp_gain":0,"max_hp_loss":0,"event_name":"SensoryStone","floor":41,"gold_loss":0}],"is_beta":false,"boss_relics":[{"not_picked":["Ectoplasm","ReplayTheSpireMod:DimensionalGlitch"],"picked":"Replay:Grab Bag"},{"not_picked":["conspire:SlowCooker","ReplayTheSpireMod:Onyx Gauntlets"],"picked":"aspiration:FutureDiary"},{"not_picked":["Runic Dome","conspire:SeveredTorchhead"],"picked":"Philosopher\u0027s Stone"},{"not_picked":["theForsaken:ArmorOfThorns","aspiration:WatcherSkillbook"],"picked":"aspiration:PoetsPen_weak"},{"not_picked":["StuffTheSpire:Kangaroo","aspiration:RunicSpoon"],"picked":"aspiration:MobileForge"},{"not_picked":["Runesmith:UraniumAnvil","Replay:Wanted Poster"],"picked":"energizedSpire:HugeHouse"}],"items_purged_floors":[4,38,45],"is_endless":false,"potions_floor_spawned":[2,11,16,24,27,33,36,46,48,56],"ascension_level":17}}