{"host":"q9718omregw4er46","time":1609441885,"event":{"mods":["BaseMod","Bestiary","Colored Powertips","Minty Spire (QoL Compilation)","Quick Restart","Relic Stats"],"gold_per_floor":[112,28,28,44,44,72,42,60,85,114,126,8,22,55,55,134,134,149,161,161,197,215,215,215,215],"floor_reached":24,"playtime":1071,"items_purged":["Strike_P"],"score":486,"play_id":"6afbdf4b-65b7-40f2-84f9-129e1beb3d6b","local_time":"20210101001125","is_ascension_mode":true,"campfire_choices":[{"floor":15,"key":"REST"},{"data":"TalkToTheHand","floor":23,"key":"SMITH"}],"circlet_count":0,"master_deck":["AscendersBane","Strike_P","Strike_P","Strike_P","Defend_P","Defend_P","Defend_P","Defend_P+1","Eruption","Vigilance+1","EmptyFist+1","BattleHymn","EmptyMind","Vengeance","MentalFortress","EmptyBody","Adaptation","TalkToTheHand+1","DeceiveReality","Blasphemy","Wish","Conclude+1","CrushJoints+1","Omniscience","Ghostly","Ghostly","Ghostly"],"relics":["PureWater","NeowsBlessing","Torii","Prayer Wheel","Oddly Smooth Stone","War Paint","Dream Catcher","Runic Pyramid"],"acts_visited":["Exordium","TheCity"],"potions_floor_usage":[14,19,22],"damage_taken":[{"damage":0,"enemies":"Cultist","floor":1,"turns":1},{"damage":0,"enemies":"2 Louse","floor":4,"turns":1},{"damage":0,"enemies":"3 Sentries","floor":6,"turns":2},{"damage":2,"enemies":"Jaw Worm","floor":8,"turns":4},{"damage":9,"enemies":"Lagavulin","floor":10,"turns":6},{"damage":1,"enemies":"Blue Slaver","floor":11,"turns":4},{"damage":0,"enemies":"2 Fungi Beasts","floor":13,"turns":3},{"damage":38,"enemies":"3 Sentries","floor":14,"turns":9},{"damage":8,"enemies":"The Guardian","floor":16,"turns":13},{"damage":1,"enemies":"Chosen","floor":18,"turns":5},{"damage":9,"enemies":"2 Thieves","floor":19,"turns":3},{"damage":16,"enemies":"Cultist and Chosen","floor":21,"turns":11},{"damage":6,"enemies":"Sentry and Sphere","floor":22,"turns":8},{"damage":29,"enemies":"Book of Stabbing","floor":24,"turns":6}],"seed_played":"8431829653591362719","potions_obtained":[{"floor":7,"key":"DuplicationPotion"},{"floor":7,"key":"LiquidMemories"},{"floor":16,"key":"Regen Potion"},{"floor":19,"key":"BottledMiracle"}],"is_trial":false,"path_per_floor":["M","$","T","M","?","E","?","M","T","E","M","$","M","E","R","B",null,"M","M","?","M","M","R","E"],"character_chosen":"WATCHER","items_purchased":["BattleHymn","TalkToTheHand"],"campfire_rested":1,"item_purchase_floors":[2,12],"current_hp_per_floor":[61,61,61,61,61,61,61,59,59,50,49,49,49,11,31,23,57,56,47,34,18,27,27,0,0],"gold":215,"neow_bonus":"THREE_ENEMY_KILL","is_daily":false,"chose_seed":false,"campfire_upgraded":1,"win_rate":0.0,"timestamp":1609441885,"path_taken":["M","$","?","M","?","E","?","M","T","E","M","$","M","E","R","BOSS","M","?","?","M","M","R","E"],"items_purchased_type":["Card","Card"],"build_version":"2020-12-22","purchased_purges":1,"victory":false,"max_hp_per_floor":[68,68,68,68,68,68,68,68,68,68,68,68,68,68,68,68,68,68,68,34,34,34,34,34,34],"relic_stats":{"Dream Catcher":1,"Torii":14,"counters":[14,76],"Prayer Wheel":7,"War Paint":["Defend_P","Vigilance"],"obtain_stats":[{"Dream Catcher":14,"NeowsBlessing":0,"Torii":3,"Oddly Smooth Stone":9,"Prayer Wheel":6,"PureWater":0,"War Paint":10,"Runic Pyramid":17},{"Dream Catcher":8,"NeowsBlessing":0,"Torii":1,"Oddly Smooth Stone":4,"Prayer Wheel":3,"PureWater":0,"War Paint":5,"Runic Pyramid":9},{"Dream Catcher":30,"NeowsBlessing":0,"Torii":1,"Oddly Smooth Stone":8,"Prayer Wheel":4,"PureWater":0,"War Paint":14,"Runic Pyramid":43}]},"card_choices":[{"not_picked":["Prostrate","BowlingBash"],"picked":"EmptyFist","floor":1},{"not_picked":["Halt","Judgement"],"picked":"EmptyMind","floor":4},{"not_picked":["FlyingSleeves","WindmillStrike"],"picked":"Vengeance","floor":6},{"not_picked":["Sanctity","PathToVictory"],"picked":"MentalFortress","floor":8},{"not_picked":["Worship","Protect"],"picked":"EmptyBody","floor":8},{"not_picked":["ThirdEye","PathToVictory","Swivel"],"picked":"SKIP","floor":10},{"not_picked":["CarveReality","Worship"],"picked":"Adaptation","floor":11},{"not_picked":["FlurryOfBlows","Fasting2","ClearTheMind"],"picked":"SKIP","floor":11},{"not_picked":["WheelKick","PathToVictory","CutThroughFate"],"picked":"SKIP","floor":13},{"not_picked":["Protect","CrushJoints","JustLucky"],"picked":"SKIP","floor":13},{"not_picked":["Halt","InnerPeace"],"picked":"DeceiveReality","floor":14},{"not_picked":["ThirdEye","Consecrate"],"picked":"Blasphemy","floor":15},{"not_picked":["Brilliance","Alpha"],"picked":"Wish","floor":16},{"not_picked":["FlurryOfBlows","Adaptation"],"picked":"Conclude+1","floor":18},{"not_picked":["FollowUp","CutThroughFate","EmptyFist"],"picked":"SKIP","floor":18},{"not_picked":["Meditate","Evaluate"],"picked":"CrushJoints+1","floor":19},{"not_picked":["Fasting2","Omniscience","FollowUp"],"picked":"SKIP","floor":19},{"not_picked":["Fasting2","FollowUp"],"picked":"Omniscience","floor":19},{"not_picked":["FlyingSleeves","Evaluate","CrushJoints"],"picked":"SKIP","floor":21},{"not_picked":["Wish","Prostrate","SashWhip"],"picked":"SKIP","floor":21},{"not_picked":["ReachHeaven","EmptyFist","Collect"],"picked":"SKIP","floor":22},{"not_picked":["Meditate","FlyingSleeves","WindmillStrike"],"picked":"SKIP","floor":22}],"player_experience":1141272,"relics_obtained":[{"floor":3,"key":"Torii"},{"floor":6,"key":"Prayer Wheel"},{"floor":9,"key":"Oddly Smooth Stone"},{"floor":10,"key":"War Paint"},{"floor":14,"key":"Dream Catcher"}],"event_choices":[{"damage_healed":0,"gold_gain":0,"player_choice":"Grow","damage_taken":0,"max_hp_gain":0,"max_hp_loss":0,"event_name":"Living Wall","floor":5,"gold_loss":0,"cards_upgraded":["EmptyFist"]},{"damage_healed":0,"gold_gain":0,"player_choice":"Bought 2 Potions","damage_taken":0,"max_hp_gain":0,"max_hp_loss":0,"event_name":"The Woman in Blue","floor":7,"gold_loss":0},{"damage_healed":0,"gold_gain":0,"player_choice":"Became a Ghost","damage_taken":0,"max_hp_gain":0,"max_hp_loss":34,"event_name":"Ghosts","floor":20,"gold_loss":0,"cards_obtained":["Ghostly","Ghostly","Ghostly"]}],"is_beta":false,"boss_relics":[{"not_picked":["Velvet Choker","Empty Cage"],"picked":"Runic Pyramid"}],"items_purged_floors":[12],"is_endless":false,"potions_floor_spawned":[8,10,11,16,19,21],"killed_by":"Book of Stabbing","ascension_level":20}}