{"host":"1eo5f82aifdzd7pr","time":1609427311,"event":{"mods":["AchievementEnabler","BaseMod","Colored Map","Colored Powertips","DeckTracker","Marisa????????","Minty Spire (QoL Compilation)","StSLib","SuperFastMode","The Servant 0.9.4"],"gold_per_floor":[116,128,147,160,174,174,208,225,225,245,261,261,33,33,33,134,134,149,149,169,183,200,200,212,228,228,248,248,7,7,25,25,128,178,197,210,61,75,87,87,120,120,120,120,174,185,202,202,202,202],"floor_reached":51,"playtime":3343,"items_purged":["Strike_MRS","Strike_MRS","EnergyRecoil"],"score":842,"play_id":"0f01ca4b-5901-4023-9c2f-a5eb6ffe025a","local_time":"20201231170831","is_ascension_mode":true,"campfire_choices":[{"data":"Occultation","floor":6.0,"key":"SMITH"},{"data":"StarBarrage","floor":12.0,"key":"SMITH"},{"data":"Defend_MRS","floor":15.0,"key":"PURGE"},{"data":"EarthLightRay","floor":23,"key":"SMITH"},{"floor":28,"key":"REST"},{"floor":32,"key":"REST"},{"data":"SuperNova","floor":40,"key":"SMITH"},{"data":"EscapeVelocity","floor":42,"key":"SMITH"},{"data":"ManaConvection","floor":49,"key":"SMITH"}],"circlet_count":0,"master_deck":["Strike_MRS","Defend_MRS","Defend_MRS","Defend_MRS","MasterSpark","UpSweep","Occultation+1","EarthLightRay+1","Orbital","EscapeVelocity+1","JA","GasGiant+1","WitchLeyline+1","OrrerysSun","BlazingStar","SuperNova+1","ManaConvection+1","Master of Strategy","Orbital+1","GasGiant"],"relics":["MiniHakkero","Happy Flower","Gambling Chip","Bird Faced Urn","Strawberry","Peace Pipe","Sozu","SproutingBranch","Membership Card","Tiny House","Bottled Tornado","White Beast Statue","TungstenRod"],"acts_visited":["Exordium","TheCity","TheBeyond"],"potions_floor_usage":[18,21],"damage_taken":[{"damage":0.0,"enemies":"Small Slimes","floor":1.0,"turns":3.0},{"damage":1.0,"enemies":"Jaw Worm","floor":2.0,"turns":3.0},{"damage":3.0,"enemies":"2 Louse","floor":3.0,"turns":2.0},{"damage":5.0,"enemies":"Gremlin Gang","floor":4.0,"turns":5.0},{"damage":4.0,"enemies":"2 Fungi Beasts","floor":5.0,"turns":3.0},{"damage":10.0,"enemies":"Lagavulin","floor":7.0,"turns":5.0},{"damage":3.0,"enemies":"Looter","floor":8.0,"turns":4.0},{"damage":12.0,"enemies":"Lots of Slimes","floor":10.0,"turns":5.0},{"damage":0.0,"enemies":"Blue Slaver","floor":11.0,"turns":2.0},{"damage":11,"enemies":"Hexaghost","floor":16,"turns":8},{"damage":15,"enemies":"2 Thieves","floor":18,"turns":2},{"damage":23,"enemies":"Shell Parasite","floor":20,"turns":5},{"damage":1,"enemies":"Centurion and Healer","floor":21,"turns":5},{"damage":2,"enemies":"Chosen and Byrds","floor":22,"turns":6},{"damage":16,"enemies":"Snake Plant","floor":24,"turns":5},{"damage":22,"enemies":"Snecko","floor":25,"turns":3},{"damage":31,"enemies":"3 Cultists","floor":27,"turns":6},{"damage":19,"enemies":"Shelled Parasite and Fungi","floor":31,"turns":5},{"damage":75,"enemies":"Champ","floor":33,"turns":8},{"damage":21,"enemies":"3 Shapes","floor":35,"turns":3},{"damage":13,"enemies":"Orb Walker","floor":36,"turns":4},{"damage":15,"enemies":"Sphere and 2 Shapes","floor":38,"turns":5},{"damage":10,"enemies":"Transient","floor":39,"turns":5},{"damage":0,"enemies":"Nemesis","floor":41,"turns":5},{"damage":32,"enemies":"2 Orb Walkers","floor":45,"turns":4},{"damage":7,"enemies":"Writhing Mass","floor":46,"turns":2},{"damage":15,"enemies":"Sphere and 2 Shapes","floor":47,"turns":3},{"damage":54,"enemies":"Awakened One","floor":50,"turns":7}],"seed_played":"1177072750431840358","potions_obtained":[{"floor":1.0,"key":"AttackPotion"},{"floor":10.0,"key":"Fire Potion"},{"floor":16,"key":"LiquidMemories"}],"is_trial":false,"path_per_floor":["M","M","M","M","M","R","E","M","T","M","M","R","$","?","R","B",null,"M","?","M","M","M","R","M","M","T","M","R","$","?","M","R","B",null,"M","M","$","M","M","R","E","R","T","?","?","M","M","?","R","B",null],"character_chosen":"MARISA","items_purchased":["Strawberry","Membership Card","BlazingStar","Master of Strategy"],"campfire_rested":2,"item_purchase_floors":[13,29,29,37],"current_hp_per_floor":[75,74,75,70,70,70,64,65,65,57,61,61,68,43,43,38,82,67,67,48,53,57,57,47,31,31,23,47,47,31,34,60,10,92,75,84,84,83,92,92,92,92,92,92,77,79,82,82,82,58],"gold":202,"neow_bonus":"RANDOM_COMMON_RELIC","is_daily":false,"chose_seed":false,"campfire_upgraded":6,"win_rate":0.0,"timestamp":1609427311,"path_taken":["M","M","M","M","M","R","E","M","T","M","M","R","$","?","R","BOSS","M","?","M","M","M","R","M","M","T","M","R","$","?","M","R","BOSS","M","M","$","M","M","R","E","R","T","?","?","M","M","?","R","BOSS"],"items_purchased_type":["Relic","Relic","Card","Card"],"build_version":"2020-12-22","purchased_purges":3,"victory":true,"max_hp_per_floor":[75,75,75,75,75,75,75,75,75,75,75,75,82,82,82,82,82,82,82,82,82,82,82,82,82,82,82,82,82,87,87,87,87,92,92,92,92,92,92,92,92,92,92,92,92,92,92,92,92,92],"card_choices":[{"not_picked":["MysteriousBeam","IllusionStar"],"picked":"Occultation","floor":1.0},{"not_picked":["OpenUniverse","IllusionStar"],"picked":"EarthLightRay","floor":2.0},{"not_picked":["MilkyWay","SporeBomb"],"picked":"Orbital","floor":3.0},{"not_picked":["EventHorizon","AsteroidBelt","LuminesStrike"],"picked":"SKIP","floor":4.0},{"not_picked":["PowerUp","NonDirectionalLaser","MysteriousBeam"],"picked":"SKIP","floor":5.0},{"not_picked":["ManaConvection","PulseMagic"],"picked":"EnergyRecoil","floor":7.0},{"not_picked":["ManaConvection","ShootingEcho"],"picked":"StarBarrage","floor":8.0},{"not_picked":["SprinkleStarSeal","NonDirectionalLaser"],"picked":"EscapeVelocity","floor":10.0},{"not_picked":["NonDirectionalLaser","ChargeUpSpray","StarBarrage"],"picked":"SKIP","floor":11.0},{"not_picked":["ManaRampage","AbsoluteMagnitude"],"picked":"JA","floor":16},{"not_picked":["PulseMagic","MysteriousBeam"],"picked":"GasGiant+1","floor":18},{"not_picked":["FairyDestructionRay","WitchOfGreed"],"picked":"WitchLeyline","floor":20},{"not_picked":["WitchOfGreed","GravityBeat","Singularity"],"picked":"SKIP","floor":21},{"not_picked":["MysteriousBeam","DarkMatter","OneTimeOff"],"picked":"SKIP","floor":22},{"not_picked":["UnstableBomb","EnergyRecoil","NonDirectionalLaser"],"picked":"SKIP","floor":24},{"not_picked":["EnergyRecoil","AlicesGift","MagicAbsorber"],"picked":"SKIP","floor":25},{"not_picked":["OortCloud","WitchLeyline"],"picked":"OrrerysSun","floor":27},{"not_picked":["NonDirectionalLaser","UnstableBomb","ChargingUp+1"],"picked":"SKIP","floor":31},{"not_picked":["UltimateShortwave","ManaRampage"],"picked":"SuperNova","floor":33},{"not_picked":["Robbery+1","AsteroidBelt","DC+1"],"picked":"SKIP","floor":35},{"not_picked":["ShootTheMoon+1","ChargeUpSpray+1"],"picked":"ManaConvection","floor":36},{"not_picked":["AsteroidBelt","MeteoricShower"],"picked":"Orbital+1","floor":38},{"not_picked":["6A+1","GravityBeat","DC"],"picked":"SKIP","floor":39},{"not_picked":["EarthLightRay","AsteroidBelt+1","Singularity"],"picked":"SKIP","floor":41},{"not_picked":["NonDirectionalLaser","PropBag","GalacticHalo+1"],"picked":"SKIP","floor":46},{"not_picked":["TreasureHunter","PowerUp+1"],"picked":"GasGiant","floor":47}],"player_experience":765752,"relics_obtained":[{"floor":7.0,"key":"Gambling Chip"},{"floor":9.0,"key":"Bird Faced Urn"},{"floor":26,"key":"SproutingBranch"},{"floor":41,"key":"Bottled Tornado"},{"floor":43,"key":"White Beast Statue"},{"floor":45,"key":"TungstenRod"}],"event_choices":[{"damage_healed":0.0,"max_hp_gain":0.0,"max_hp_loss":0.0,"gold_gain":0.0,"event_name":"Scrap Ooze","player_choice":"Success","floor":14.0,"gold_loss":0.0,"damage_taken":25.0,"relics_obtained":["Peace Pipe"]},{"cards_removed":["Strike_MRS"],"damage_healed":0,"gold_gain":0,"player_choice":"Elegance","damage_taken":0,"max_hp_gain":0,"max_hp_loss":0,"event_name":"Back to Basics","floor":19,"gold_loss":0},{"damage_healed":0,"gold_gain":0,"player_choice":"Shed Blood","damage_taken":21,"max_hp_gain":5,"max_hp_loss":0,"event_name":"Forgotten Altar","floor":30,"gold_loss":0},{"cards_removed":["StarBarrage"],"damage_healed":0,"gold_gain":0,"player_choice":"Removed Attack","damage_taken":0,"max_hp_gain":0,"max_hp_loss":0,"event_name":"Falling","floor":44,"gold_loss":0},{"damage_healed":0,"gold_gain":0,"player_choice":"Fight","damage_taken":0,"max_hp_gain":0,"max_hp_loss":0,"event_name":"Mysterious Sphere","floor":45,"gold_loss":0},{"damage_healed":0,"gold_gain":0,"player_choice":"Got Potions","damage_taken":0,"max_hp_gain":0,"max_hp_loss":0,"event_name":"Lab","floor":48,"gold_loss":0}],"is_beta":false,"boss_relics":[{"not_picked":["Runic Dome","Velvet Choker"],"picked":"Sozu"},{"not_picked":["Fusion Hammer","Runic Pyramid"],"picked":"Tiny House"}],"items_purged_floors":[13,29,37],"is_endless":false,"potions_floor_spawned":[1,10,16,20,24,27,33,35,39,45,46,47],"ascension_level":3}}