{"host":"dcj2yvrgcvh5dl2s","time":1609366998,"event":{"mods":["BaseMod","Better Note","Block Reminder","Colored Powertips","DeckTracker","Minty Spire (QoL Compilation)","Quick Restart","Rare Cards Sparkle","Relic Stats","StSLib"],"gold_per_floor":[117,128,128,151,213,238,250,282,294,306,333,345,377,464,476,488,488],"floor_reached":16,"playtime":338,"items_purged":[],"score":179,"play_id":"8c129333-a35b-4461-aaeb-2c371be5fddc","local_time":"20201231082318","is_ascension_mode":true,"campfire_choices":[{"floor":7,"key":"REST"},{"data":"Body Slam","floor":10,"key":"SMITH"},{"floor":12,"key":"REST"},{"floor":15,"key":"REST"}],"circlet_count":0,"master_deck":["AscendersBane","Strike_R","Strike_R","Strike_R","Strike_R","Strike_R","Defend_R","Defend_R","Defend_R","Defend_R","Bash","Immolate","Body Slam+1","Regret","Pummel"],"relics":["Burning Blood","MawBank","Toy Ornithopter"],"acts_visited":["Exordium"],"potions_floor_usage":[16,16],"damage_taken":[{"damage":6,"enemies":"Cultist","floor":1,"turns":3},{"damage":10,"enemies":"Small Slimes","floor":2,"turns":3},{"damage":24,"enemies":"Jaw Worm","floor":4,"turns":4},{"damage":17,"enemies":"Gremlin Gang","floor":6,"turns":4},{"damage":15,"enemies":"2 Fungi Beasts","floor":8,"turns":2},{"damage":20,"enemies":"Looter","floor":11,"turns":3},{"damage":0,"enemies":"Lots of Slimes","floor":13,"turns":1},{"damage":73,"enemies":"Slime Boss","floor":16,"turns":8}],"seed_played":"-778046038133873817","potions_obtained":[{"floor":1,"key":"EssenceOfSteel"},{"floor":4,"key":"Dexterity Potion"}],"is_trial":false,"path_per_floor":["M","M","?","M","?","M","R","M","T","R","M","R","M","?","R","B"],"character_chosen":"IRONCLAD","items_purchased":[],"campfire_rested":3,"item_purchase_floors":[],"current_hp_per_floor":[68,64,64,46,40,29,49,40,40,40,26,46,52,41,61,0,0],"gold":488,"neow_bonus":"THREE_RARE_CARDS","is_daily":false,"chose_seed":false,"campfire_upgraded":1,"win_rate":0.0,"timestamp":1609366998,"path_taken":["M","?","?","M","?","M","R","M","T","R","M","R","?","?","R","BOSS"],"items_purchased_type":[],"build_version":"2020-12-22","purchased_purges":0,"victory":false,"max_hp_per_floor":[68,68,68,68,68,68,68,68,68,68,68,68,68,68,68,68,68],"relic_stats":{"counters":[8,28],"MawBank":156,"obtain_stats":[{"MawBank":3,"Burning Blood":0,"Toy Ornithopter":9},{"MawBank":2,"Burning Blood":0,"Toy Ornithopter":5},{"MawBank":6,"Burning Blood":0,"Toy Ornithopter":16}],"Burning Blood":42,"Toy Ornithopter":10},"card_choices":[{"not_picked":["Impervious","Exhume"],"picked":"Immolate","floor":0},{"not_picked":["Armaments","Cleave","Burning Pact"],"picked":"SKIP","floor":1},{"not_picked":["Thunderclap","Dual Wield"],"picked":"Body Slam","floor":2},{"not_picked":["Thunderclap","Armaments","Sentinel"],"picked":"SKIP","floor":4},{"not_picked":["Hemokinesis","Clothesline"],"picked":"Pummel","floor":6},{"not_picked":["Clash","Reckless Charge","Body Slam"],"picked":"SKIP","floor":8},{"not_picked":["Evolve","Searing Blow","Burning Pact"],"picked":"SKIP","floor":11},{"not_picked":["Twin Strike","Warcry","Pommel Strike"],"picked":"SKIP","floor":13}],"player_experience":2119046,"relics_obtained":[{"floor":9,"key":"Toy Ornithopter"}],"event_choices":[{"damage_healed":0,"gold_gain":0,"player_choice":"Box","damage_taken":0,"relics_obtained":["MawBank"],"max_hp_gain":0,"max_hp_loss":0,"event_name":"Big Fish","floor":3,"gold_loss":0,"cards_obtained":["Regret"]},{"damage_healed":0,"gold_gain":50,"player_choice":"Touch","damage_taken":6,"max_hp_gain":0,"max_hp_loss":0,"event_name":"FaceTrader","floor":5,"gold_loss":0},{"damage_healed":0,"gold_gain":75,"player_choice":"Gather Gold","damage_taken":11,"max_hp_gain":0,"max_hp_loss":0,"event_name":"World of Goop","floor":14,"gold_loss":0}],"is_beta":false,"boss_relics":[],"items_purged_floors":[],"is_endless":false,"potions_floor_spawned":[1,4,11],"killed_by":"Slime Boss","ascension_level":18}}