{"host":"12lnwhc48gjtaggg","time":1609414714,"event":{"mods":["Aspiration","BaseMod","BetterRewards","Gold Saver","GungeonMod","Infinite Spire","Minty Spire (QoL Compilation)","Remove Card Discount Mod","Shop Mod","StSLib","Trackpad","[IsaacMod]????"],"gold_per_floor":[706,722,737,737,912,912,925,957,957,968,968,979,853,872,872,975,975,988,988,988,988,988,988,988],"floor_reached":23,"playtime":1657,"items_purged":["Doubt"],"score":306,"play_id":"97a7f400-0cc2-49d6-b533-a7bcf3f1283d","local_time":"20201231113834","is_ascension_mode":true,"campfire_choices":[{"data":"DemoMod:ChanceBullets","floor":6,"key":"SMITH"},{"floor":11,"key":"REST"},{"floor":15,"key":"REST"}],"circlet_count":0,"master_deck":["DemoMod:Strike_Huntress","DemoMod:Strike_Huntress","DemoMod:Strike_Huntress","DemoMod:Defend_Huntress","DemoMod:Defend_Huntress","DemoMod:Defend_Huntress","DemoMod:Defend_Huntress","DemoMod:Roll","DemoMod:ManualReload","DemoMod:CrossBow","Apotheosis","DemoMod:GunShield","DemoMod:MegaHand","DemoMod:ChanceBullets+1","DemoMod:Polaris","DemoMod:TripleGun","DemoMod:PotionOfGunFriendShip","DemoMod:ShadowBullets","DemoMod:Desperate","DemoMod:Polaris","Writhe","infinitespire:Execution","DemoMod:ShadowBullets","Pain"],"relics":["DemoMod:Dog","HushsDoor","SteamSale","aspiration:HatOfInfinitePower","Torii","Turnip","GnawedLeaf","aspiration:ChemicalBlood","Strawberry","Cursed Key","Vajra","DemoMod:MeltedRock","Anchor"],"acts_visited":["Exordium","TheCity"],"potions_floor_usage":[16,16,23,23,23,23],"damage_taken":[{"damage":0,"enemies":"2 Louse","floor":1,"turns":3},{"damage":6,"enemies":"Small Slimes","floor":2,"turns":3},{"damage":1,"enemies":"Jaw Worm","floor":3,"turns":2},{"damage":0,"enemies":"Blue Slaver","floor":7,"turns":3},{"damage":8,"enemies":"Lagavulin","floor":8,"turns":8},{"damage":12,"enemies":"2 Fungi Beasts","floor":10,"turns":3},{"damage":1,"enemies":"Looter","floor":12,"turns":4},{"damage":23,"enemies":"Exordium Thugs","floor":14,"turns":4},{"damage":6,"enemies":"Hexaghost","floor":16,"turns":7},{"damage":0,"enemies":"Spheric Guardian","floor":18,"turns":4},{"damage":84,"enemies":"Nightmare","floor":23,"turns":8}],"seed_played":"-6735197484417844790","potions_obtained":[{"floor":3,"key":"DemoMod:LeadSkinPotion"},{"floor":10,"key":"BlessingOfTheForge"},{"floor":16,"key":"SpeedPotion"},{"floor":18,"key":"Block Potion"}],"is_trial":false,"path_per_floor":["M","M","M","?","?","R","M","E","T","M","R","M","$","M","R","B",null,"M","?","AVR","?","T","NM"],"character_chosen":"HUNTRESS","items_purchased":["Apotheosis","Torii","DemoMod:PotionOfGunFriendShip","DemoMod:ShadowBullets","Strawberry"],"campfire_rested":2,"item_purchase_floors":[0,0,13,13,13],"current_hp_per_floor":[43,37,36,43,43,43,43,35,35,23,44,43,50,27,50,44,77,77,77,77,77,77,0,0],"gold":988,"neow_bonus":"","is_daily":false,"chose_seed":false,"campfire_upgraded":1,"win_rate":0.0,"timestamp":1609414714,"path_taken":["M","M","M","?","?","R","M","E","T","M","R","M","?","M","R","BOSS","M","?","AVR","?","?","NM"],"items_purchased_type":["Card","Relic","Card","Card","Relic"],"build_version":"2020-12-22","purchased_purges":1,"victory":false,"max_hp_per_floor":[70,70,70,70,70,70,70,70,70,70,70,70,77,77,77,77,77,77,77,77,77,77,77,77],"card_choices":[{"not_picked":["DemoMod:FastSwitch","DemoMod:CursedBullets"],"picked":"DemoMod:GunShield","floor":1},{"not_picked":["DemoMod:ConditionalReflex","DemoMod:SniperShot"],"picked":"DemoMod:MegaHand","floor":2},{"not_picked":["DemoMod:SniperShot","Bomb"],"picked":"DemoMod:ChanceBullets","floor":3},{"not_picked":["DemoMod:MachoBrace","DemoMod:BattleInHaste"],"picked":"DemoMod:Polaris","floor":7},{"not_picked":["DemoMod:SAA","DemoMod:FastSwitch"],"picked":"DemoMod:Purify","floor":8},{"not_picked":["DemoMod:DirectionalPad","DemoMod:EasyReloadBullets"],"picked":"DemoMod:TripleGun","floor":10},{"not_picked":["DemoMod:TableSutra","DemoMod:HardPowerCard","DemoMod:Ejector"],"picked":"SKIP","floor":12},{"not_picked":["DemoMod:TeaPot","DemoMod:Camera"],"picked":"Bomb","floor":14},{"not_picked":["DemoMod:BulletBore","DemoMod:Elimentaler"],"picked":"DemoMod:Desperate","floor":16},{"not_picked":["DemoMod:FastSwitch","DemoMod:BoxingGlove+1"],"picked":"DemoMod:Polaris","floor":18}],"player_experience":349329,"relics_obtained":[{"floor":8,"key":"GnawedLeaf"},{"floor":9,"key":"aspiration:ChemicalBlood"},{"floor":22,"key":"Anchor"}],"event_choices":[{"damage_healed":0,"gold_gain":175,"player_choice":"AGREE","damage_taken":0,"max_hp_gain":0,"max_hp_loss":0,"event_name":"Liars Game","floor":5,"gold_loss":0,"cards_obtained":["Doubt"]},{"damage_healed":0,"gold_gain":0,"player_choice":"Opened","damage_taken":0,"relics_obtained":["Vajra"],"max_hp_gain":0,"max_hp_loss":0,"event_name":"The Mausoleum","floor":19,"gold_loss":0,"cards_obtained":["Writhe"]},{"damage_healed":0,"gold_gain":0,"player_choice":"Copied","damage_taken":0,"max_hp_gain":0,"max_hp_loss":0,"event_name":"Duplicator","floor":21,"gold_loss":0,"cards_obtained":["DemoMod:ShadowBullets"]}],"is_beta":false,"boss_relics":[{"not_picked":["DemoMod:Wolf","aspiration:RunicSpoon"],"picked":"Cursed Key"},{"not_picked":[]}],"items_purged_floors":[20],"is_endless":false,"potions_floor_spawned":[3,10,16,18],"killed_by":"Nightmare","ascension_level":1}}