{"host":"zit9o0ax6c2l3y2b","time":1609458541,"event":{"mods":["Aspiration","BaseMod","Colored Map","Conspire","Downfall","Glutton Mod","Hermit","Hubris","Infinite Spire","Minty Spire (QoL Compilation)","Random Character Button","Relic Filter","Replay The Spire","Shade Mod","Shop Mod","StSLib","The Construct","The Cursed","The Disciple","The Runesmith","TheArtist"],"gold_per_floor":[109,109,59,69,69,69,101,101,101,101,136,136,152,172,172,274,274,284,284,60,75,108,108,142,153,153,185,202,202,235,246,246,350,350,367,367,559,579,590,619,619,654,654,654,654,46,62,93,93,93],"floor_reached":51,"playtime":2656,"items_purged":["Shade:Strike_Shade"],"score":1172,"play_id":"4aae7a0b-1889-4eaa-bf7b-1f10285fb128","local_time":"20201231184901","is_ascension_mode":true,"campfire_choices":[{"data":"Shade:SensePrey","floor":6,"key":"SMITH"},{"data":"hubris:DuctTapeCard","floor":8,"key":"SMITH"},{"data":"Shade:Bonestorm","floor":10,"key":"SMITH"},{"data":"Shade:AnimateDead","floor":12,"key":"SMITH"},{"data":"Shade:WallOfFlesh","floor":15,"key":"SMITH"},{"data":"Shade:AblativeArmor","floor":23,"key":"SMITH"},{"data":"Shade:OminousRitual","floor":29,"key":"SMITH"},{"data":"Shade:SkeletonArmy","floor":32,"key":"SMITH"},{"data":"Shade:FuneraryJewels","floor":41,"key":"SMITH"},{"data":"Shade:Haruspicy","floor":44,"key":"SMITH"},{"data":"Shade:FeralStrike","floor":49,"key":"PURGE"}],"circlet_count":0,"master_deck":["Shade:Defend_Shade","Shade:Defend_Shade","Shade:AnimateDead+1","Shade:FeralStrike","Shade:WallOfFlesh+1","Shade:Bonestorm+1","Shade:Premonition","hubris:DuctTapeCard+2","Shade:FuneraryJewels+1","Shade:LoseControl","Shade:AblativeArmor+1","Shade:FuneraryArmor+1","Shade:SensePrey","Shade:CloudOfShrapnel+1","Shade:FreshBones+1","Shade:Brains+1","Shade:SkeletonArmy+1","Shade:SensePrey+1","Shade:FreshBones+1","Shade:FleshLikeOak+1","Shade:Haruspicy+1","Shade:FuneraryJewels","Shade:GreaterAnimation"],"relics":["Shade:YorickSkull","NeowsBlessing","hubris:DuctTape","aspiration:FrozenJewel","BranchBurnRelic","Philosopher\u0027s Stone","Juzu Bracelet","aspiration:TomeofQuesting","Replay:PocketPolymizer","The Courier","aspiration:HiddenCompartment","hubris:ToyBattleship","infinitespire:Cupcake","infinitespire:ShieldingShard","hubris:TinFlute","Runesmith:Nanobots","Chemical X","infinitespire:BottledMercury","Replay:Accelerometer","Incense Burner"],"acts_visited":["Exordium","TheCity","TheBeyond"],"potions_floor_usage":[14,22,22,22,22,24,27,30,30,42,47,50,50],"damage_taken":[{"damage":0,"enemies":"2 Louse","floor":1,"turns":1},{"damage":0,"enemies":"Cultist","floor":4,"turns":1},{"damage":0,"enemies":"3 Sentries","floor":7,"turns":1},{"damage":0,"enemies":"Gremlin Nob","floor":11,"turns":4},{"damage":0,"enemies":"Jaw Worm","floor":13,"turns":2},{"damage":0,"enemies":"Exordium Wildlife","floor":14,"turns":4},{"damage":2,"enemies":"Hexaghost","floor":16,"turns":7},{"damage":0,"enemies":"3 Byrds","floor":18,"turns":3},{"damage":4,"enemies":"Chosen","floor":21,"turns":4},{"damage":0,"enemies":"conspire:MimicChest","floor":22,"turns":4},{"damage":11,"enemies":"Slavers","floor":24,"turns":4},{"damage":0,"enemies":"3 Cultists","floor":25,"turns":4},{"damage":7,"enemies":"Book of Stabbing","floor":27,"turns":4},{"damage":3,"enemies":"Cultist and Chosen","floor":28,"turns":4},{"damage":0,"enemies":"Slavers","floor":30,"turns":3},{"damage":0,"enemies":"Shelled Parasite and Fungi","floor":31,"turns":4},{"damage":0,"enemies":"Pondfish","floor":33,"turns":5},{"damage":0,"enemies":"3 Shapes","floor":35,"turns":3},{"damage":0,"enemies":"3 Darklings","floor":38,"turns":3},{"damage":0,"enemies":"Jaw Worm Horde","floor":39,"turns":3},{"damage":11,"enemies":"Giant Head","floor":40,"turns":6},{"damage":0,"enemies":"Nemesis","floor":42,"turns":4},{"damage":0,"enemies":"Transient","floor":47,"turns":5},{"damage":2,"enemies":"R_Hoarder","floor":48,"turns":5},{"damage":0,"enemies":"infinitespire:MassOfShapes","floor":50,"turns":8}],"seed_played":"-435820731378483882","potions_obtained":[{"floor":4,"key":"EntropicBrew"},{"floor":7,"key":"SteroidPotion"},{"floor":13,"key":"Guardian:BlockOnCardUsePotion"},{"floor":14,"key":"Strength Potion"},{"floor":18,"key":"PowerPotion"},{"floor":22,"key":"Toxic Potion"},{"floor":24,"key":"Milkshake"},{"floor":28,"key":"Adrenaline Potion"},{"floor":33,"key":"ColorlessPotion"},{"floor":38,"key":"Reflective Coating"},{"floor":40,"key":"AttackPotion"},{"floor":42,"key":"PowerPotion"},{"floor":47,"key":"Energy Potion"}],"is_trial":false,"path_per_floor":["M","?","$","M","?","R","E","R","T","R","E","R","M","M","R","B",null,"M","?","$","M","?","R","E","M","T","E","M","R","E","M","R","B",null,"M","?","?","M","M","E","R","E","T","R","?","$","M","E","R_BF","B",null],"character_chosen":"SHADE","items_purchased":["Shade:WallOfFlesh","Juzu Bracelet","Shade:FuneraryJewels","Chemical X","infinitespire:BottledMercury","Replay:Accelerometer"],"campfire_rested":0,"item_purchase_floors":[3,20,46,46,46,46],"current_hp_per_floor":[65,65,65,65,65,65,65,65,65,65,65,65,65,65,65,65,65,65,65,65,61,61,61,57,57,57,50,47,47,56,56,56,65,65,65,65,65,65,65,54,54,65,65,65,65,65,65,63,63,65],"gold":93,"neow_bonus":"THREE_ENEMY_KILL","is_daily":false,"chose_seed":false,"campfire_upgraded":10,"win_rate":0.0,"timestamp":1609458541,"path_taken":["M","?","?","M","?","R","E","R","T","R","E","R","M","M","R","BOSS","M","?","$","M","?","R","E","M","T","E","M","R","E","M","R","BOSS","M","?","?","M","M","E","R","E","T","R","?","?","M","E","R_BF","BOSS"],"items_purchased_type":["Card","Relic","Card","Relic","Relic","Relic"],"build_version":"2020-12-22","purchased_purges":1,"victory":true,"max_hp_per_floor":[65,65,65,65,65,65,65,65,65,65,65,65,65,65,65,65,65,65,65,65,65,65,65,65,65,65,65,65,65,65,65,65,65,65,65,65,65,65,65,65,65,65,65,65,65,65,65,65,65,65],"card_choices":[{"not_picked":["Shade:SpontaneousRitual","Shade:LyeBath"],"picked":"Shade:SensePrey","floor":1},{"not_picked":["Shade:ClawBack","Shade:FuneraryArmor"],"picked":"Shade:Bonestorm","floor":4},{"not_picked":["Shade:CommandSoldier","Shade:LichForm"],"picked":"Shade:Premonition","floor":7},{"not_picked":["Shade:Haruspicy","Shade:Premonition"],"picked":"Shade:FuneraryJewels","floor":11},{"not_picked":["Shade:WallOfFlesh","Shade:TouchOfTheGrave","Shade:ExtraLimbs"],"picked":"SKIP","floor":13},{"not_picked":["Shade:WallOfFlesh","Shade:DangerousRitual","Shade:FingerOfDeath"],"picked":"SKIP","floor":14},{"not_picked":["Shade:Tombstone","Shade:SoulPierce"],"picked":"Shade:LoseControl","floor":16},{"not_picked":["Shade:SkeletonHug","Shade:CallOfTheGrave","Shade:SpectralStrikes"],"picked":"SKIP","floor":18},{"not_picked":["Shade:SkeletonHug","Shade:CallOfTheGrave","Shade:SpectralStrikes"],"picked":"SKIP","floor":18},{"not_picked":["Shade:FingerOfDeath","Shade:ScuttlingHand"],"picked":"Shade:AblativeArmor","floor":21},{"not_picked":["Shade:SoulToxin","Shade:Asphyxiate"],"picked":"Shade:FuneraryArmor+1","floor":22},{"not_picked":["Shade:Asphyxiate+1","Shade:WallOfFlesh","Shade:CoffinDance"],"picked":"SKIP","floor":24},{"not_picked":["Shade:Haruspicy","Shade:FingerOfDeath"],"picked":"Shade:SensePrey","floor":25},{"not_picked":["Shade:AblativeArmor","Shade:Premonition"],"picked":"Shade:CloudOfShrapnel+1","floor":27},{"not_picked":["Shade:ExtraLimbs+1","Shade:FleshToFlesh","Shade:Bonestorm"],"picked":"SKIP","floor":28},{"not_picked":["Shade:Doomsay","Shade:GreyBargain+1"],"picked":"Shade:FreshBones+1","floor":30},{"not_picked":["Shade:RitualOffering","Shade:TouchOfTheGrave"],"picked":"Shade:Brains+1","floor":31},{"not_picked":["Shade:GreyBargain+1","Shade:OpenGraves+1","Shade:SanguineRitual"],"picked":"SKIP","floor":35},{"not_picked":["Shade:Asphyxiate","Shade:CallOfTheGrave"],"picked":"Shade:SensePrey+1","floor":37},{"not_picked":["Shade:SkeletonHug","Shade:BoneShards","Shade:SkeletonArmy+1"],"picked":"SKIP","floor":38},{"not_picked":["Shade:Patience+1","Shade:AncientSpear"],"picked":"Shade:FreshBones+1","floor":39},{"not_picked":["Shade:FleshLikeOak+1","Shade:AncientSpear+1","Shade:RavenousHorde+1"],"picked":"SKIP","floor":40},{"not_picked":["Shade:AncientSpear+1","Shade:RavenousHorde+1"],"picked":"Shade:FleshLikeOak+1","floor":40},{"not_picked":["Shade:Trample","Shade:FleshToFlesh+1","Shade:SpontaneousRitual+1"],"picked":"SKIP","floor":42},{"not_picked":["Shade:ScuttlingHand","Shade:SkeletonHug","Shade:Brains+1"],"picked":"SKIP","floor":47},{"not_picked":["Shade:SanguineRitual+1","Shade:BoneShards","Shade:Brains+1"],"picked":"SKIP","floor":48}],"player_experience":414703,"relics_obtained":[{"floor":7,"key":"hubris:DuctTape"},{"floor":9,"key":"aspiration:FrozenJewel"},{"floor":11,"key":"Dead Branch"},{"floor":22,"key":"aspiration:TomeofQuesting"},{"floor":24,"key":"Replay:PocketPolymizer"},{"floor":26,"key":"The Courier"},{"floor":27,"key":"aspiration:HiddenCompartment"},{"floor":30,"key":"hubris:ToyBattleship"},{"floor":40,"key":"infinitespire:ShieldingShard"},{"floor":42,"key":"hubris:TinFlute"},{"floor":43,"key":"Runesmith:Nanobots"},{"floor":48,"key":"Incense Burner"}],"event_choices":[{"damage_healed":0,"gold_gain":0,"player_choice":"2 cards matched","damage_taken":0,"max_hp_gain":0,"max_hp_loss":0,"event_name":"Match and Keep!","floor":2,"gold_loss":0,"cards_obtained":["Shade:FeralStrike","Shade:LichForm"]},{"cards_removed":["Shade:Strike_Shade"],"damage_healed":0,"gold_gain":0,"player_choice":"Purged","damage_taken":0,"max_hp_gain":0,"max_hp_loss":0,"event_name":"Purifier","floor":19,"gold_loss":0},{"damage_healed":0,"gold_gain":0,"player_choice":"Ignored","damage_taken":0,"max_hp_gain":0,"max_hp_loss":0,"event_name":"Tomb of Lord Red Mask","floor":36,"gold_loss":0},{"cards_removed":["Shade:CarefulCut"],"damage_healed":0,"gold_gain":0,"player_choice":"Removed Attack","damage_taken":0,"max_hp_gain":0,"max_hp_loss":0,"event_name":"Falling","floor":45,"gold_loss":0}],"is_beta":false,"boss_relics":[{"not_picked":["Ectoplasm","Replay:Cursed D8"],"picked":"Philosopher\u0027s Stone"},{"not_picked":["aspiration:FutureDiary","conspire:SlowCooker"],"picked":"infinitespire:Cupcake"}],"items_purged_floors":[20],"is_endless":false,"potions_floor_spawned":[4,7,13,14,18,22,24,28,33,38,40,42,47],"ascension_level":3}}