{"host":"0nndazl0keusavit","time":1609416306,"event":{"mods":["AchievementEnabler","BaseMod","Colored Map","Minty Spire (QoL Compilation)","Relic Stats"],"gold_per_floor":[110,110,23,38,38,82,105,30,98,111,111,124,148,166,166,289,289,289],"floor_reached":17,"playtime":677,"items_purged":["Strike_R"],"score":159,"play_id":"691a5781-7e89-4249-a45b-5eea04c1e15c","local_time":"20201231080506","is_ascension_mode":false,"campfire_choices":[{"floor":11,"key":"REST"},{"floor":15,"key":"REST"}],"circlet_count":0,"master_deck":["Strike_R","Strike_R","Strike_R","Strike_R","Defend_R","Defend_R","Defend_R","Defend_R","Bash","Finesse","Corruption"],"relics":["Fusion Hammer","Golden Idol","Blood Vial","Ornamental Fan","SlaversCollar"],"acts_visited":["Exordium","TheCity"],"potions_floor_usage":[16,16],"damage_taken":[{"damage":2,"enemies":"2 Louse","floor":1,"turns":2},{"damage":1,"enemies":"Cultist","floor":4,"turns":3},{"damage":52,"enemies":"3 Sentries","floor":6,"turns":16},{"damage":0,"enemies":"Jaw Worm","floor":7,"turns":3},{"damage":0,"enemies":"Gremlin Gang","floor":10,"turns":5},{"damage":7,"enemies":"Exordium Wildlife","floor":12,"turns":3},{"damage":0,"enemies":"3 Louse","floor":13,"turns":3},{"damage":8,"enemies":"Blue Slaver","floor":14,"turns":3},{"damage":72,"enemies":"Hexaghost","floor":16,"turns":11}],"seed_played":"4531774224956729060","potions_obtained":[{"floor":4,"key":"Block Potion"},{"floor":6,"key":"PowerPotion"},{"floor":10,"key":"FairyPotion"}],"is_trial":false,"path_per_floor":["M","?","$","M","?","E","M","$","T","M","R","M","M","M","R","B",null],"character_chosen":"IRONCLAD","items_purchased":["Finesse"],"campfire_rested":2,"item_purchase_floors":[3],"current_hp_per_floor":[78,58,58,57,57,5,7,7,7,9,33,28,30,24,48,4,80,80],"gold":289,"neow_bonus":"BOSS_RELIC","is_daily":false,"chose_seed":false,"campfire_upgraded":0,"win_rate":0.0,"timestamp":1609416306,"path_taken":["M","?","$","M","?","E","?","$","T","?","R","M","M","M","R","BOSS"],"items_purchased_type":["Card"],"build_version":"2020-12-22","purchased_purges":1,"victory":false,"max_hp_per_floor":[80,80,80,80,80,80,80,80,80,80,80,80,80,80,80,80,80,80],"relic_stats":{"Blood Vial":12,"counters":[9,49],"Golden Idol":57,"Ornamental Fan":[60],"obtain_stats":[{"Blood Vial":6,"SlaversCollar":17,"Golden Idol":2,"Ornamental Fan":9,"Fusion Hammer":0,"Burning Blood":0},{"Blood Vial":3,"SlaversCollar":9,"Golden Idol":1,"Ornamental Fan":4,"Fusion Hammer":0,"Burning Blood":0},{"Blood Vial":21,"SlaversCollar":49,"Golden Idol":2,"Ornamental Fan":24,"Fusion Hammer":0,"Burning Blood":0}]},"card_choices":[{"not_picked":["Thunderclap","Sentinel","Flex"],"picked":"SKIP","floor":1},{"not_picked":["Flex","Iron Wave","Armaments"],"picked":"SKIP","floor":4},{"not_picked":["Wild Strike","Burning Pact","Infernal Blade"],"picked":"SKIP","floor":6},{"not_picked":["Demon Form","Shrug It Off","Thunderclap"],"picked":"SKIP","floor":7},{"not_picked":["Wild Strike","Dark Embrace","Armaments"],"picked":"SKIP","floor":10},{"not_picked":["Infernal Blade","Body Slam","Warcry"],"picked":"SKIP","floor":12},{"not_picked":["Armaments","Shrug It Off","Twin Strike"],"picked":"SKIP","floor":13},{"not_picked":["Hemokinesis","Thunderclap","Heavy Blade"],"picked":"SKIP","floor":14},{"not_picked":["Offering","Feed"],"picked":"Corruption","floor":16}],"player_experience":861646,"relics_obtained":[{"floor":6,"key":"Blood Vial"},{"floor":9,"key":"Ornamental Fan"}],"event_choices":[{"damage_healed":0,"gold_gain":0,"player_choice":"Take Damage","damage_taken":20,"relics_obtained":["Golden Idol"],"max_hp_gain":0,"max_hp_loss":0,"event_name":"Golden Idol","floor":2,"gold_loss":0},{"damage_healed":0,"gold_gain":0,"player_choice":"0 cards matched","damage_taken":0,"max_hp_gain":0,"max_hp_loss":0,"event_name":"Match and Keep!","floor":5,"gold_loss":0,"cards_obtained":[]}],"is_beta":false,"boss_relics":[{"not_picked":["Velvet Choker","SacredBark"],"picked":"SlaversCollar"}],"items_purged_floors":[8],"is_endless":false,"potions_floor_spawned":[4,6,10,12],"ascension_level":0}}