{"host":"uclt3t1usqzz4m5p","time":1609378769,"event":{"mods":["AchievementEnabler","Arknights The Spire","BaseMod","Better Altar","Better Match","Better Sensory Stone","Better Skull","Better Third Choice","Booster Modes","Card Forge","Colored Powertips","Displayed Cursed Tome","Evolution","GifTheSpireLib","Gremlin Skip","Minty Spire (QoL Compilation)","Permanent Neow","Quick Restart","StSLib","SuperFastMode","The Caster","The Mystic","WarShipGirlsR/????R mod"],"gold_per_floor":[15,30,50,50,63,92,92,123,123,123,123,123,139,153,153,252,252,265,190,225,5,5,5,34,44,97,110,110,27,27,39,39,39,39],"floor_reached":33,"playtime":2917,"items_purged":["mysticmod:Strike_Mystic"],"score":275,"play_id":"7e6fe421-8e3e-4475-963b-2ec3bf02388a","local_time":"20201230173929","is_ascension_mode":false,"campfire_choices":[{"data":"mysticmod:Grapple","floor":7.0,"key":"SMITH"},{"data":"mysticmod:Dedication+1","floor":10.0,"key":"SMITH"},{"data":"mysticmod:Dedication+2","floor":15.0,"key":"SMITH"},{"data":"mysticmod:Spellstrike","floor":23.0,"key":"SMITH"},{"data":"mysticmod:Natural20","floor":28.0,"key":"SMITH"},{"data":"mysticmod:Dedication+3","floor":30.0,"key":"SMITH"},{"data":"mysticmod:Dedication+4","floor":32.0,"key":"SMITH"}],"circlet_count":0,"master_deck":["mysticmod:Strike_Mystic","mysticmod:Defend_Mystic","mysticmod:Defend_Mystic","mysticmod:Defend_Mystic+1","mysticmod:Defend_Mystic","mysticmod:ArcaneDodge","mysticmod:ShockingGrasp","mysticmod:MagicMissile","mysticmod:Probe","mysticmod:PowerSlash","mysticmod:Alacrity","Finesse","mysticmod:LightningBolt","mysticmod:Dedication+5","mysticmod:Grapple+1","mysticmod:Fireball","mysticmod:CorrosiveTouch","mysticmod:PowerSlash","mysticmod:Natural20+1","mysticmod:PreparedCaster+1","mysticmod:Spellstrike+1","mysticmod:Lunge+1","mysticmod:Disintegrate+1","mysticmod:SuddenClarity+1","mysticmod:Spellstrike+1","mysticmod:ComboCaster+1","mysticmod:Disengage+1","mysticmod:ArcaneAccuracy+1","mysticmod:Discipline+1"],"relics":["mysticmod:SpellBook","Hammer of Thor","Seething Fire","Anvil of the Gods","EVO:Axolotl","Frozen Egg 2","Akabeko","Meat on the Bone","Du-Vu Doll","Sozu","Red Mask","PreservedInsect","War Paint"],"acts_visited":["Exordium","TheCity"],"potions_floor_usage":[],"damage_taken":[{"damage":0.0,"enemies":"Jaw Worm","floor":1.0,"turns":3.0},{"damage":0.0,"enemies":"Small Slimes","floor":2.0,"turns":3.0},{"damage":0.0,"enemies":"2 Louse","floor":3.0,"turns":3.0},{"damage":3.0,"enemies":"Looter","floor":5.0,"turns":3.0},{"damage":3.0,"enemies":"3 Sentries","floor":6.0,"turns":6.0},{"damage":25.0,"enemies":"Lagavulin","floor":8.0,"turns":8.0},{"damage":15.0,"enemies":"Gremlin Gang","floor":13.0,"turns":2.0},{"damage":0.0,"enemies":"3 Louse","floor":14.0,"turns":1.0},{"damage":35.0,"enemies":"The Guardian","floor":16.0,"turns":9.0},{"damage":1.0,"enemies":"Chosen","floor":18.0,"turns":4.0},{"damage":0.0,"enemies":"Masked Bandits","floor":20.0,"turns":1.0},{"damage":43.0,"enemies":"Book of Stabbing","floor":24.0,"turns":5.0},{"damage":0.0,"enemies":"3 Byrds","floor":25.0,"turns":2.0},{"damage":0.0,"enemies":"Snecko","floor":27.0,"turns":2.0},{"damage":0.0,"enemies":"Chosen and Byrds","floor":31.0,"turns":3.0},{"damage":61,"enemies":"Collector","floor":33,"turns":6}],"seed_played":"-8853888110550684999","potions_obtained":[{"floor":1.0,"key":"Strength Potion"},{"floor":3.0,"key":"AttackPotion"},{"floor":8.0,"key":"Strength Potion"},{"floor":12.0,"key":"PowerPotion"},{"floor":16.0,"key":"DuplicationPotion"}],"is_trial":false,"path_per_floor":["M","M","M","?","M","E","R","E","T","R","?","?","M","M","R","B",null,"M","?","?","$","$","R","E","M","T","M","R","?","R","M","R","B"],"character_chosen":"MYSTIC_CLASS","items_purchased":["mysticmod:Spellstrike"],"campfire_rested":0,"item_purchase_floors":[21],"current_hp_per_floor":[77,77,77,77,74,71,71,46,46,46,46,46,43,43,43,20,77,76,76,76,76,76,76,45,45,45,45,45,45,45,45,45,0,0],"gold":39,"neow_bonus":"TRANSFORM_TWO_CARDS","is_daily":false,"chose_seed":false,"campfire_upgraded":7,"win_rate":0.0,"timestamp":1609378769,"path_taken":["M","M","M","?","M","E","R","E","T","R","?","?","?","?","R","BOSS","M","?","?","?","$","R","E","M","T","M","R","?","R","M","R","BOSS"],"items_purchased_type":["Card"],"build_version":"2020-12-22","purchased_purges":1,"victory":false,"max_hp_per_floor":[77,77,77,77,77,77,77,77,77,77,77,77,77,77,77,77,77,77,77,77,77,77,77,77,77,77,77,77,77,77,77,77,77,77],"card_choices":[{"not_picked":["mysticmod:PureInstinct","mysticmod:BladeMaster"],"picked":"mysticmod:PowerSlash","floor":1.0},{"not_picked":["mysticmod:Disengage","mysticmod:ComponentsPouch"],"picked":"mysticmod:Alacrity","floor":2.0},{"not_picked":["mysticmod:Riposte","mysticmod:Daze"],"picked":"mysticmod:Dedication","floor":3.0},{"not_picked":["Secret Technique","Discovery"],"picked":"Finesse","floor":4.0},{"not_picked":["mysticmod:HeavyStrike","mysticmod:Sideswipe"],"picked":"mysticmod:LightningBolt","floor":5.0},{"not_picked":["mysticmod:BulkUp","mysticmod:Sideswipe"],"picked":"mysticmod:Grapple","floor":6.0},{"not_picked":["mysticmod:CorrosiveTouch","mysticmod:Alacrity"],"picked":"mysticmod:Fireball","floor":8.0},{"not_picked":["mysticmod:KeenEdge","mysticmod:Alacrity"],"picked":"mysticmod:CorrosiveTouch","floor":13.0},{"not_picked":["mysticmod:BladedDash","mysticmod:Alacrity"],"picked":"mysticmod:PowerSlash","floor":14.0},{"not_picked":["mysticmod:SpontaneousCaster+1","mysticmod:ClosingBarrage"],"picked":"mysticmod:Natural20","floor":16.0},{"not_picked":["mysticmod:CorrosiveTouch","mysticmod:Alacrity"],"picked":"mysticmod:PreparedCaster+1","floor":18.0},{"not_picked":["mysticmod:Doublecast+1","mysticmod:KnowledgePool+1"],"picked":"mysticmod:Spellstrike+1","floor":19.0},{"not_picked":["mysticmod:GeminiForm+1","mysticmod:EnchantedMoulinet+1"],"picked":"mysticmod:Lunge+1","floor":19.0},{"not_picked":["mysticmod:SpontaneousCaster+1","mysticmod:Natural20+1"],"picked":"mysticmod:Disintegrate+1","floor":19.0},{"not_picked":["mysticmod:BladedDash","mysticmod:PowerSlash+1"],"picked":"mysticmod:SuddenClarity","floor":20.0},{"not_picked":["mysticmod:Spellstrike","mysticmod:SuddenClarity+1"],"picked":"mysticmod:ComboCaster+1","floor":24.0},{"not_picked":["mysticmod:Flourish","mysticmod:HeavyStrike"],"picked":"mysticmod:Disengage+1","floor":25.0},{"not_picked":["mysticmod:Daze","mysticmod:Shield"],"picked":"mysticmod:ArcaneAccuracy+1","floor":27.0},{"not_picked":["mysticmod:PowerSlash+1","mysticmod:BladeMaster"],"picked":"mysticmod:Discipline+1","floor":31.0}],"player_experience":573257,"relics_obtained":[{"floor":6.0,"key":"Frozen Egg 2"},{"floor":8.0,"key":"Akabeko"},{"floor":9.0,"key":"Meat on the Bone"},{"floor":20.0,"key":"Red Mask"},{"floor":26.0,"key":"PreservedInsect"}],"event_choices":[{"damage_healed":0.0,"max_hp_gain":0.0,"max_hp_loss":0.0,"gold_gain":1.0,"event_name":"betterStone:BetterStone","player_choice":"1","floor":4.0,"gold_loss":0.0,"damage_taken":0.0},{"damage_healed":0.0,"max_hp_gain":0.0,"max_hp_loss":0.0,"gold_gain":0.0,"event_name":"Dead Adventurer","player_choice":"Searched \u00271\u0027 times","floor":11.0,"gold_loss":0.0,"damage_taken":0.0,"relics_obtained":["Du-Vu Doll"]},{"damage_healed":0.0,"max_hp_gain":0.0,"max_hp_loss":0.0,"gold_gain":0.0,"event_name":"Lab","player_choice":"Got Potions","floor":12.0,"gold_loss":0.0,"damage_taken":0.0},{"damage_healed":0.0,"max_hp_gain":0.0,"max_hp_loss":0.0,"gold_gain":0.0,"event_name":"betterMatch:BetterMatch","player_choice":"3","floor":19.0,"gold_loss":0.0,"damage_taken":0.0,"cards_obtained":["betterMatch:RareCard"]},{"damage_healed":0.0,"max_hp_gain":0.0,"max_hp_loss":0.0,"gold_gain":0.0,"event_name":"Masked Bandits","player_choice":"Fought Bandits","floor":20.0,"gold_loss":0.0,"damage_taken":0.0},{"damage_healed":0.0,"max_hp_gain":0.0,"max_hp_loss":0.0,"gold_gain":0.0,"event_name":"WeMeetAgain","player_choice":"Paid Gold","floor":29.0,"gold_loss":83.0,"damage_taken":0.0,"relics_obtained":["War Paint"]}],"is_beta":false,"boss_relics":[{"not_picked":["Velvet Choker","Runic Pyramid"],"picked":"Sozu"}],"items_purged_floors":[21],"is_endless":false,"potions_floor_spawned":[1,3,8,16,18,27,31],"killed_by":"Collector","ascension_level":0}}