{"host":"3xls0xm49ftugio7","time":1609414572,"event":{"mods":["2.2 Compatiblity","AchievementEnabler","Act Like it!","BaseMod","Colored Powertips","Downfall","GifTheSpireLib","Minty Spire (QoL Compilation)","Quick Restart","Relic Stats","StSLib"],"gold_per_floor":[99,112,22,32,91,91,91,91,110,124,153,150,162,191,223,333,345,357,380,411,443,469,0,53,153,153,173,173,207,307,326,338,440,440,440,455,613,628,645,645,645,246,171,221,256,273,123,123,143,143,143,177,77,77,77],"floor_reached":56,"playtime":3365,"items_purged":["Decay","Slimebound:Strike_Slimebound"],"score":1516,"play_id":"e2e8f4e3-be3a-453b-840b-d4995b03217c","local_time":"20201231133612","is_ascension_mode":true,"campfire_choices":[{"data":"Slimebound:Split","floor":1.0,"key":"SMITH"},{"data":"Slimebound:RejuvenatingLick","floor":6.0,"key":"SMITH"},{"data":"Slimebound:Overexert","floor":13.0,"key":"SMITH"},{"data":"Slimebound:HauntingLick","floor":18.0,"key":"SMITH"},{"data":"Slimebound:Nibble","floor":26.0,"key":"SMITH"},{"data":"Slimebound:SplitLeeching","floor":28.0,"key":"SMITH"},{"data":"Slimebound:MassRepurpose","floor":35,"key":"SMITH"},{"data":"Slimebound:MassFeed","floor":40,"key":"SMITH"},{"floor":43,"key":"RECALL"},{"data":"Slimebound:MinionMaster","floor":47,"key":"SMITH"},{"data":"Slimebound:RejuvenatingLick","floor":54,"key":"SMITH"}],"circlet_count":0,"master_deck":["Slimebound:Defend_Slimebound","Slimebound:Defend_Slimebound","Slimebound:Defend_Slimebound","Slimebound:Defend_Slimebound","Slimebound:Split+1","Slimebound:CorrosiveSpit","Slimebound:RainOfGoop","Slimebound:Recollect","Slimebound:SlimeBarrage","Slimebound:RejuvenatingLick+1","Slimebound:Prepare","Slimebound:HauntingLick+1","Slimebound:SlimeSpikes","Slimebound:Overexert+1","Slimebound:SplitAcid","Slimebound:DisruptingSlam","Slimebound:SplitMire","Slimebound:MassRepurpose+1","Slimebound:Nibble+1","Slimebound:SlimeBarrage+1","Slimebound:RainOfGoop+1","Slimebound:SplitMire+1","Slimebound:Nibble","expansioncontent:GuardianWhirl","Slimebound:SplitLeeching+1","Slimebound:MinionMaster+1","Slimebound:GoopTackle","Slimebound:HauntingLick","Slimebound:ForwardTackle","Slimebound:LeechEnergy","Slimebound:OneTwoCombo","Slimebound:RejuvenatingLick+1","Slimebound:Nibble","Slimebound:Dissolve+1","Slimebound:SplitMire+1","Slimebound:MassFeed+1","Slimebound:RejuvenatingLick+1","Slimebound:SlimeTap","Slimebound:SplitAcid+1","Slimebound:SplitSpecialist+1"],"relics":["Slimebound:AbsorbEndCombat","Pantograph","Guardian:GemstoneGun","MawBank","Coffee Dripper","Slimebound:AggressiveSlimeRelic","hexamod:BolsterEngine","Ancient Tea Set","Calipers","Meat on the Bone","Blue Candle","MutagenicStrength","expansioncontent:StudyCardRelic","Orrery","Gremlin Horn","ClockworkSouvenir","downfall:HeartBlessingBlue","Gambling Chip","White Beast Statue","downfall:HeartBlessingRed","downfall:HeartBlessingGreen","Pear"],"acts_visited":["Exordium","TheCity","TheBeyond","TheEnding"],"potions_floor_usage":[32,52,55,55],"damage_taken":[{"damage":21.0,"enemies":"Small Slimes","floor":2.0,"turns":4.0},{"damage":10.0,"enemies":"downfall:FleeingMerchant","floor":3.0,"turns":4.0},{"damage":22.0,"enemies":"Jaw Worm","floor":4.0,"turns":4.0},{"damage":35.0,"enemies":"Gremlin Nob","floor":5.0,"turns":4.0},{"damage":0.0,"enemies":"Cultist","floor":9.0,"turns":3.0},{"damage":16.0,"enemies":"Lots of Slimes","floor":10.0,"turns":4.0},{"damage":36.0,"enemies":"3 Sentries","floor":11.0,"turns":7.0},{"damage":13.0,"enemies":"downfall:FleeingMerchant","floor":12.0,"turns":4.0},{"damage":5.0,"enemies":"Large Slime","floor":14.0,"turns":4.0},{"damage":0.0,"enemies":"3 Louse","floor":15.0,"turns":1.0},{"damage":49.0,"enemies":"downfall:Ironclad","floor":16.0,"turns":4.0},{"damage":16.0,"enemies":"Shell Parasite","floor":19.0,"turns":4.0},{"damage":16.0,"enemies":"3 Byrds","floor":20.0,"turns":3.0},{"damage":10.0,"enemies":"Cultist and Chosen","floor":21.0,"turns":4.0},{"damage":10.0,"enemies":"Centurion and Healer","floor":22.0,"turns":5.0},{"damage":11.0,"enemies":"downfall:FleeingMerchant","floor":23.0,"turns":4.0},{"damage":8.0,"enemies":"downfall:Watcher","floor":25.0,"turns":4.0},{"damage":12.0,"enemies":"Snake Plant","floor":27.0,"turns":2.0},{"damage":12.0,"enemies":"Book of Stabbing","floor":29.0,"turns":2.0},{"damage":28.0,"enemies":"downfall:Augmenter","floor":30.0,"turns":3.0},{"damage":8.0,"enemies":"Chosen and Byrds","floor":31.0,"turns":3.0},{"damage":8,"enemies":"Centurion and Healer","floor":32,"turns":1},{"damage":29,"enemies":"downfall:Defect","floor":33,"turns":4},{"damage":4,"enemies":"Orb Walker","floor":36,"turns":1},{"damage":4,"enemies":"downfall:FleeingMerchant","floor":37,"turns":1},{"damage":8,"enemies":"3 Shapes","floor":38,"turns":1},{"damage":12,"enemies":"Spire Growth","floor":39,"turns":2},{"damage":4,"enemies":"Mind Bloom Boss Battle","floor":44,"turns":2},{"damage":8,"enemies":"Reptomancer","floor":45,"turns":2},{"damage":20,"enemies":"Jaw Worm Horde","floor":46,"turns":2},{"damage":8,"enemies":"Writhing Mass","floor":49,"turns":2},{"damage":45,"enemies":"downfall:Silent","floor":50,"turns":4},{"damage":67,"enemies":"downfall:CharBossMerchant","floor":52,"turns":5},{"damage":52,"enemies":"downfall:NeowBoss","floor":55,"turns":16}],"seed_played":"-7540807389686138616","potions_obtained":[{"floor":5.0,"key":"FearPotion"},{"floor":9.0,"key":"FearPotion"},{"floor":14.0,"key":"DuplicationPotion"},{"floor":16.0,"key":"sneckomod:MuddlingPotion"},{"floor":20.0,"key":"Explosive Potion"},{"floor":22.0,"key":"Regen Potion"},{"floor":25.0,"key":"ColorlessPotion"},{"floor":32,"key":"CultistPotion"},{"floor":52,"key":"DistilledChaos"}],"is_trial":false,"path_per_floor":["R","M","$","M","?","R","T","?","M","M","E","$","R","M","M","B",null,"R","M","M","M","M","$","T","?","R","M","R","E","?","M","M","B",null,"R","M","$","M","M","R","T","$","R","?","E","M","R","?","M","B",null,"E","$","R","B",null],"character_chosen":"SLIMEBOUND","items_purchased":["Slimebound:AggressiveSlimeRelic","hexamod:BolsterEngine","Slimebound:Nibble","expansioncontent:GuardianWhirl","Slimebound:Nibble","Orrery","Gremlin Horn","ClockworkSouvenir"],"campfire_rested":0,"item_purchase_floors":[23,23,23,23,37,37,42,42],"current_hp_per_floor":[72,61,67,63,40,40,40,40,48,52,28,31,31,36,36,38,72,72,72,72,72,72,72,72,72,72,72,72,72,70,72,72,64,72,72,72,72,72,75,75,75,75,85,85,85,85,85,85,85,84,85,64,64,64,95],"gold":77,"neow_bonus":"TWENTY_PERCENT_HP_BONUS","is_daily":false,"chose_seed":false,"campfire_upgraded":10,"win_rate":0.0,"timestamp":1609414572,"path_taken":["R","M","$","M","?","R","T","?","M","?","E","$","R","M","M","BOSS","R","M","M","M","M","?","T","?","R","M","R","E","?","M","M","BOSS","R","M","$","M","M","R","T","$","R","?","E","M","R","?","M","BOSS","E","$","R","BOSS"],"items_purchased_type":["Relic","Relic","Card","Card","Card","Relic","Relic","Relic"],"build_version":"2020-12-22","purchased_purges":2,"victory":true,"max_hp_per_floor":[72,72,72,72,72,72,72,72,72,72,72,72,72,72,72,72,72,72,72,72,72,72,72,72,72,72,72,72,72,72,72,72,72,72,72,72,72,72,75,75,75,75,85,85,85,85,85,85,85,85,85,95,95,95,95],"relic_stats":{"Gremlin Horn":[8,8],"counters":[34,115],"Pantograph":50,"Blue Candle":[3],"Gambling Chip":[9],"MawBank":144,"obtain_stats":[{"Slimebound:AggressiveSlimeRelic":23,"Calipers":25,"Pear":52,"Gremlin Horn":42,"downfall:HeartBlessingRed":47,"Guardian:GemstoneGun":7,"Blue Candle":29,"downfall:HeartBlessingGreen":47,"expansioncontent:StudyCardRelic":34,"MawBank":11,"Ancient Tea Set":24,"White Beast Statue":45,"ClockworkSouvenir":42,"downfall:HeartBlessingBlue":43,"Pantograph":5,"MutagenicStrength":30,"Gambling Chip":44,"Orrery":37,"Slimebound:AbsorbEndCombat":0,"Coffee Dripper":17,"hexamod:BolsterEngine":23,"Meat on the Bone":25},{"Slimebound:AggressiveSlimeRelic":16,"Calipers":17,"Pear":33,"Gremlin Horn":27,"downfall:HeartBlessingRed":30,"Guardian:GemstoneGun":4,"Blue Candle":19,"downfall:HeartBlessingGreen":30,"expansioncontent:StudyCardRelic":23,"MawBank":7,"Ancient Tea Set":16,"White Beast Statue":29,"ClockworkSouvenir":27,"downfall:HeartBlessingBlue":27,"Pantograph":4,"MutagenicStrength":20,"Gambling Chip":28,"Orrery":25,"Slimebound:AbsorbEndCombat":0,"Coffee Dripper":11,"hexamod:BolsterEngine":16,"Meat on the Bone":17},{"Slimebound:AggressiveSlimeRelic":58,"Calipers":62,"Pear":99,"Gremlin Horn":82,"downfall:HeartBlessingRed":88,"Guardian:GemstoneGun":14,"Blue Candle":66,"downfall:HeartBlessingGreen":88,"expansioncontent:StudyCardRelic":77,"MawBank":26,"Ancient Tea Set":58,"White Beast Statue":86,"ClockworkSouvenir":82,"downfall:HeartBlessingBlue":82,"Pantograph":14,"MutagenicStrength":69,"Gambling Chip":84,"Orrery":79,"Slimebound:AbsorbEndCombat":0,"Coffee Dripper":38,"hexamod:BolsterEngine":58,"Meat on the Bone":62}],"Meat on the Bone":0},"card_choices":[{"not_picked":["Slimebound:SplitLeeching","Slimebound:SamplingLick"],"picked":"Slimebound:RainOfGoop","floor":2.0},{"not_picked":["Slimebound:Schlurp","Slimebound:SlimeSpikes"],"picked":"Slimebound:Recollect","floor":3.0},{"not_picked":["Slimebound:SpikyOuterGoop","Slimebound:Gluttony"],"picked":"Slimebound:SlimeBarrage","floor":4.0},{"not_picked":["Slimebound:SplitLeeching","Slimebound:GrowthPunch"],"picked":"Slimebound:RejuvenatingLick","floor":5.0},{"not_picked":["Slimebound:SlimeSpikes","Slimebound:SplitAcid"],"picked":"Slimebound:HauntingLick","floor":9.0},{"not_picked":["Slimebound:SplitLeeching","Slimebound:SamplingLick"],"picked":"Slimebound:SlimeSpikes","floor":10.0},{"not_picked":["Slimebound:Equalize","Slimebound:GrowthPunch"],"picked":"Slimebound:Overexert","floor":11.0},{"not_picked":["Slimebound:SlimeSpikes","Slimebound:SamplingLick"],"picked":"Slimebound:SplitAcid","floor":12.0},{"not_picked":["Slimebound:GoopTackle","Slimebound:LeechingTouch"],"picked":"Slimebound:DisruptingSlam","floor":14.0},{"not_picked":["Slimebound:ServeAndProtect","Slimebound:SlimeTap"],"picked":"Slimebound:SplitMire","floor":15.0},{"not_picked":["Slimebound:LeechLife","Slimebound:DouseInSlime"],"picked":"Slimebound:MassRepurpose","floor":16.0},{"not_picked":["Slimebound:SpikyOuterGoop","Slimebound:ViciousTackle+1"],"picked":"Slimebound:Nibble","floor":19.0},{"not_picked":["Slimebound:GrowthPunch","Slimebound:Gluttony","Slimebound:SlimeTap"],"picked":"SKIP","floor":20.0},{"not_picked":["Slimebound:RollThrough+1","Slimebound:FirmFortitude"],"picked":"Slimebound:SlimeBarrage+1","floor":21.0},{"not_picked":["Slimebound:RollThrough+1","Slimebound:ComboTackle"],"picked":"Slimebound:RainOfGoop+1","floor":22.0},{"not_picked":["Slimebound:Gluttony","Slimebound:LeechEnergy"],"picked":"Slimebound:SplitMire+1","floor":23.0},{"not_picked":["Slimebound:FinishingTackle","Slimebound:RollThrough+1"],"picked":"Slimebound:SplitLeeching","floor":27.0},{"not_picked":["Slimebound:DivideAndConquer","Slimebound:ComboTackle+1","Slimebound:FinishingTackle"],"picked":"SKIP","floor":29.0},{"not_picked":["Slimebound:RollThrough","Slimebound:HauntingLick"],"picked":"Slimebound:MinionMaster","floor":30.0},{"not_picked":["Slimebound:Dissolve","Slimebound:Chomp"],"picked":"Slimebound:ForwardTackle","floor":31},{"not_picked":["Slimebound:Schlurp+1","Slimebound:ServeAndProtect"],"picked":"Slimebound:LeechEnergy","floor":32},{"not_picked":["Slimebound:MinionMaster","Slimebound:OozeBath"],"picked":"Slimebound:OneTwoCombo","floor":33},{"not_picked":["Slimebound:LivingWall","Slimebound:SlimeSpikes","Slimebound:PressTheAttack"],"picked":"SKIP","floor":36},{"not_picked":["Slimebound:LeadByExample+1","Slimebound:Equalize"],"picked":"Slimebound:RejuvenatingLick","floor":37},{"not_picked":["Slimebound:ForwardTackle+1","Slimebound:Chomp"],"picked":"Slimebound:Dissolve+1","floor":37},{"not_picked":["Slimebound:ServeAndProtect","Slimebound:GoopTackle+1"],"picked":"Slimebound:SplitMire+1","floor":37},{"not_picked":["Slimebound:SplitAcid+1","Slimebound:SlimeSpikes"],"picked":"Slimebound:MassFeed","floor":37},{"not_picked":["Slimebound:LeechEnergy","Slimebound:SplitBruiser+1"],"picked":"Slimebound:RejuvenatingLick+1","floor":37},{"not_picked":["Slimebound:GoopSpray","Slimebound:Gluttony+1","Slimebound:RollThrough+1"],"picked":"SKIP","floor":38},{"not_picked":["Slimebound:SplitBruiser","Slimebound:ComboTackle","Slimebound:ViciousTackle"],"picked":"SKIP","floor":39},{"not_picked":["Slimebound:SlimeSlap","Slimebound:Dissolve"],"picked":"Slimebound:SlimeTap","floor":45},{"not_picked":["Slimebound:SplitBruiser","Slimebound:FinishingTackle+1"],"picked":"Slimebound:SplitAcid+1","floor":46},{"not_picked":["Slimebound:SplitLeeching","Slimebound:SplitBruiser+1","Slimebound:PressTheAttack+1"],"picked":"SKIP","floor":49},{"not_picked":["Slimebound:LevelUp","Slimebound:LeechingTouch+1"],"picked":"Slimebound:SplitSpecialist+1","floor":52}],"player_experience":843349,"relics_obtained":[{"floor":5.0,"key":"Pantograph"},{"floor":7.0,"key":"Guardian:GemstoneGun"},{"floor":11.0,"key":"MawBank"},{"floor":24.0,"key":"Ancient Tea Set"},{"floor":25.0,"key":"Calipers"},{"floor":25.0,"key":"Meat on the Bone"},{"floor":29.0,"key":"Blue Candle"},{"floor":30.0,"key":"MutagenicStrength"},{"floor":44,"key":"Gambling Chip"},{"floor":45,"key":"White Beast Statue"},{"floor":52,"key":"Pear"}],"event_choices":[{"damage_healed":0.0,"max_hp_gain":0.0,"max_hp_loss":0.0,"gold_gain":0.0,"cards_transformed":["Slimebound:Strike_Slimebound"],"event_name":"Transmorgrifier","player_choice":"Transformed","floor":8.0,"gold_loss":0.0,"damage_taken":0.0,"cards_obtained":["Slimebound:Prepare"]}],"is_beta":false,"boss_relics":[{"not_picked":["Pandora\u0027s Box","Tiny House"],"picked":"Coffee Dripper"},{"not_picked":["Velvet Choker","Black Star"],"picked":"expansioncontent:StudyCardRelic"}],"items_purged_floors":[3,53],"is_endless":false,"potions_floor_spawned":[5,9,14,16,20,22,25,31,32,38,44,45,46,49,52],"ascension_level":4}}