{"host":"dcj2yvrgcvh5dl2s","time":1609423971,"event":{"mods":["BaseMod","Better Note","Block Reminder","Colored Powertips","DeckTracker","Minty Spire (QoL Compilation)","Quick Restart","Rare Cards Sparkle","Relic Stats","StSLib"],"gold_per_floor":[110,110,124,143,62,95,113,138,163,163,163,174,70,70,70,144,144,162,162,4,4,54,86,86,120,120,131,31,31,44,44,44,44,44],"floor_reached":33,"playtime":5615,"items_purged":["Regret","Pain"],"score":553,"play_id":"e11869ee-5965-476f-862e-bd8d8b0d927a","local_time":"20210101001251","is_ascension_mode":true,"campfire_choices":[{"floor":11,"key":"REST"},{"floor":15,"key":"REST"},{"floor":24,"key":"REST"},{"floor":29,"key":"REST"},{"floor":32,"key":"REST"}],"circlet_count":0,"master_deck":["AscendersBane","Strike_R","Strike_R","Strike_R","Strike_R","Strike_R","Defend_R","Defend_R","Defend_R","Defend_R","Bash","Cleave+1","Cleave","Flex","Whirlwind","Heavy Blade+1","Reaper","Carnage","Flex","Limit Break","Shrug It Off","Shrug It Off+1","Sword Boomerang","Infernal Blade"],"relics":["Burning Blood","NeowsBlessing","Mercury Hourglass","Vajra","PreservedInsect","Pen Nib","Shuriken","Cursed Key","Lantern","Toy Ornithopter","Art of War","Whetstone"],"acts_visited":["Exordium","TheCity"],"potions_floor_usage":[16,16],"damage_taken":[{"damage":0,"enemies":"Jaw Worm","floor":1,"turns":1},{"damage":0,"enemies":"Cultist","floor":3,"turns":1},{"damage":0,"enemies":"Small Slimes","floor":4,"turns":1},{"damage":30,"enemies":"3 Sentries","floor":6,"turns":4},{"damage":16,"enemies":"3 Louse","floor":7,"turns":2},{"damage":36,"enemies":"Gremlin Nob","floor":8,"turns":4},{"damage":12,"enemies":"Exordium Wildlife","floor":12,"turns":2},{"damage":42,"enemies":"Hexaghost","floor":16,"turns":9},{"damage":14,"enemies":"3 Byrds","floor":18,"turns":3},{"damage":40,"enemies":"Slavers","floor":23,"turns":3},{"damage":61,"enemies":"Gremlin Leader","floor":25,"turns":5},{"damage":6,"enemies":"Spheric Guardian","floor":27,"turns":3},{"damage":19,"enemies":"Centurion and Healer","floor":30,"turns":5},{"damage":63,"enemies":"Champ","floor":33,"turns":6}],"seed_played":"-2566519761568290899","potions_obtained":[{"floor":2,"key":"Dexterity Potion"},{"floor":2,"key":"Swift Potion"},{"floor":12,"key":"DistilledChaos"}],"is_trial":false,"path_per_floor":["M","?","M","M","$","E","M","E","T","?","R","M","$","?","R","B",null,"M","?","$","?","?","E","R","E","T","M","$","R","M","?","R","B"],"character_chosen":"IRONCLAD","items_purchased":["Whirlwind","Flex","Lantern"],"campfire_rested":5,"item_purchase_floors":[5,13,20],"current_hp_per_floor":[74,74,75,75,75,51,41,11,11,11,33,27,27,16,38,11,59,51,30,30,46,46,27,51,20,20,20,20,44,37,37,61,0,0],"gold":44,"neow_bonus":"THREE_ENEMY_KILL","is_daily":false,"chose_seed":false,"campfire_upgraded":0,"win_rate":0.0,"timestamp":1609423971,"path_taken":["M","?","?","?","$","E","M","E","T","?","R","M","$","?","R","BOSS","M","?","$","?","?","E","R","E","T","M","?","R","?","?","R","BOSS"],"items_purchased_type":["Card","Card","Relic"],"build_version":"2020-12-22","purchased_purges":2,"victory":false,"max_hp_per_floor":[75,75,75,75,75,75,75,75,75,75,75,75,75,75,75,75,75,75,80,80,80,80,80,80,80,80,80,80,80,80,80,80,80,80],"relic_stats":{"counters":[14,49],"Shuriken":[7],"PreservedInsect":89,"Pen Nib":[7],"Art of War":[0],"Whetstone":["Cleave","Heavy Blade"],"Cursed Key":1,"obtain_stats":[{"Lantern":20,"NeowsBlessing":0,"Shuriken":14,"Vajra":8,"PreservedInsect":9,"Pen Nib":10,"Art of War":25,"Whetstone":26,"Cursed Key":17,"Burning Blood":0,"Toy Ornithopter":23,"Mercury Hourglass":6},{"Lantern":9,"NeowsBlessing":0,"Shuriken":7,"Vajra":6,"PreservedInsect":6,"Pen Nib":6,"Art of War":11,"Whetstone":11,"Cursed Key":8,"Burning Blood":0,"Toy Ornithopter":10,"Mercury Hourglass":4},{"Lantern":27,"NeowsBlessing":0,"Shuriken":15,"Vajra":13,"PreservedInsect":13,"Pen Nib":13,"Art of War":35,"Whetstone":35,"Cursed Key":24,"Burning Blood":0,"Toy Ornithopter":30,"Mercury Hourglass":7}],"Burning Blood":67,"Toy Ornithopter":0,"Mercury Hourglass":[171]},"card_choices":[{"not_picked":["Thunderclap","Dual Wield"],"picked":"Cleave","floor":1},{"not_picked":["Second Wind","Sever Soul"],"picked":"Cleave","floor":3},{"not_picked":["Sword Boomerang","Hemokinesis"],"picked":"Flex","floor":4},{"not_picked":["Warcry","Berserk"],"picked":"Heavy Blade","floor":6},{"not_picked":["Armaments","Perfected Strike","Sever Soul"],"picked":"SKIP","floor":7},{"not_picked":["Iron Wave","Metallicize"],"picked":"Reaper","floor":8},{"not_picked":["Warcry","Headbutt"],"picked":"Carnage","floor":12},{"not_picked":["Corruption","Demon Form"],"picked":"Limit Break","floor":16},{"not_picked":["Flex","Twin Strike"],"picked":"Shrug It Off","floor":18},{"not_picked":["Burning Pact","Evolve"],"picked":"Shrug It Off+1","floor":23},{"not_picked":["Corruption","Headbutt","Flame Barrier"],"picked":"SKIP","floor":25},{"not_picked":["Rage","Havoc"],"picked":"Sword Boomerang","floor":27},{"not_picked":["Disarm","Flame Barrier"],"picked":"Infernal Blade","floor":30}],"player_experience":2132256,"relics_obtained":[{"floor":6,"key":"Mercury Hourglass"},{"floor":8,"key":"Vajra"},{"floor":9,"key":"PreservedInsect"},{"floor":23,"key":"Toy Ornithopter"},{"floor":25,"key":"Art of War"},{"floor":26,"key":"Whetstone"}],"event_choices":[{"damage_healed":0,"gold_gain":0,"player_choice":"Got Potions","damage_taken":0,"max_hp_gain":0,"max_hp_loss":0,"event_name":"Lab","floor":2,"gold_loss":0},{"damage_healed":0,"gold_gain":0,"player_choice":"Box","damage_taken":0,"relics_obtained":["Pen Nib"],"max_hp_gain":0,"max_hp_loss":0,"event_name":"Big Fish","floor":10,"gold_loss":0,"cards_obtained":["Regret"]},{"damage_healed":0,"gold_gain":0,"player_choice":"Success","damage_taken":11,"relics_obtained":["Shuriken"],"max_hp_gain":0,"max_hp_loss":0,"event_name":"Scrap Ooze","floor":14,"gold_loss":0},{"damage_healed":0,"gold_gain":0,"player_choice":"Shed Blood","damage_taken":26,"max_hp_gain":5,"max_hp_loss":0,"event_name":"Forgotten Altar","floor":19,"gold_loss":0},{"damage_healed":16,"gold_gain":0,"player_choice":"Heal","damage_taken":0,"max_hp_gain":0,"max_hp_loss":0,"event_name":"The Library","floor":21,"gold_loss":0},{"damage_healed":0,"gold_gain":50,"player_choice":"Stole From Cult","damage_taken":0,"max_hp_gain":0,"max_hp_loss":0,"event_name":"Nest","floor":22,"gold_loss":0},{"damage_healed":0,"gold_gain":0,"player_choice":"Ignored","damage_taken":0,"max_hp_gain":0,"max_hp_loss":0,"event_name":"Vampires","floor":31,"gold_loss":0}],"is_beta":false,"boss_relics":[{"not_picked":["Calling Bell","SacredBark"],"picked":"Cursed Key"}],"items_purged_floors":[13,28],"is_endless":false,"potions_floor_spawned":[4,12],"killed_by":"Champ","ascension_level":18}}