{"host":"bu0lvejwxlz725fi","time":1609428737,"event":{"mods":["AchievementEnabler","BaseMod","Downfall","Marisa????????","Minty Spire (QoL Compilation)","StSLib","The Disciple","The Hierophant","The Necromancer","The Senshi","The Servant 0.9.4"],"gold_per_floor":[369,15,15,35,10,10,38,38,38,38,38,58,104,156,156,227,227,259,259,107,143,152,152,207,267,292,326,357,95,152,152,152,289,289,347,437,13,84,84,84,78,78],"floor_reached":41,"playtime":19785,"items_purged":[],"score":583,"play_id":"dd035db4-ae28-46f5-9ef9-41fde3f3b6e7","local_time":"20201231163217","is_ascension_mode":false,"campfire_choices":[{"data":"hierophant:ChurchCoffers","floor":6,"key":"SMITH"},{"floor":8,"key":"REST"},{"data":"1","floor":10,"key":"LIFT"},{"data":"2","floor":15,"key":"LIFT"},{"data":"3","floor":23,"key":"LIFT"},{"floor":32,"key":"REST"},{"floor":40,"key":"REST"}],"circlet_count":0,"master_deck":["hierophant:Punish","hierophant:Defend_Hierophant","hierophant:Defend_Hierophant","hierophant:ChurchCoffers+1","hierophant:Smite","hierophant:Sermon","hierophant:Purify","hierophant:FaithHealing+1","hierophant:RustyCrate+1","hierophant:Doubloon+1","hierophant:Doubloon+1","hierophant:Smite","hierophant:Exaltation+1","hierophant:Determination","CurseOfTheBell","hierophant:Sermon+1","hierophant:Encroach+1","hierophant:Charity","hierophant:Doubloon+1","hierophant:Smite","hierophant:EyeForCoin+1","hierophant:Doubloon+1","hierophant:HolyVerse+1","hierophant:Doomsaying+1","hierophant:Patience+1","hierophant:Doubloon+1","hierophant:Exaltation+1","hierophant:FieryStrike+1","hierophant:Invocation+1","hierophant:AuricShield+1","hierophant:Martyrdom","hierophant:Doubloon+1","hierophant:Community","Bite","Bite","Bite","Bite","hierophant:Doubloon+1","hierophant:Charity+1","hierophant:Doubloon+1","hierophant:Kindle+1","Apotheosis+1","hierophant:Endure+1","hierophant:Zeal+1","hierophant:PristineSoul+1","hierophant:HammerAndAnvil+1","hierophant:Exaltation+1","hierophant:PassingBell+1","hierophant:FieryStrike+1","hierophant:HolyVerse+1","hierophant:SealAway+1","hierophant:Batter+1","hierophant:Doubloon+1"],"relics":["hierophant:PropheticMaskRelic","Medical Kit","Vajra","Gremlin Horn","Toxic Egg 2","Girya","Calling Bell","Happy Flower","Pantograph","CaptainsWheel","Bottled Flame","Dream Catcher","Smiling Mask","Astrolabe","Molten Egg 2"],"acts_visited":["Exordium","TheCity","TheBeyond"],"potions_floor_usage":[16,24,24,38],"damage_taken":[{"damage":16,"enemies":"Jaw Worm","floor":1,"turns":5},{"damage":4,"enemies":"Small Slimes","floor":4,"turns":2},{"damage":16,"enemies":"Gremlin Nob","floor":7,"turns":3},{"damage":0,"enemies":"Cultist","floor":12,"turns":3},{"damage":3,"enemies":"3 Louse","floor":13,"turns":2},{"damage":4,"enemies":"Red Slaver","floor":14,"turns":2},{"damage":30,"enemies":"Hexaghost","floor":16,"turns":8},{"damage":0,"enemies":"Spheric Guardian","floor":18,"turns":4},{"damage":13,"enemies":"Shell Parasite","floor":21,"turns":3},{"damage":0,"enemies":"Centurion and Healer","floor":22,"turns":3},{"damage":24,"enemies":"Book of Stabbing","floor":24,"turns":5},{"damage":14,"enemies":"Sentry and Sphere","floor":25,"turns":4},{"damage":6,"enemies":"3 Cultists","floor":27,"turns":3},{"damage":26,"enemies":"Snake Plant","floor":28,"turns":4},{"damage":33,"enemies":"Slavers","floor":30,"turns":4},{"damage":54,"enemies":"Champ","floor":33,"turns":12},{"damage":5,"enemies":"3 Darklings","floor":35,"turns":6},{"damage":8,"enemies":"3 Shapes","floor":36,"turns":3},{"damage":34,"enemies":"Spire Growth","floor":38,"turns":4},{"damage":69,"enemies":"Nemesis","floor":41,"turns":5}],"seed_played":"-967028272366616676","potions_obtained":[{"floor":12,"key":"FairyPotion"},{"floor":14,"key":"Slimebound:ThreeZeroPotion"},{"floor":16,"key":"Energy Potion"},{"floor":18,"key":"Guardian:BlockOnCardUsePotion"},{"floor":33,"key":"Strength Potion"},{"floor":36,"key":"champ:CounterPotion"}],"is_trial":false,"path_per_floor":["M","$","?","M","$","R","E","R","T","R","?","M","M","M","R","B",null,"M","?","$","M","M","R","E","M","T","M","M","$","E","?","R","B",null,"M","M","$","M","?","R","E"],"character_chosen":"HIEROPHANT","items_purchased":["Medical Kit","Vajra","hierophant:Smite","hierophant:Purify","hierophant:Encroach+1","hierophant:Charity","hierophant:Smite","hierophant:Invocation+1","hierophant:AuricShield+1","hierophant:Martyrdom","hierophant:Exaltation+1","Molten Egg 2","hierophant:PassingBell+1","hierophant:FieryStrike+1"],"campfire_rested":3,"item_purchase_floors":[2,2,2,5,20,20,20,29,29,29,37,37,37,37],"current_hp_per_floor":[59,59,56,52,52,52,36,58,58,58,58,58,55,51,51,21,75,75,75,75,62,62,62,46,43,43,37,17,17,7,7,22,7,52,52,50,50,20,20,35,0,0],"gold":78,"neow_bonus":"TWO_FIFTY_GOLD","is_daily":false,"chose_seed":false,"campfire_upgraded":1,"win_rate":0.0,"timestamp":1609428737,"path_taken":["M","$","?","M","$","R","E","R","T","R","?","?","M","M","R","BOSS","M","?","$","M","M","R","E","M","T","?","M","$","E","?","R","BOSS","M","M","$","M","?","R","E"],"items_purchased_type":["Relic","Relic","Card","Card","Card","Card","Card","Card","Card","Card","Card","Relic","Card","Card"],"build_version":"2020-12-22","purchased_purges":0,"victory":false,"max_hp_per_floor":[75,75,75,75,75,75,75,75,75,75,75,75,75,75,75,75,75,75,75,75,75,75,75,75,75,75,75,75,75,75,52,52,52,52,52,52,52,52,52,52,52,52],"card_choices":[{"not_picked":["hierophant:PassingBell","hierophant:Sermon"],"picked":"hierophant:Prophecy","floor":1},{"not_picked":["hierophant:FieryStrike","hierophant:Purify"],"picked":"hierophant:Sermon","floor":4},{"not_picked":["hierophant:ArchangelShield","hierophant:Shelter+1"],"picked":"hierophant:FaithHealing+1","floor":7},{"not_picked":["hierophant:TollTheBells+1","hierophant:Exaltation+1"],"picked":"hierophant:RustyCrate+1","floor":12},{"not_picked":["hierophant:Dazzle+1","hierophant:FlamingChariot"],"picked":"hierophant:Smite","floor":13},{"not_picked":["hierophant:FlamingChariot","hierophant:OrnateBuckler+1"],"picked":"hierophant:Exaltation+1","floor":14},{"not_picked":["hierophant:LocustPlague","hierophant:DivineIntervention+1"],"picked":"hierophant:Determination","floor":16},{"not_picked":["hierophant:Doubloon+1","hierophant:ArchangelShield+1"],"picked":"hierophant:Sermon+1","floor":18},{"not_picked":["hierophant:DisplayOfPower","hierophant:HammerAndAnvil+1"],"picked":"hierophant:EyeForCoin+1","floor":21},{"not_picked":["hierophant:Generosity","hierophant:Zeal"],"picked":"hierophant:HolyVerse+1","floor":22},{"not_picked":["hierophant:RepressedViolence","hierophant:Encroach+1"],"picked":"hierophant:Doomsaying+1","floor":24},{"not_picked":["hierophant:MorningPrayer+1","hierophant:SealAway+1"],"picked":"hierophant:Patience+1","floor":25},{"not_picked":["hierophant:FieryStrike","hierophant:FaithHealing+1"],"picked":"hierophant:Exaltation+1","floor":27},{"not_picked":["hierophant:HammerAndAnvil+1","hierophant:DisplayOfPower"],"picked":"hierophant:FieryStrike+1","floor":28},{"not_picked":["hierophant:Anathema","hierophant:SealAway"],"picked":"hierophant:Community","floor":30},{"not_picked":["hierophant:RustyCrate+1","hierophant:ThreeLashes"],"picked":"hierophant:Charity+1","floor":32},{"not_picked":["hierophant:BulkyChest+1","hierophant:Determination"],"picked":"hierophant:Kindle+1","floor":33},{"not_picked":["hierophant:Smite","hierophant:EyeForCoin+1"],"picked":"hierophant:PristineSoul+1","floor":35},{"not_picked":["hierophant:DisplayOfPower","hierophant:FlamingChariot+1"],"picked":"hierophant:HammerAndAnvil+1","floor":36},{"not_picked":["hierophant:Zeal+1","hierophant:AuricBeam+1"],"picked":"hierophant:HolyVerse+1","floor":38},{"not_picked":["hierophant:ConvertCurrency+1","hierophant:MorningPrayer+1"],"picked":"hierophant:Batter+1","floor":40}],"player_experience":107361,"relics_obtained":[{"floor":7,"key":"Toxic Egg 2"},{"floor":9,"key":"Girya"},{"floor":17,"key":"Happy Flower"},{"floor":17,"key":"Pantograph"},{"floor":17,"key":"CaptainsWheel"},{"floor":24,"key":"Bottled Flame"},{"floor":26,"key":"Dream Catcher"},{"floor":30,"key":"Smiling Mask"}],"event_choices":[{"damage_healed":0,"gold_gain":0,"player_choice":"Success","damage_taken":3,"relics_obtained":["Gremlin Horn"],"max_hp_gain":0,"max_hp_loss":0,"event_name":"Scrap Ooze","floor":3,"gold_loss":0},{"cards_removed":["Pain"],"damage_healed":0,"gold_gain":0,"player_choice":"Took Card","damage_taken":0,"max_hp_gain":0,"max_hp_loss":0,"event_name":"NoteForYourself","floor":11,"gold_loss":0,"cards_obtained":["Strike_G"]},{"cards_removed":["Strike_G"],"damage_healed":0,"gold_gain":0,"player_choice":"Purged","damage_taken":0,"max_hp_gain":0,"max_hp_loss":0,"event_name":"Purifier","floor":19,"gold_loss":0},{"damage_healed":0,"gold_gain":0,"player_choice":"Became a vampire","damage_taken":0,"max_hp_gain":0,"max_hp_loss":23,"event_name":"Vampires","floor":31,"gold_loss":0,"cards_obtained":["Bite","Bite","Bite","Bite","Bite"]},{"damage_healed":0,"gold_gain":0,"cards_transformed":["hierophant:Prophecy"],"player_choice":"Transformed","damage_taken":0,"max_hp_gain":0,"max_hp_loss":0,"event_name":"Transmorgrifier","floor":39,"gold_loss":0,"cards_obtained":["hierophant:SealAway"]}],"is_beta":false,"boss_relics":[{"not_picked":["Snecko Eye","Tiny House"],"picked":"Calling Bell"},{"not_picked":["Runic Pyramid","Fusion Hammer"],"picked":"Astrolabe"}],"items_purged_floors":[],"is_endless":false,"potions_floor_spawned":[12,14,16,18,21,33,36],"killed_by":"Nemesis","ascension_level":0}}