{"host":"7uuqqk35leady37t","time":1609378679,"event":{"mods":["BaseMod","Colored Map","Colored Powertips","Downfall","Marisa£®ÏF”Í°°ƒß¿Ì…≥£©","Minty Spire (QoL Compilation)","Remilia£®¿Ÿ√◊¿Ú—«£©","Robot Space Explorer","StSLib","The Bug Knight","The Servant 0.9.4","Waifu the Spire","Yuri Mod","[IsaacMod]“‘»ˆº‚À˛"],"gold_per_floor":[118,130,143,93,109,143,154,171,171,221,396,423,438,455,455,551,551,565,110,173,173,185,215,235,235,235,255,273,473,505,525,525,525,525],"floor_reached":33,"playtime":1742,"items_purged":[],"score":353,"play_id":"fe783341-b3bc-4722-96af-e0d3d1c3ab4d","local_time":"20201231093759","is_ascension_mode":false,"campfire_choices":[{"floor":15,"key":"REST"},{"data":"Armaments","floor":32,"key":"SMITH"}],"circlet_count":0,"master_deck":["Strike_R","Strike_R","Strike_R","Strike_R","Defend_R","Defend_R","Defend_R","Defend_R","Bash","Heavy Blade","Dual Wield","Armaments+1","Anger","Headbutt","Rampage","Reaper","Headbutt","Doubt","Sever Soul","Headbutt","Bloodletting","Limit Break","Flex","Limit Break","Rampage","Cleave","Perfected Strike","Bloodletting","Flex+1","Pommel Strike","Flex","Flex"],"relics":["Burning Blood","HushsDoor","GuppysPaw","Pocketwatch","Mercury Hourglass","Gremlin Horn","Shuriken","Ancient Tea Set","Orichalcum","Black Star","Frozen Eye","Pen Nib","Regal Pillow","Bag of Preparation","HollowMod:StagPassRelic","TheBible","InkBottle","Champion Belt"],"acts_visited":["Exordium","TheCity"],"potions_floor_usage":[5,10,10,10,12,16,16,31],"damage_taken":[{"damage":0,"enemies":"Cultist","floor":1,"turns":4},{"damage":5,"enemies":"2 Louse","floor":2,"turns":2},{"damage":0,"enemies":"Small Slimes","floor":3,"turns":3},{"damage":16,"enemies":"Gremlin Gang","floor":5,"turns":5},{"damage":36,"enemies":"Lagavulin","floor":6,"turns":6},{"damage":12,"enemies":"Blue Slaver","floor":7,"turns":3},{"damage":0,"enemies":"Looter","floor":8,"turns":3},{"damage":23,"enemies":"Hiden Room Battle","floor":10,"turns":4},{"damage":22,"enemies":"3 Sentries","floor":12,"turns":5},{"damage":3,"enemies":"Lots of Slimes","floor":13,"turns":2},{"damage":6,"enemies":"Exordium Wildlife","floor":14,"turns":2},{"damage":29,"enemies":"Hexaghost","floor":16,"turns":7},{"damage":19,"enemies":"Shell Parasite","floor":18,"turns":4},{"damage":4,"enemies":"Cultist and Chosen","floor":22,"turns":4},{"damage":27,"enemies":"Gremlin Leader","floor":23,"turns":5},{"damage":7,"enemies":"Centurion and Healer","floor":24,"turns":4},{"damage":7,"enemies":"Sentry and Sphere","floor":27,"turns":5},{"damage":18,"enemies":"3 Cultists","floor":28,"turns":4},{"damage":13,"enemies":"Slavers","floor":30,"turns":4},{"damage":14,"enemies":"Centurion and Healer","floor":31,"turns":2},{"damage":57,"enemies":"Collector","floor":33,"turns":5}],"seed_played":"-8516765371864369134","potions_obtained":[{"floor":3,"key":"Fire Potion"},{"floor":6,"key":"SteroidPotion"},{"floor":7,"key":"Block Potion"},{"floor":8,"key":"Weak Potion"},{"floor":10,"key":"HeartOfIron"},{"floor":12,"key":"GamblersBrew"},{"floor":14,"key":"AttackPotion"},{"floor":23,"key":"ElixirPotion"},{"floor":27,"key":"AttackPotion"}],"is_trial":false,"path_per_floor":["M","M","M","?","M","E","M","M","T","?","?","E","M","M","R","B",null,"M","$","?","?","M","E","M","T","T","M","M","?","E","M","R","B"],"character_chosen":"IRONCLAD","items_purchased":["Frozen Eye","Pen Nib","Limit Break"],"campfire_rested":1,"item_purchase_floors":[19,19,19],"current_hp_per_floor":[62,63,69,69,59,29,23,29,29,24,24,35,38,38,58,41,68,55,55,40,40,42,33,40,40,40,45,33,33,38,45,45,0,0],"gold":525,"neow_bonus":"ONE_RARE_RELIC","is_daily":false,"chose_seed":false,"campfire_upgraded":1,"win_rate":0.0,"timestamp":1609378679,"path_taken":["M","M","M","?","M","E","?","M","T","?","?","E","M","M","R","BOSS","M","$","?","?","M","E","M","?","T","M","?","?","E","?","R","BOSS"],"items_purchased_type":["Relic","Relic","Card"],"build_version":"2020-12-22","purchased_purges":0,"victory":false,"max_hp_per_floor":[77,74,74,74,71,71,71,71,71,68,68,68,68,68,68,68,68,68,68,68,68,65,59,59,59,59,56,56,56,53,53,53,41,41],"card_choices":[{"not_picked":[],"picked":"Bomb","floor":0},{"not_picked":["Barricade","Sword Boomerang"],"picked":"Heavy Blade","floor":1},{"not_picked":["Iron Wave","Disarm"],"picked":"Dual Wield","floor":2},{"not_picked":["Battle Trance","Pummel"],"picked":"Armaments","floor":3},{"not_picked":["Shrug It Off","Cleave"],"picked":"Anger","floor":5},{"not_picked":["Battle Trance","Iron Wave"],"picked":"Headbutt","floor":6},{"not_picked":["Feel No Pain","Clothesline"],"picked":"Rampage","floor":7},{"not_picked":["Warcry","Headbutt"],"picked":"Reaper","floor":8},{"not_picked":["Dual Wield","Cleave"],"picked":"Headbutt","floor":10},{"not_picked":["Second Wind","Brutality"],"picked":"Sever Soul","floor":12},{"not_picked":["Blood for Blood","Flame Barrier"],"picked":"Headbutt","floor":13},{"not_picked":["Heavy Blade","Battle Trance"],"picked":"Bloodletting","floor":14},{"not_picked":["Fiend Fire","Offering"],"picked":"Limit Break","floor":16},{"not_picked":["Dark Embrace","Clash"],"picked":"Flex","floor":18},{"not_picked":["Warcry+1","Second Wind"],"picked":"Cleave","floor":22},{"not_picked":["Body Slam","Entrench+1"],"picked":"Perfected Strike","floor":23},{"not_picked":["Rage","Clash+1"],"picked":"Bloodletting","floor":24},{"not_picked":["Body Slam","True Grit"],"picked":"Flex+1","floor":27},{"not_picked":["Flame Barrier+1","Fire Breathing+1"],"picked":"Pommel Strike","floor":28},{"not_picked":["Sword Boomerang+1","Anger"],"picked":"Flex","floor":30},{"not_picked":["Shockwave","Warcry"],"picked":"Flex","floor":31}],"player_experience":32197,"relics_obtained":[{"floor":6,"key":"Mercury Hourglass"},{"floor":9,"key":"Gremlin Horn"},{"floor":10,"key":"Shuriken"},{"floor":10,"key":"Ancient Tea Set"},{"floor":12,"key":"Orichalcum"},{"floor":23,"key":"Regal Pillow"},{"floor":23,"key":"Bag of Preparation"},{"floor":25,"key":"HollowMod:StagPassRelic"},{"floor":26,"key":"TheBible"},{"floor":30,"key":"InkBottle"},{"floor":30,"key":"Champion Belt"}],"event_choices":[{"cards_removed":["Strike_R"],"damage_healed":0,"gold_gain":0,"player_choice":"Card Removal","damage_taken":0,"max_hp_gain":0,"max_hp_loss":0,"event_name":"The Cleric","floor":4,"gold_loss":50},{"damage_healed":0,"gold_gain":0,"player_choice":"Fight","damage_taken":0,"max_hp_gain":0,"max_hp_loss":0,"event_name":"HidenRoomEvent","floor":10,"gold_loss":0},{"damage_healed":0,"gold_gain":175,"player_choice":"AGREE","damage_taken":0,"max_hp_gain":0,"max_hp_loss":0,"event_name":"Liars Game","floor":11,"gold_loss":0,"cards_obtained":["Doubt"]},{"damage_healed":0,"gold_gain":0,"player_choice":"Read","damage_taken":0,"max_hp_gain":0,"max_hp_loss":0,"event_name":"The Library","floor":21,"gold_loss":0,"cards_obtained":["Rampage"]},{"damage_healed":0,"gold_gain":250,"player_choice":"Bet on Owner","damage_taken":0,"max_hp_gain":0,"max_hp_loss":0,"event_name":"The Joust","floor":29,"gold_loss":50}],"is_beta":false,"boss_relics":[{"not_picked":["Empty Cage","Astrolabe"],"picked":"Black Star"},{"not_picked":[]}],"items_purged_floors":[],"is_endless":false,"potions_floor_spawned":[3,6,7,8,10,12,14,23,27],"killed_by":"Collector","ascension_level":0}}