{"host":"2461dio7vetlq1z3","time":1609426079,"event":{"mods":["2.2 Compatiblity","AchievementEnabler","Aspiration","BaseMod","Better Third Choice","Friendly Minions","Hermit","Minty Spire (QoL Compilation)","Relic Stats","Spicy Shops","StSLib","Waifu the Spire"],"gold_per_floor":[109,109,109,119,26,26,46,46,46,46,46,73,73,105,105,182,182,202,213,45,45,45],"floor_reached":21,"playtime":674,"items_purged":[],"score":395,"play_id":"72e94957-dd74-4120-989b-feacda7dafbc","local_time":"20201231154759","is_ascension_mode":true,"campfire_choices":[{"data":"Skewer","floor":6,"key":"SMITH"},{"data":"Loop","floor":10,"key":"SMITH"},{"data":"Biased Cognition","floor":13,"key":"SMITH"},{"data":"Consume","floor":15,"key":"SMITH"}],"circlet_count":0,"master_deck":["AscendersBane","Defend_B","Defend_B","Defend_B","Defend_B","Zap","Dualcast","Capacitor","Underhanded Strike","Skewer+1","Sucker Punch","Darkness","Loop+1","Compile Driver","Melter","Biased Cognition+1","Fusion","Consume+1","Seek","Loop","Genetic Algorithm"],"relics":["Cracked Core","aspiration:Nostalgia","Ring of the Snake","Mango","Gambling Chip","aspiration:Lifesprig","aspiration:Stellarator","OrangePellets"],"acts_visited":["Exordium","TheCity"],"potions_floor_usage":[12,16,19],"damage_taken":[{"damage":4,"enemies":"Jaw Worm","floor":1,"turns":4},{"damage":0,"enemies":"2 Louse","floor":4,"turns":1},{"damage":4,"enemies":"Small Slimes","floor":7,"turns":3},{"damage":20,"enemies":"3 Sentries","floor":12,"turns":3},{"damage":32,"enemies":"Gremlin Nob","floor":14,"turns":4},{"damage":16,"enemies":"The Guardian","floor":16,"turns":7},{"damage":37,"enemies":"Shell Parasite","floor":18,"turns":5},{"damage":6,"enemies":"Spheric Guardian","floor":19,"turns":3},{"damage":31,"enemies":"3 Cultists","floor":21,"turns":3}],"seed_played":"-286228879775155382","potions_obtained":[{"floor":1,"key":"AttackPotion"},{"floor":12,"key":"GamblersBrew"},{"floor":14,"key":"EssenceOfDarkness"}],"is_trial":false,"path_per_floor":["M","?","?","M","$","R","M","?","T","R","?","E","R","E","R","B",null,"M","M","$","M"],"character_chosen":"DEFECT","items_purchased":["Loop","Compile Driver","OrangePellets"],"campfire_rested":0,"item_purchase_floors":[5,5,20],"current_hp_per_floor":[60,60,65,65,65,65,61,61,75,75,75,55,55,23,23,7,69,32,26,26,0,0],"gold":45,"neow_bonus":"NOSTALGIA","is_daily":false,"chose_seed":false,"campfire_upgraded":4,"win_rate":0.0,"timestamp":1609426079,"path_taken":["M","?","?","M","$","R","M","?","T","R","?","E","R","E","R","BOSS","M","?","$","M"],"items_purchased_type":["Card","Card","Relic"],"build_version":"2020-12-22","purchased_purges":0,"victory":false,"max_hp_per_floor":[71,71,76,76,76,76,76,76,90,90,90,90,90,90,90,90,90,90,90,90,90,90],"relic_stats":{"OrangePellets":[1],"counters":[9,33],"Gambling Chip":[19],"obtain_stats":[{"OrangePellets":20,"aspiration:Lifesprig":14,"aspiration:Nostalgia":0,"aspiration:Stellarator":17,"Gambling Chip":12,"Mango":9,"Cracked Core":0,"Ring of the Snake":0},{"OrangePellets":8,"aspiration:Lifesprig":5,"aspiration:Nostalgia":0,"aspiration:Stellarator":6,"Gambling Chip":4,"Mango":3,"Cracked Core":0,"Ring of the Snake":0},{"OrangePellets":30,"aspiration:Lifesprig":15,"aspiration:Nostalgia":0,"aspiration:Stellarator":22,"Gambling Chip":11,"Mango":8,"Cracked Core":0,"Ring of the Snake":0}],"Ring of the Snake":[18]},"card_choices":[{"not_picked":["Redo","Streamline"],"picked":"Capacitor","floor":1},{"not_picked":["Undo","Leap"],"picked":"Darkness","floor":4},{"not_picked":["Beam Cell","Steam"],"picked":"Melter","floor":7},{"not_picked":["Stack","Turbo"],"picked":"Fusion","floor":12},{"not_picked":["Doom and Gloom","Gash"],"picked":"Consume","floor":14},{"not_picked":["Hyperbeam","Buffer"],"picked":"Seek","floor":16},{"not_picked":["Blizzard","Auto Shields"],"picked":"Loop","floor":18},{"not_picked":["Barrage","FTL"],"picked":"Genetic Algorithm","floor":19}],"player_experience":1040720,"relics_obtained":[{"floor":9,"key":"Mango"},{"floor":12,"key":"Gambling Chip"},{"floor":14,"key":"aspiration:Lifesprig"}],"event_choices":[{"damage_healed":0,"gold_gain":0,"player_choice":"Donut","damage_taken":0,"max_hp_gain":5,"max_hp_loss":0,"event_name":"Big Fish","floor":3,"gold_loss":0},{"damage_healed":0,"gold_gain":0,"player_choice":"Searched \u00270\u0027 times","damage_taken":0,"max_hp_gain":0,"max_hp_loss":0,"event_name":"Dead Adventurer","floor":8,"gold_loss":0},{"damage_healed":0,"gold_gain":0,"cards_transformed":["Strike_B"],"player_choice":"Transformed","damage_taken":0,"max_hp_gain":0,"max_hp_loss":0,"event_name":"Transmorgrifier","floor":11,"gold_loss":0,"cards_obtained":["Biased Cognition"]}],"is_beta":false,"boss_relics":[{"not_picked":["Inserter","SacredBark"],"picked":"aspiration:Stellarator"}],"items_purged_floors":[],"is_endless":false,"potions_floor_spawned":[1,12,14],"killed_by":"3 Cultists","ascension_level":20}}