{"host":"r7lw16gtaifltel5","time":1609421076,"event":{"mods":["Arknights The Spire","BaseMod","Hermit","Koishi","Minty Spire (QoL Compilation)","Replay The Spire","StSLib","The Bug Knight","The Cursed","The Gatherer","The Hierophant","The Jungle"],"gold_per_floor":[116,116,126,145,155,182,200,200,200,200,211,211,211,244,244,344,344,363,375,394,404,418,418,438,438,438,451,465,465,235,235,235,332,332,348,362,379,0,0,0,18,18,87,99,99,117,134,150,150,150],"floor_reached":51,"playtime":4025,"items_purged":["Caltrops"],"score":669,"play_id":"d7610380-1177-4ceb-b814-797f0e74cf7e","local_time":"20201231222436","daily_mods":["Draft","Vintage","Heirloom"],"is_ascension_mode":false,"campfire_choices":[{"data":"Noxious Fumes","floor":8.0,"key":"SMITH"},{"floor":10.0,"key":"REST"},{"data":"Regret","floor":12.0,"key":"PURGE"},{"data":"Blade Dance","floor":15.0,"key":"PURGE"},{"data":"Backflip","floor":23.0,"key":"SMITH"},{"data":"Deadly Poison","floor":25.0,"key":"SMITH"},{"floor":29,"key":"DIG"},{"data":"Prepared","floor":32,"key":"SMITH"},{"data":"After Image","floor":40,"key":"SMITH"},{"data":"Backflip","floor":42,"key":"SMITH"},{"data":"Blade Dance","floor":49,"key":"SMITH"}],"circlet_count":0,"master_deck":["Backflip+1","Slice","Deadly Poison+1","Expertise","Deadly Poison+1","Backflip+1","Escape Plan","Prepared+1","Bane","Noxious Fumes+1","Slice","Blade Dance+1","Masterful Stab","Poisoned Stab","Finisher","After Image+1","Replay:Poison Smokescreen+1","Panache+1"],"relics":["Unceasing Top","Replay:Multitool","Snake Skull","TungstenRod","Replay:Bottled Flurry","Bird Faced Urn","Replay:Kaleidoscope","ats:Originium","Ancient Tea Set","Ninja Scroll","Peace Pipe","Mirror","ReplayTheSpireMod:TigerMarble","Black Star","Bag of Marbles","Blood Vial","Bottled Lightning","Bottled Tornado","Turnip","Art of War","Potion Belt","Replay:Bottled Steam","Golden Egg","Akabeko","HollowMod:JonisBlessing","Dream Catcher","Oddly Smooth Stone","HollowMod:LifeEnderRelic","CaptainsWheel","Byrd Skull","HollowMod:PaleOreRelic","Replay:Accelerometer","Du-Vu Doll","HollowMod:StagPassRelic","Orichalcum","The Courier"],"acts_visited":["Exordium","Exordium","TheBeyond"],"potions_floor_usage":[27,50,50,50],"damage_taken":[{"damage":0.0,"enemies":"Jaw Worm","floor":1.0,"turns":2.0},{"damage":5.0,"enemies":"2 Louse","floor":3.0,"turns":2.0},{"damage":0.0,"enemies":"Cultist","floor":4.0,"turns":2.0},{"damage":10.0,"enemies":"Lots of Slimes","floor":5.0,"turns":2.0},{"damage":17.0,"enemies":"Gremlin Nob","floor":6.0,"turns":4.0},{"damage":2.0,"enemies":"3 Louse","floor":7.0,"turns":2.0},{"damage":14.0,"enemies":"Exordium Wildlife","floor":11.0,"turns":3.0},{"damage":6.0,"enemies":"3 Sentries","floor":14.0,"turns":4.0},{"damage":15.0,"enemies":"Slime Boss","floor":16.0,"turns":4.0},{"damage":9.0,"enemies":"theJungle:Flameango_and_Byrd","floor":18.0,"turns":4.0},{"damage":7.0,"enemies":"theJungle:5_Spyders","floor":19.0,"turns":3.0},{"damage":4.0,"enemies":"theJungle:SlimyTreeVines","floor":20.0,"turns":4.0},{"damage":16.0,"enemies":"Snake Plant","floor":21.0,"turns":3.0},{"damage":7.0,"enemies":"theJungle:Snecko_Cultist_And_Trap","floor":22.0,"turns":5.0},{"damage":3.0,"enemies":"theJungle:SlimyTreeVines","floor":24.0,"turns":3.0},{"damage":3,"enemies":"theJungle:2_Flameangoes","floor":27,"turns":4},{"damage":8,"enemies":"theJungle:JungleHuntersEncounter","floor":28,"turns":4},{"damage":8,"enemies":"theJungle:TotemBoss","floor":33,"turns":7},{"damage":0,"enemies":"3 Shapes","floor":35,"turns":3},{"damage":0,"enemies":"3 Darklings","floor":36,"turns":5},{"damage":0,"enemies":"Transient","floor":37,"turns":5},{"damage":0,"enemies":"Sphere and 2 Shapes","floor":41,"turns":2},{"damage":0,"enemies":"Writhing Mass","floor":44,"turns":3},{"damage":0,"enemies":"Jaw Worm Horde","floor":46,"turns":3},{"damage":0,"enemies":"4 Shapes","floor":47,"turns":3},{"damage":0,"enemies":"Maw","floor":48,"turns":5},{"damage":47,"enemies":"Awakened One","floor":50,"turns":10}],"seed_played":"4961737186903692579","potions_obtained":[{"floor":1.0,"key":"SkillPotion"},{"floor":7.0,"key":"Milkshake"},{"floor":11.0,"key":"Languid Potion"},{"floor":14.0,"key":"DuplicationPotion"},{"floor":16.0,"key":"Regen Potion"},{"floor":20.0,"key":"SkillPotion"},{"floor":22.0,"key":"Adrenaline Potion"},{"floor":35,"key":"CunningPotion"},{"floor":37,"key":"BlessingOfTheForge"},{"floor":46,"key":"LifebloodPotion"},{"floor":47,"key":"Energy Potion"}],"is_trial":true,"path_per_floor":["M","?","M","M","M","E","M","R","T","R","M","R","?","E","R","B",null,"M","M","M","M","M","R","M","R","T","M","M","R","$","T","R","B",null,"M","M","M","$","?","R","M","R","T","M","?","M","M","M","R","B",null],"character_chosen":"THE_SILENT","items_purchased":["HollowMod:JonisBlessing","Replay:Poison Smokescreen","Byrd Skull"],"campfire_rested":1,"item_purchase_floors":[30,38,38],"current_hp_per_floor":[70,70,65,65,59,44,44,44,44,65,55,55,55,53,53,42,70,65,60,68,54,55,55,63,63,63,67,62,62,62,62,62,54,70,70,70,70,70,70,70,70,70,70,70,70,70,70,70,70,23],"gold":150,"neow_bonus":"","is_daily":false,"chose_seed":false,"campfire_upgraded":7,"win_rate":0.0,"timestamp":1609421076,"path_taken":["M","?","M","M","M","E","M","R","T","R","M","R","?","E","R","BOSS","M","M","?","M","M","R","M","R","T","M","M","R","$","?","R","BOSS","M","M","M","$","?","R","M","R","T","M","?","M","M","M","R","BOSS"],"items_purchased_type":["Relic","Card","Relic"],"build_version":"2020-12-22","purchased_purges":1,"victory":true,"max_hp_per_floor":[70,70,70,70,70,70,70,70,70,70,70,70,70,70,70,70,70,70,70,70,70,70,70,70,70,70,70,70,70,70,70,70,70,70,70,70,70,70,70,70,70,70,70,70,70,70,70,70,70,70],"card_choices":[{"not_picked":["Skewer","Crippling Poison"],"picked":"Backflip","floor":0.0},{"not_picked":["Accuracy","Choke"],"picked":"Slice","floor":0.0},{"not_picked":["Deflect","Flying Knee"],"picked":"Deadly Poison","floor":0.0},{"not_picked":["PiercingWail","Dagger Spray"],"picked":"Expertise","floor":0.0},{"not_picked":["Deflect","PiercingWail"],"picked":"Deadly Poison","floor":0.0},{"not_picked":["Sucker Punch","Dagger Throw"],"picked":"Backflip","floor":0.0},{"not_picked":["Hidden Blade","Cloak And Dagger"],"picked":"Escape Plan","floor":0.0},{"not_picked":["Underhanded Strike","Finisher"],"picked":"Prepared","floor":0.0},{"not_picked":["Skewer","Slice"],"picked":"Bane","floor":0.0},{"not_picked":["Poisoned Stab","Prepared"],"picked":"Noxious Fumes","floor":0.0},{"not_picked":["Caltrops","Blade Dance"],"picked":"Slice","floor":0.0},{"not_picked":["Eviscerate","PiercingWail"],"picked":"Blade Dance","floor":0.0},{"not_picked":["Flying Knee","Flechettes"],"picked":"Blade Dance","floor":0.0},{"not_picked":["Cloak And Dagger","Dagger Spray"],"picked":"Masterful Stab","floor":0.0},{"not_picked":["Infinite Blades","Underhanded Strike"],"picked":"Caltrops","floor":0.0},{"not_picked":["Acrobatics","Heel Hook"],"picked":"Poisoned Stab","floor":6.0},{"not_picked":["Blade Dance","Cloak And Dagger"],"picked":"Finisher","floor":14.0},{"not_picked":["Poison Darts","Replay:Bag of Tricks"],"picked":"After Image","floor":16.0},{"not_picked":["Impatience","The Bomb"],"picked":"Panache","floor":39}],"player_experience":26764,"relics_obtained":[{"floor":1.0,"key":"Snake Skull"},{"floor":3.0,"key":"Replay:Bottled Flurry"},{"floor":4.0,"key":"Bird Faced Urn"},{"floor":5.0,"key":"Replay:Kaleidoscope"},{"floor":6.0,"key":"ats:Originium"},{"floor":6.0,"key":"Ancient Tea Set"},{"floor":7.0,"key":"Ninja Scroll"},{"floor":9.0,"key":"Peace Pipe"},{"floor":11.0,"key":"Mirror"},{"floor":14.0,"key":"ats:Originium"},{"floor":14.0,"key":"ReplayTheSpireMod:TigerMarble"},{"floor":18.0,"key":"Bag of Marbles"},{"floor":19.0,"key":"Blood Vial"},{"floor":20.0,"key":"Bottled Lightning"},{"floor":21.0,"key":"Bottled Tornado"},{"floor":22.0,"key":"Turnip"},{"floor":24.0,"key":"Art of War"},{"floor":26.0,"key":"Potion Belt"},{"floor":27,"key":"Replay:Bottled Steam"},{"floor":28,"key":"Golden Egg"},{"floor":29,"key":"Akabeko"},{"floor":31,"key":"Dream Catcher"},{"floor":35,"key":"Oddly Smooth Stone"},{"floor":36,"key":"HollowMod:LifeEnderRelic"},{"floor":37,"key":"CaptainsWheel"},{"floor":41,"key":"HollowMod:PaleOreRelic"},{"floor":43,"key":"Replay:Accelerometer"},{"floor":44,"key":"Du-Vu Doll"},{"floor":46,"key":"HollowMod:StagPassRelic"},{"floor":47,"key":"Orichalcum"},{"floor":48,"key":"The Courier"}],"event_choices":[{"damage_healed":0.0,"max_hp_gain":0.0,"max_hp_loss":0.0,"gold_gain":0.0,"event_name":"Big Fish","player_choice":"Box","floor":2.0,"gold_loss":0.0,"damage_taken":0.0,"relics_obtained":["TungstenRod"],"cards_obtained":["Regret"]},{"damage_healed":0.0,"max_hp_gain":0.0,"max_hp_loss":0.0,"gold_gain":0.0,"event_name":"Accursed Blacksmith","player_choice":"Forge","floor":13.0,"gold_loss":0.0,"damage_taken":0.0,"cards_upgraded":["Deadly Poison"]},{"damage_healed":0,"gold_gain":0,"player_choice":"Memory 1","damage_taken":0,"max_hp_gain":0,"max_hp_loss":0,"event_name":"SensoryStone","floor":39,"gold_loss":0}],"is_beta":false,"boss_relics":[{"not_picked":["Coffee Dripper","Replay:Fungal Core"],"picked":"Black Star"},{"not_picked":["Replay:Drink Me","ReplayTheSpireMod:DimensionalGlitch","Abe\u0027s Treasure"]}],"items_purged_floors":[30],"is_endless":false,"potions_floor_spawned":[1,7,11,14,16,20,22,35,37,46,47],"ascension_level":0}}