{"host":"htqwg582tjjtn9p7","time":1609405256,"event":{"mods":["2.2 Compatiblity","AchievementEnabler","Act Like it!","Aspiration","BaseMod","Better Third Choice","Colored Map","Conspire","Curses Come First","Displayed Cursed Tome","Energized Spire","Force Act Four","GifTheSpireLib","Hermit","Highlight Path","JesterMod","Mad Scientist","Minty Spire (QoL Compilation)","Pale of the Ancients","Permanent Neow","Random Character Button","Relic Stats","Replay The Spire","Robot Space Explorer","Somnambulant","Spicy Shops","Spikes Relics","StSLib","Stuff the Spire","The Blue Laboratory","The Disciple","The Dragon Tamer","The Forsaken","The Gatherer","The Judge","The Jungle","The Marked","The Runesmith","The Servant 0.9.4"],"gold_per_floor":[109,109,123,52,71,100,100,111,190,219,219,241,266,286,286,388,388,408,408,422,422,422,449,449,374,442,442,460,490,505,538,538,640,640,653,703,433,433,446,477,34,34,34,59,69,69,100,100,100,100,110,110,110,110,110,129,129,28,28,28,28],"floor_reached":60,"playtime":4583,"items_purged":["Delirium","Pain","Sickly","Intolerance"],"score":1433,"play_id":"58e12c80-99ae-47fb-8218-39fe0fb4b1ae","local_time":"20201231100056","is_ascension_mode":true,"campfire_choices":[{"floor":7.0,"key":"REST"},{"floor":11.0,"key":"REST"},{"data":"hermit:LuckOfTheDraw","floor":15.0,"key":"SMITH"},{"data":"hermit:Determination","floor":24.0,"key":"SMITH"},{"data":"hermit:Horror","floor":27.0,"key":"SMITH"},{"floor":32.0,"key":"REST"},{"floor":42.0,"key":"REST"},{"data":"ReplayTheSpireMod:Faulty Equipment","floor":46.0,"key":"SMITH"},{"data":"hermit:OverwhelmingPower","floor":49.0,"key":"SMITH"},{"data":"hermit:FlashPowder","floor":55,"key":"SMITH"},{"data":"hermit:OverwhelmingPower","floor":57,"key":"SMITH"}],"circlet_count":0,"master_deck":["hermit:Strike_Hermit","hermit:Strike_Hermit","hermit:Strike_Hermit","hermit:Strike_Hermit","hermit:Defend_Hermit","hermit:Defend_Hermit","hermit:Defend_Hermit","hermit:Defend_Hermit","hermit:Snapshot","hermit:Covet","hermit:Horror+1","hermit:GoldenBullet","hermit:GoldenBullet","hermit:Determination+1","hermit:Horror","hermit:Gambit","hermit:LuckOfTheDraw+1","hermit:Quickdraw+1","hermit:Coalescence","hermit:FlashPowder+1","hermit:Gambit","hermit:Coalescence+1","hermit:GhostlyPresence+1","hermit:Deadeye","hermit:OverwhelmingPower+1","StuffTheSpire:CelestialWarden","hermit:OverwhelmingPower+1","WordoMod:Petrified"],"relics":["hermit:DentedPlate","Dead Branch","StuffTheSpire:OldFever","conspire:BottledYoYo","Replay:Mystery Machine","Odd Mushroom","Lantern","energizedSpire:CursedPentagram","ReplayTheSpireMod:Ring of Collecting","aspiration:Lifesprig","hermit:Horseshoe","CrustySpines","theForsaken:ScaryMask","Replay:Ancient Bell","Smiling Mask","Iron Hammer","Gambling Chip","Durian","Medical Kit","Happy Flower","StuffTheSpire:SapphireSignet","StuffTheSpire:ForceGauntlet","Replay:Ringing Soul","Strawberry","paleoftheancients:Timepiece","Gremlin Horn","CultistMask","Thread and Needle","paleoftheancients:SoulOfTheHexaghost"],"acts_visited":["Exordium","TheCity","TheBeyond","TheBeyond"],"potions_floor_usage":[52,52,60,60],"damage_taken":[{"damage":7.0,"enemies":"Jaw Worm","floor":1.0,"turns":3.0},{"damage":1.0,"enemies":"Cultist","floor":3.0,"turns":3.0},{"damage":0.0,"enemies":"2 Louse","floor":5.0,"turns":2.0},{"damage":24.0,"enemies":"3 Sentries","floor":6.0,"turns":10.0},{"damage":0.0,"enemies":"2 Fungi Beasts","floor":8.0,"turns":3.0},{"damage":27.0,"enemies":"Lagavulin","floor":10.0,"turns":7.0},{"damage":0.0,"enemies":"The Mushroom Lair","floor":12.0,"turns":2.0},{"damage":11.0,"enemies":"3 Sentries","floor":13.0,"turns":4.0},{"damage":0.0,"enemies":"Lots of Slimes","floor":14.0,"turns":3.0},{"damage":8.0,"enemies":"Fading Forest","floor":16.0,"turns":11.0},{"damage":6.0,"enemies":"3 Byrds","floor":18.0,"turns":7.0},{"damage":0.0,"enemies":"Spheric Guardian","floor":20.0,"turns":1.0},{"damage":7.0,"enemies":"Gremlin Leader","floor":23.0,"turns":6.0},{"damage":0.0,"enemies":"3 Cultists","floor":28.0,"turns":3.0},{"damage":7.0,"enemies":"Book of Stabbing","floor":29.0,"turns":3.0},{"damage":1.0,"enemies":"Snecko","floor":30.0,"turns":3.0},{"damage":0.0,"enemies":"Gremlin Leader","floor":31.0,"turns":3.0},{"damage":26.0,"enemies":"Pondfish","floor":33.0,"turns":5.0},{"damage":14.0,"enemies":"3 Shapes","floor":35.0,"turns":3.0},{"damage":0.0,"enemies":"Mind Bloom Boss Battle","floor":36.0,"turns":10.0},{"damage":0.0,"enemies":"Orb Walker","floor":39.0,"turns":3.0},{"damage":0.0,"enemies":"Nemesis","floor":40.0,"turns":3.0},{"damage":2.0,"enemies":"Giant Head","floor":44.0,"turns":7.0},{"damage":9.0,"enemies":"Transient","floor":45.0,"turns":5.0},{"damage":0.0,"enemies":"Nemesis","floor":47.0,"turns":5.0},{"damage":9,"enemies":"Replay:Hell Engine","floor":50,"turns":10},{"damage":58,"enemies":"Replay:Hell Engine","floor":51,"turns":5},{"damage":89,"enemies":"Replay:Hell Engine","floor":52,"turns":5},{"damage":45,"enemies":"Replay:Hell Engine","floor":56,"turns":7},{"damage":82,"enemies":"paleoftheancients:N","floor":60,"turns":6}],"seed_played":"2668771037213715602","potions_obtained":[{"floor":5.0,"key":"blueLaboratory:PhilterOfMotion"},{"floor":8.0,"key":"blueLaboratory:BubblePotion"},{"floor":10.0,"key":"ColorlessPotion"},{"floor":12.0,"key":"ColorlessPotion"},{"floor":13.0,"key":"SteroidPotion"},{"floor":16.0,"key":"hermit:Tonic"},{"floor":19.0,"key":"Energy Potion"},{"floor":19.0,"key":"CultistPotion"},{"floor":30.0,"key":"blueLaboratory:PolymorphPotion"},{"floor":39.0,"key":"SkillPotion"},{"floor":56,"key":"SkillPotion"}],"is_trial":false,"path_per_floor":["M","?","M","$","M","E","R","M","T","E","R","?","E","M","R","B",null,"M","?","M","?","?","E","R","$","T","R","M","E","M","E","R","B",null,"M","?","$","?","M","E","$","R","T","E","M","R","E","?","R","B","M","M","?","T","R","M","R","$","?","B"],"character_chosen":"HERMIT","items_purchased":["hermit:GoldenBullet","Medical Kit","Happy Flower","hermit:Deadeye","StuffTheSpire:ForceGauntlet","CultistPotion"],"campfire_rested":4,"item_purchase_floors":[4,37,37,41,41,58],"current_hp_per_floor":[93,93,92,92,92,68,100,100,100,73,105,105,94,94,94,102,102,96,96,96,96,96,89,89,89,89,89,89,82,81,81,107,81,81,67,72,72,83,83,83,83,112,112,113,104,104,111,111,111,106,85,122,125,125,125,106,106,106,106,26,26],"gold":28,"neow_bonus":"BOSS_RELIC","is_daily":false,"chose_seed":false,"campfire_upgraded":7,"win_rate":0.0,"timestamp":1609405256,"path_taken":["M","?","M","?","M","E","R","M","T","E","R","?","E","M","R","BOSS","M","?","?","?","?","E","R","$","T","R","M","E","M","E","R","BOSS","M","?","$","?","M","E","$","R","T","E","M","R","E","?","R","BOSS","M","M","?","T","R","M","R","$","?","BOSS"],"items_purchased_type":["Card","Relic","Relic","Card","Relic","Potion"],"build_version":"2020-12-22","purchased_purges":4,"victory":false,"max_hp_per_floor":[107,107,107,107,107,107,107,107,107,107,107,107,107,107,107,107,107,107,107,107,107,107,107,107,107,107,107,107,107,107,107,107,107,107,107,112,112,112,112,112,112,112,112,115,115,115,122,122,122,122,122,122,125,125,125,128,128,128,128,128,128],"relic_stats":{"Happy Flower":[18],"Gremlin Horn":[17,18],"counters":[30,148],"Dead Branch":[399],"Gambling Chip":[44],"Smiling Mask":225,"Medical Kit":[10],"obtain_stats":[{"Lantern":13,"aspiration:Lifesprig":23,"theForsaken:ScaryMask":31,"Gremlin Horn":50,"Replay:Mystery Machine":10,"Smiling Mask":34,"StuffTheSpire:SapphireSignet":40,"Replay:Ringing Soul":43,"energizedSpire:CursedPentagram":17,"Gambling Chip":34,"Strawberry":47,"MiniBlackHole":44,"Iron Hammer":34,"Happy Flower":37,"hermit:DentedPlate":0,"Dead Branch":2,"StuffTheSpire:ForceGauntlet":41,"paleoftheancients:SoulOfTheHexaghost":56,"Thread and Needle":54,"Replay:Ancient Bell":34,"Odd Mushroom":12,"Medical Kit":37,"paleoftheancients:Timepiece":50,"ReplayTheSpireMod:Ring of Collecting":22,"CultistMask":50,"conspire:BottledYoYo":9,"Durian":36,"hermit:Horseshoe":26,"hermit:Momento":0,"StuffTheSpire:OldFever":6,"CrustySpines":29},{"Lantern":8,"aspiration:Lifesprig":13,"theForsaken:ScaryMask":17,"Gremlin Horn":26,"Replay:Mystery Machine":6,"Smiling Mask":18,"StuffTheSpire:SapphireSignet":22,"Replay:Ringing Soul":22,"energizedSpire:CursedPentagram":10,"Gambling Chip":18,"Strawberry":25,"MiniBlackHole":23,"Iron Hammer":18,"Happy Flower":20,"hermit:DentedPlate":0,"Dead Branch":1,"StuffTheSpire:ForceGauntlet":22,"paleoftheancients:SoulOfTheHexaghost":29,"Thread and Needle":28,"Replay:Ancient Bell":18,"Odd Mushroom":7,"Medical Kit":20,"paleoftheancients:Timepiece":26,"ReplayTheSpireMod:Ring of Collecting":12,"CultistMask":26,"conspire:BottledYoYo":5,"Durian":20,"hermit:Horseshoe":13,"hermit:Momento":0,"StuffTheSpire:OldFever":4,"CrustySpines":15},{"Lantern":34,"aspiration:Lifesprig":62,"theForsaken:ScaryMask":74,"Gremlin Horn":125,"Replay:Mystery Machine":28,"Smiling Mask":79,"StuffTheSpire:SapphireSignet":98,"Replay:Ringing Soul":98,"energizedSpire:CursedPentagram":48,"Gambling Chip":79,"Strawberry":115,"MiniBlackHole":105,"Iron Hammer":79,"Happy Flower":92,"hermit:DentedPlate":0,"Dead Branch":3,"StuffTheSpire:ForceGauntlet":98,"paleoftheancients:SoulOfTheHexaghost":142,"Thread and Needle":135,"Replay:Ancient Bell":79,"Odd Mushroom":30,"Medical Kit":92,"paleoftheancients:Timepiece":125,"ReplayTheSpireMod:Ring of Collecting":56,"CultistMask":125,"conspire:BottledYoYo":21,"Durian":92,"hermit:Horseshoe":62,"hermit:Momento":0,"StuffTheSpire:OldFever":18,"CrustySpines":68}]},"card_choices":[{"not_picked":["hermit:Desperado","hermit:Dive"],"picked":"hermit:PistolWhip","floor":1.0},{"not_picked":["hermit:Enervate","hermit:NoHoldsBarred"],"picked":"hermit:Horror","floor":3.0},{"not_picked":["hermit:Grudge","hermit:Misfire"],"picked":"hermit:GoldenBullet","floor":5.0},{"not_picked":["hermit:DeadMansHand","hermit:Showdown","hermit:Grudge"],"picked":"SKIP","floor":6.0},{"not_picked":["hermit:Glare","hermit:HighCaliber"],"picked":"hermit:Determination","floor":8.0},{"not_picked":["hermit:TakeCover","hermit:ItchyTrigger"],"picked":"hermit:Horror","floor":10.0},{"not_picked":["hermit:Misfire","hermit:HoleUp"],"picked":"hermit:Gambit","floor":13.0},{"not_picked":["hermit:ItchyTrigger","hermit:Dive"],"picked":"hermit:LuckOfTheDraw","floor":14.0},{"not_picked":["hermit:Snipe","hermit:HoleUp","hermit:ItchyTrigger"],"picked":"SKIP","floor":18.0},{"not_picked":["hermit:ItchyTrigger","hermit:Glare","hermit:Snipe"],"picked":"SKIP","floor":20.0},{"not_picked":["hermit:Gambit","hermit:Shortfuse"],"picked":"hermit:Quickdraw+1","floor":23.0},{"not_picked":["hermit:SprayPray","hermit:Feint","hermit:Desperado"],"picked":"SKIP","floor":28.0},{"not_picked":["hermit:HoleUp+1","hermit:Manifest"],"picked":"hermit:Coalescence","floor":29.0},{"not_picked":["hermit:Feint","hermit:Maintenance","hermit:Grudge+1"],"picked":"SKIP","floor":30.0},{"not_picked":["hermit:Manifest","hermit:Maintenance"],"picked":"hermit:FlashPowder","floor":31.0},{"not_picked":["hermit:FatalDesire","hermit:Roughhouse"],"picked":"hermit:Gambit","floor":33.0},{"not_picked":["ReplayTheSpireMod:Restless Dread","Languid"],"picked":"Sickly","floor":34.0},{"not_picked":["AbeCurse","CurseOfTheBell"],"picked":"ReplayTheSpireMod:Faulty Equipment","floor":34.0},{"not_picked":["theForsaken:PlagueCurse","Parasite"],"picked":"Intolerance","floor":34.0},{"not_picked":["hermit:Snipe","hermit:CalledShot+1","hermit:Maintenance+1"],"picked":"SKIP","floor":35.0},{"not_picked":["hermit:BigShot","hermit:GoldenBullet"],"picked":"hermit:Coalescence+1","floor":36.0},{"not_picked":["hermit:NoHoldsBarred","hermit:Manifest","hermit:Ricochet+1"],"picked":"SKIP","floor":39.0},{"not_picked":["hermit:Coalescence","hermit:Malice"],"picked":"hermit:GhostlyPresence+1","floor":40.0},{"not_picked":["hermit:WideOpen+1","hermit:Vantage+1"],"picked":"hermit:OverwhelmingPower","floor":44.0},{"not_picked":["hermit:WideOpen","hermit:Desperado","hermit:Magnum"],"picked":"SKIP","floor":45.0},{"not_picked":["hermit:NoHoldsBarred","hermit:Determination+1","hermit:Ricochet"],"picked":"SKIP","floor":47.0},{"not_picked":["hermit:Scavenge+1","hermit:Misfire","hermit:ItchyTrigger"],"picked":"SKIP","floor":51},{"not_picked":["StuffTheSpire:Harmony","StuffTheSpire:Vigor"],"picked":"StuffTheSpire:CelestialWarden","floor":53},{"not_picked":["hermit:Headshot","hermit:Midnight"],"picked":"hermit:OverwhelmingPower","floor":56}],"player_experience":1834295,"relics_obtained":[{"floor":6.0,"key":"StuffTheSpire:OldFever"},{"floor":9.0,"key":"conspire:BottledYoYo"},{"floor":10.0,"key":"Replay:Mystery Machine"},{"floor":12.0,"key":"Odd Mushroom"},{"floor":13.0,"key":"Lantern"},{"floor":22.0,"key":"ReplayTheSpireMod:Ring of Collecting"},{"floor":23.0,"key":"aspiration:Lifesprig"},{"floor":26.0,"key":"hermit:Horseshoe"},{"floor":29.0,"key":"CrustySpines"},{"floor":31.0,"key":"theForsaken:ScaryMask"},{"floor":36.0,"key":"Durian"},{"floor":40.0,"key":"StuffTheSpire:SapphireSignet"},{"floor":43.0,"key":"Replay:Ringing Soul"},{"floor":44.0,"key":"MiniBlackHole"},{"floor":47.0,"key":"Strawberry"},{"floor":54,"key":"Thread and Needle"},{"floor":56,"key":"paleoftheancients:SoulOfTheHexaghost"}],"event_choices":[{"cards_removed":["hermit:PistolWhip"],"damage_healed":0.0,"max_hp_gain":0.0,"max_hp_loss":0.0,"gold_gain":0.0,"event_name":"WeMeetAgain","player_choice":"Gave Card","floor":2.0,"gold_loss":0.0,"damage_taken":0.0,"relics_obtained":["Dead Branch"]},{"damage_healed":0.0,"max_hp_gain":0.0,"max_hp_loss":0.0,"gold_gain":0.0,"event_name":"Mushrooms","player_choice":"Fought Mushrooms","floor":12.0,"gold_loss":0.0,"damage_taken":0.0},{"damage_healed":0.0,"max_hp_gain":0.0,"max_hp_loss":0.0,"gold_gain":0.0,"event_name":"Lab","player_choice":"Got Potions","floor":19.0,"gold_loss":0.0,"damage_taken":0.0},{"damage_healed":0.0,"max_hp_gain":0.0,"max_hp_loss":0.0,"gold_gain":0.0,"event_name":"conspire:Investor","player_choice":"Leave","floor":21.0,"gold_loss":0.0,"damage_taken":0.0},{"damage_healed":0.0,"max_hp_gain":0.0,"max_hp_loss":0.0,"gold_gain":0.0,"event_name":"MindBloom","player_choice":"Fight","floor":36.0,"gold_loss":0.0,"damage_taken":0.0}],"is_beta":false,"boss_relics":[{"not_picked":["CosmicIsotope","conspire:SlowCooker"],"picked":"energizedSpire:CursedPentagram"},{"not_picked":["ReplayTheSpireMod:DimensionalGlitch","energizedSpire:StickyHand"],"picked":"Replay:Ancient Bell"},{"not_picked":["Replay:Rubber Ducky","MawBank"],"picked":"Smiling Mask"},{"not_picked":["Replay:Bottled Eggs","RoseTintedShades"],"picked":"Iron Hammer"},{"not_picked":["Replay:Multitool","SuspiciousGoo"],"picked":"Gambling Chip"}],"items_purged_floors":[25,37,41,41],"is_endless":false,"potions_floor_spawned":[5,8,10,12,13,16,23,28,30,39,44,56],"killed_by":"paleoftheancients:N","ascension_level":6}}