{"host":"n4oa921u88t6jog9","time":1609384878,"event":{"mods":["AchievementEnabler","BaseMod","DeckTracker","Keyboard Shortcuts","Minty Spire (QoL Compilation)","Quick Restart","StSLib","SuperFastMode"],"gold_per_floor":[111,111,125,141,161,161,177,187,187,203,220,237,237,251,251,251,251],"floor_reached":16,"playtime":654,"items_purged":[],"score":180,"play_id":"8bed74da-3871-4a4c-b4ad-f608000b9c64","local_time":"20201231122118","is_ascension_mode":true,"campfire_choices":[{"data":"Calculated Gamble","floor":6,"key":"SMITH"},{"data":"Cloak And Dagger","floor":15,"key":"SMITH"}],"circlet_count":0,"master_deck":["AscendersBane","Strike_G","Strike_G","Strike_G","Strike_G","Defend_G","Defend_G","Defend_G","Defend_G","Survivor","Neutralize","Acrobatics","Calculated Gamble+1","Backflip","Blade Dance","Dagger Throw","Well Laid Plans","Slice","Cloak And Dagger+1"],"relics":["Ring of the Snake","Ornamental Fan"],"acts_visited":["Exordium"],"potions_floor_usage":[],"damage_taken":[{"damage":1,"enemies":"Jaw Worm","floor":1,"turns":5},{"damage":15,"enemies":"Cultist","floor":3,"turns":5},{"damage":0,"enemies":"Small Slimes","floor":4,"turns":6},{"damage":0,"enemies":"Blue Slaver","floor":5,"turns":5},{"damage":0,"enemies":"Looter","floor":7,"turns":4},{"damage":4,"enemies":"Large Slime","floor":8,"turns":6},{"damage":3,"enemies":"Gremlin Gang","floor":10,"turns":5},{"damage":9,"enemies":"Exordium Thugs","floor":11,"turns":5},{"damage":0,"enemies":"Large Slime","floor":12,"turns":5},{"damage":1,"enemies":"2 Fungi Beasts","floor":14,"turns":4},{"damage":28,"enemies":"Slime Boss","floor":16,"turns":3}],"seed_played":"-5555865118727280155","potions_obtained":[{"floor":3,"key":"SpeedPotion"},{"floor":8,"key":"Fire Potion"}],"is_trial":false,"path_per_floor":["M","?","M","M","M","R","M","M","T","M","M","M","?","M","R","B"],"character_chosen":"THE_SILENT","items_purchased":[],"campfire_rested":0,"item_purchase_floors":[],"current_hp_per_floor":[58,58,43,43,43,43,43,39,39,36,27,27,27,26,26,0,0],"gold":251,"neow_bonus":"REMOVE_CARD","is_daily":false,"chose_seed":false,"campfire_upgraded":2,"win_rate":0.0,"timestamp":1609384878,"path_taken":["M","?","M","M","M","R","M","M","T","M","?","M","?","M","R","BOSS"],"items_purchased_type":[],"build_version":"2020-12-22","purchased_purges":0,"victory":false,"max_hp_per_floor":[66,66,66,66,66,66,66,66,66,66,66,66,66,66,66,66,66],"card_choices":[{"not_picked":["Cloak And Dagger","Skewer"],"picked":"Acrobatics","floor":1},{"not_picked":["Flying Knee","Acrobatics"],"picked":"Backflip","floor":3},{"not_picked":["Caltrops","Deflect"],"picked":"Blade Dance","floor":4},{"not_picked":["Expertise","Bane","Prepared"],"picked":"SKIP","floor":5},{"not_picked":["Poisoned Stab","Blade Dance"],"picked":"Dagger Throw","floor":7},{"not_picked":["Bouncing Flask","Choke"],"picked":"Well Laid Plans","floor":8},{"not_picked":["Backflip","Poisoned Stab"],"picked":"Slice","floor":10},{"not_picked":["Doppelganger","Backstab"],"picked":"Cloak And Dagger","floor":11},{"not_picked":["Masterful Stab","Caltrops","Dagger Throw"],"picked":"SKIP","floor":12},{"not_picked":["Outmaneuver","Dagger Throw","Well Laid Plans"],"picked":"SKIP","floor":14}],"player_experience":369821,"relics_obtained":[{"floor":9,"key":"Ornamental Fan"}],"event_choices":[{"damage_healed":0,"gold_gain":0,"cards_transformed":["Defend_G"],"player_choice":"Transformed","damage_taken":0,"max_hp_gain":0,"max_hp_loss":0,"event_name":"Transmorgrifier","floor":2,"gold_loss":0,"cards_obtained":["Calculated Gamble"]},{"damage_healed":0,"gold_gain":0,"player_choice":"Ignored","damage_taken":0,"max_hp_gain":0,"max_hp_loss":0,"event_name":"Liars Game","floor":13,"gold_loss":0}],"is_beta":false,"boss_relics":[],"items_purged_floors":[],"is_endless":false,"potions_floor_spawned":[3,8,12],"killed_by":"Slime Boss","ascension_level":16}}