{"host":"kiauivt48syq9iz6","time":1609447930,"event":{"mods":["BaseMod","Conspire","Downfall","Hermit","Minty Spire (QoL Compilation)","Replay The Spire","SIMod","StSLib","The Animator","The Construct","The Cursed","The Runesmith","The Servant 0.9.4"],"gold_per_floor":[118,137,137,137,153,153,182,0,0,0,12,24,41,41,41,138,138,152,136,136,136],"floor_reached":20,"playtime":842,"items_purged":[],"score":176,"play_id":"ef8b8399-9a84-470d-9b9b-d6ed42ad27f9","local_time":"20201231135210","is_ascension_mode":false,"campfire_choices":[{"data":"Noxious Fumes","floor":6,"key":"SMITH"},{"floor":10,"key":"REST"},{"floor":15,"key":"REST"}],"circlet_count":0,"master_deck":["Strike_G","Strike_G","Strike_G","Defend_G","Defend_G","Defend_G","Defend_G","Defend_G","Survivor","Neutralize","Blade Dance+1","Dagger Spray","ReplayTheSpireMod:Speed Training","Noxious Fumes+1","Toxin Wave","Fluid Movement","Heel Hook","Tools of the Trade","ReplayTheSpireMod:Speed Training","Acrobatics","ReplayTheSpireMod:Necrosis","Blade Dance+1","conspire:PoisonWeapons"],"relics":["Ring of the Snake","Replay:Bottled Eggs","Replay:Bottled Snecko","Ancient Tea Set","Matryoshka","conspire:SeveredTorchhead"],"acts_visited":["Exordium","TheCity"],"potions_floor_usage":[7,13,16],"damage_taken":[{"damage":0,"enemies":"Cultist","floor":1,"turns":3},{"damage":0,"enemies":"Jaw Worm","floor":2,"turns":3},{"damage":0,"enemies":"conspire:RoseBush","floor":5,"turns":4},{"damage":34,"enemies":"Gremlin Nob","floor":7,"turns":4},{"damage":8,"enemies":"Exordium Thugs","floor":11,"turns":3},{"damage":4,"enemies":"Looter","floor":12,"turns":4},{"damage":9,"enemies":"Gremlin Gang","floor":13,"turns":3},{"damage":29,"enemies":"Hexaghost","floor":16,"turns":11},{"damage":15,"enemies":"Shell Parasite","floor":18,"turns":9},{"damage":25,"enemies":"2 Thieves","floor":19,"turns":5},{"damage":31,"enemies":"Snake Plant","floor":20,"turns":4}],"seed_played":"-5220779001470219336","potions_obtained":[{"floor":1,"key":"Poison Potion"},{"floor":5,"key":"ColorlessPotion"},{"floor":11,"key":"sneckomod:MuddlingPotion"},{"floor":12,"key":"FearPotion"},{"floor":18,"key":"LiquidMemories"}],"is_trial":false,"path_per_floor":["M","M","?","?","M","R","E","$","T","R","M","M","M","?","R","B",null,"M","M","M"],"character_chosen":"THE_SILENT","items_purchased":["Fluid Movement","Ancient Tea Set"],"campfire_rested":2,"item_purchase_floors":[8,8],"current_hp_per_floor":[70,70,67,67,67,67,33,33,33,54,46,42,33,33,54,25,70,55,30,0,0],"gold":136,"neow_bonus":"THREE_CARDS","is_daily":false,"chose_seed":false,"campfire_upgraded":1,"win_rate":0.0,"timestamp":1609447930,"path_taken":["M","?","?","?","M","R","E","$","T","R","?","M","M","?","R","BOSS","M","M","M"],"items_purchased_type":["Card","Relic"],"build_version":"2020-12-22","purchased_purges":0,"victory":false,"max_hp_per_floor":[70,70,70,70,70,70,70,70,70,70,70,70,70,70,70,70,70,70,70,70,70],"card_choices":[{"not_picked":["ReplayTheSpireMod:Tripwire","Finisher"],"picked":"Blade Dance","floor":0},{"not_picked":["Expertise","Poisoned Stab"],"picked":"Dagger Spray","floor":1},{"not_picked":["Crippling Poison","Eviscerate"],"picked":"ReplayTheSpireMod:Speed Training","floor":2},{"not_picked":["Dagger Spray","Slice"],"picked":"Noxious Fumes","floor":5},{"not_picked":["Blade Dance","ReplayTheSpireMod:Speed Training"],"picked":"Toxin Wave","floor":7},{"not_picked":["ReplayTheSpireMod:Exploit Weakness","Eviscerate"],"picked":"Heel Hook","floor":11},{"not_picked":["Blade Dance","Slice"],"picked":"Tools of the Trade","floor":12},{"not_picked":["Draining Mist","conspire:PoisonWeapons"],"picked":"ReplayTheSpireMod:Speed Training","floor":13},{"not_picked":["Venomology","Glass Knife"],"picked":"ReplayTheSpireMod:Necrosis","floor":16},{"not_picked":["Quick Slash","Draining Mist"],"picked":"Blade Dance+1","floor":18},{"not_picked":["Deflect","Slice"],"picked":"conspire:PoisonWeapons","floor":19}],"player_experience":126589,"relics_obtained":[{"floor":7,"key":"Replay:Bottled Snecko"},{"floor":9,"key":"Matryoshka"}],"event_choices":[{"damage_healed":0,"gold_gain":0,"player_choice":"Success","damage_taken":3,"relics_obtained":["Replay:Bottled Eggs"],"max_hp_gain":0,"max_hp_loss":0,"event_name":"Scrap Ooze","floor":3,"gold_loss":0},{"cards_removed":["Strike_G"],"damage_healed":0,"gold_gain":0,"player_choice":"Purged","damage_taken":0,"max_hp_gain":0,"max_hp_loss":0,"event_name":"Purifier","floor":4,"gold_loss":0},{"damage_healed":0,"gold_gain":0,"cards_transformed":["Strike_G"],"player_choice":"Transformed","damage_taken":0,"max_hp_gain":0,"max_hp_loss":0,"event_name":"Transmorgrifier","floor":14,"gold_loss":0,"cards_obtained":["Acrobatics"]}],"is_beta":false,"boss_relics":[{"not_picked":["Runesmith:UraniumAnvil","SacredBark"],"picked":"conspire:SeveredTorchhead"}],"items_purged_floors":[],"is_endless":false,"potions_floor_spawned":[1,5,11,12,18],"killed_by":"Snake Plant","ascension_level":0}}