{"host":"627up2rvtmm0cf0r","time":1609428445,"event":{"mods":["ATMod(阿瑾Mod)","Act Like it!","BaseMod","Better Vampires","CapriCore","Card Filter","Card Forge","Colored Powertips","DeckTracker","Dota2Spire","Friendly Minions","Highlight Path","Infinite Spire","Jedi Mod","Marked Mod","Mimic Mod","Minty Spire (QoL Compilation)","MostiFishMod","Permanent Neow","Practice Mode","Quick Restart","Relic Stats","Shop Mod","Spicy Shops","StSLib","SuperFastMode","TestMod","【遗物卡牌】REMEMod","残留之物","篝火指南"],"gold_per_floor":[-1286,-1286,-1267,-1254,12,46,62,87,87,100,113,113,513,513,513,614,614,626,626,626,639,655,220,249,262,262,289,305,317,345,345,66,161,161,181,200,200,215,215,215,225,260,286,304,322,234,252,252,112,112],"floor_reached":51,"playtime":776,"items_purged":["Strike_R","Strike_R","Defend_R","Defend_R","Defend_R","Defend_R","Injury"],"score":1381,"play_id":"c31de086-073b-487d-afe1-739077b89864","local_time":"20201231232725","is_ascension_mode":true,"campfire_choices":[{"data":"REME_Fury","floor":12,"key":"SMITH"},{"data":"MostiFishMod:404NotFound","floor":15,"key":"SMITH"}],"circlet_count":0,"master_deck":["Strike_R+1","Strike_R+1","Bash","REME_Fury+1","Rainbow","AT_EmpoweredMortalDraw","MostiFishMod:404NotFound+1"],"relics":["Burning Blood","Hammer of Thor","Seething Fire","Anvil of the Gods","DaveBox","testmod-TestBox","REME_ComplimentaryCards","testmod-Prudence","SynthV:MejaisSoulstealer","SynthV:TestCard","Dota2Spire:EtherealBlade","REME_LimitBreaker","PlaceholderMod:LiveLive","Dota2Spire:MonkeyKingBar","infinitespire:CheckeredPen","jedi:arcanewood","infinitespire:FocusingShard","Anchor","jedi:angrymask","infinitespire:Satchel","jedi:matchstick","SlaversCollar","AT_BellowingDragoncrestRing","DiscerningMonocle","PlaceholderMod:FlatBlood","PlaceholderMod:DaolothFragment","Calipers","PlaceholderMod:DeVermisMysteriis","Champion Belt","Brimstone","testmod-Alchemist","Membership Card","testmod-Hope","Dota2Spire:DrumOfEndurance","Dota2Spire:BattleFury","testmod-EqualTreatment","BrkXgEgg","jedi:HeartOfTheCards","SynthV:C4"],"acts_visited":["Exordium","TheCity","TheBeyond"],"potions_floor_usage":[35,46],"damage_taken":[{"damage":0,"enemies":"2 Louse","floor":1,"turns":1},{"damage":0,"enemies":"Cultist","floor":3,"turns":4},{"damage":0,"enemies":"Jaw Worm","floor":4,"turns":2},{"damage":0,"enemies":"Looter","floor":5,"turns":2},{"damage":22,"enemies":"Lagavulin","floor":6,"turns":4},{"damage":0,"enemies":"Large Slime","floor":7,"turns":2},{"damage":3,"enemies":"3 Sentries","floor":8,"turns":2},{"damage":3,"enemies":"Exordium Thugs","floor":10,"turns":2},{"damage":0,"enemies":"3 Louse","floor":11,"turns":2},{"damage":0,"enemies":"Hexaghost","floor":16,"turns":2},{"damage":0,"enemies":"2 Thieves","floor":18,"turns":1},{"damage":5,"enemies":"Chosen","floor":21,"turns":2},{"damage":0,"enemies":"Snecko","floor":22,"turns":1},{"damage":22,"enemies":"Slavers","floor":24,"turns":2},{"damage":0,"enemies":"Cultist and Chosen","floor":25,"turns":1},{"damage":0,"enemies":"Book of Stabbing","floor":27,"turns":2},{"damage":0,"enemies":"3 Cultists","floor":28,"turns":2},{"damage":0,"enemies":"Centurion and Healer","floor":29,"turns":1},{"damage":0,"enemies":"Gremlin Leader","floor":30,"turns":1},{"damage":0,"enemies":"Champ","floor":33,"turns":1},{"damage":0,"enemies":"3 Darklings","floor":35,"turns":2},{"damage":0,"enemies":"Orb Walker","floor":36,"turns":2},{"damage":0,"enemies":"Writhing Mass","floor":38,"turns":1},{"damage":0,"enemies":"Spire Growth","floor":41,"turns":2},{"damage":0,"enemies":"Giant Head","floor":42,"turns":1},{"damage":0,"enemies":"Sphere and 2 Shapes","floor":44,"turns":1},{"damage":0,"enemies":"4 Shapes","floor":45,"turns":1},{"damage":0,"enemies":"Spire Growth","floor":47,"turns":2},{"damage":0,"enemies":"Awakened One","floor":50,"turns":2}],"seed_played":"-1126475029256403259","potions_obtained":[{"floor":4,"key":"Dota2Spire:Clarity"},{"floor":8,"key":"Strength Potion"},{"floor":11,"key":"Regen Potion"},{"floor":22,"key":"jedi:wingpotion"},{"floor":27,"key":"Explosive Potion"},{"floor":35,"key":"testmod-SpacePotion"},{"floor":36,"key":"FairyPotion"},{"floor":45,"key":"Dota2Spire:HealingSalve"}],"is_trial":false,"path_per_floor":["M","?","M","M","M","E","M","E","T","M","M","R","?","?","R","B",null,"M","?","AVR","M","M","R","E","M","T","E","M","M","E","?","R","B",null,"M","M","AVR","M","$","R","M","E","T","M","M","$","M","?","R","B",null],"character_chosen":"IRONCLAD","items_purchased":["infinitespire:CheckeredPen","jedi:matchstick","PlaceholderMod:FlatBlood","PlaceholderMod:DaolothFragment","Calipers","PlaceholderMod:DeVermisMysteriis","Champion Belt","Brimstone","Membership Card","testmod-Hope","Dota2Spire:DrumOfEndurance","Dota2Spire:BattleFury","testmod-EqualTreatment","BrkXgEgg","Fruit Juice","CultistPotion","jedi:HeartOfTheCards","SynthV:C4"],"campfire_rested":0,"item_purchase_floors":[23,32,39,39,39,39,39,39,46,46,46,46,46,46,46,46,49,49],"current_hp_per_floor":[62,62,68,74,80,64,70,73,73,76,80,80,80,64,64,70,80,80,80,80,80,80,80,64,70,70,76,80,80,80,80,80,80,80,80,80,80,80,80,80,80,80,80,80,80,87,87,87,87,87],"gold":112,"neow_bonus":"THREE_RARE_CARDS","is_daily":false,"chose_seed":false,"campfire_upgraded":2,"win_rate":0.0,"timestamp":1609428445,"path_taken":["M","?","?","M","M","E","M","E","T","M","M","R","?","?","R","BOSS","M","?","AVR","M","M","R","E","?","T","E","M","?","E","?","R","BOSS","M","M","AVR","M","$","R","M","E","T","M","M","$","M","?","R","BOSS"],"items_purchased_type":["Relic","Relic","Relic","Relic","Relic","Relic","Relic","Relic","Relic","Relic","Relic","Relic","Relic","Relic","Potion","Potion","Relic","Relic"],"build_version":"2020-12-22","purchased_purges":7,"victory":true,"max_hp_per_floor":[80,80,80,80,80,80,80,80,80,80,80,80,80,80,80,80,80,80,80,80,80,80,80,80,80,80,80,80,80,80,80,80,80,80,80,80,80,80,80,80,80,80,80,80,80,87,87,87,87,87],"relic_stats":{"counters":[29,51],"Champion Belt":[4],"obtain_stats":[{"jedi:angrymask":30,"AT_ATBox":0,"Calipers":39,"DaveBox":0,"PlaceholderMod:DaolothFragment":39,"DiscerningMonocle":37,"testmod-EqualTreatment":46,"Dota2Spire:DrumOfEndurance":46,"Hammer of Thor":0,"PlaceholderMod:DeVermisMysteriis":39,"Dota2Spire:EtherealBlade":8,"Burning Blood":0,"SynthV:C4":49,"PlaceholderMod:LiveLive":17,"testmod-Prudence":0,"testmod-Alchemist":42,"jedi:matchstick":32,"testmod-TestBox":0,"SynthV:MejaisSoulstealer":0,"infinitespire:FocusingShard":26,"Dota2Spire:BattleFury":46,"BrkXgEgg":46,"Seething Fire":0,"infinitespire:CheckeredPen":23,"REME_LimitBreaker":9,"jedi:HeartOfTheCards":49,"SlaversCollar":34,"Anchor":27,"SynthV:TestCard":1,"AT_BellowingDragoncrestRing":37,"Anvil of the Gods":0,"Brimstone":39,"infinitespire:Satchel":31,"testmod-Hope":46,"Champion Belt":39,"Membership Card":46,"Dota2Spire:MonkeyKingBar":20,"jedi:arcanewood":24,"REME_ComplimentaryCards":0,"PlaceholderMod:FlatBlood":39},{"jedi:angrymask":19,"AT_ATBox":0,"Calipers":23,"DaveBox":0,"PlaceholderMod:DaolothFragment":23,"DiscerningMonocle":22,"testmod-EqualTreatment":27,"Dota2Spire:DrumOfEndurance":27,"Hammer of Thor":0,"PlaceholderMod:DeVermisMysteriis":23,"Dota2Spire:EtherealBlade":7,"Burning Blood":0,"SynthV:C4":28,"PlaceholderMod:LiveLive":10,"testmod-Prudence":0,"testmod-Alchemist":25,"jedi:matchstick":19,"testmod-TestBox":0,"SynthV:MejaisSoulstealer":0,"infinitespire:FocusingShard":15,"Dota2Spire:BattleFury":27,"BrkXgEgg":27,"Seething Fire":0,"infinitespire:CheckeredPen":13,"REME_LimitBreaker":7,"jedi:HeartOfTheCards":28,"SlaversCollar":20,"Anchor":16,"SynthV:TestCard":1,"AT_BellowingDragoncrestRing":22,"Anvil of the Gods":0,"Brimstone":23,"infinitespire:Satchel":19,"testmod-Hope":27,"Champion Belt":23,"Membership Card":27,"Dota2Spire:MonkeyKingBar":11,"jedi:arcanewood":14,"REME_ComplimentaryCards":0,"PlaceholderMod:FlatBlood":23},{"jedi:angrymask":36,"AT_ATBox":0,"Calipers":42,"DaveBox":0,"PlaceholderMod:DaolothFragment":42,"DiscerningMonocle":41,"testmod-EqualTreatment":47,"Dota2Spire:DrumOfEndurance":47,"Hammer of Thor":0,"PlaceholderMod:DeVermisMysteriis":42,"Dota2Spire:EtherealBlade":17,"Burning Blood":0,"SynthV:C4":49,"PlaceholderMod:LiveLive":23,"testmod-Prudence":0,"testmod-Alchemist":45,"jedi:matchstick":36,"testmod-TestBox":0,"SynthV:MejaisSoulstealer":0,"infinitespire:FocusingShard":30,"Dota2Spire:BattleFury":47,"BrkXgEgg":47,"Seething Fire":0,"infinitespire:CheckeredPen":27,"REME_LimitBreaker":17,"jedi:HeartOfTheCards":49,"SlaversCollar":37,"Anchor":32,"SynthV:TestCard":1,"AT_BellowingDragoncrestRing":41,"Anvil of the Gods":0,"Brimstone":42,"infinitespire:Satchel":36,"testmod-Hope":47,"Champion Belt":42,"Membership Card":47,"Dota2Spire:MonkeyKingBar":24,"jedi:arcanewood":29,"REME_ComplimentaryCards":0,"PlaceholderMod:FlatBlood":42}],"Burning Blood":85},"card_choices":[{"not_picked":["MostiFishMod:CullingBlade","Offering"],"picked":"REME_Fury","floor":0},{"not_picked":["Flex","Seeing Red","Wild Strike"],"picked":"SKIP","floor":1},{"not_picked":["Pommel Strike","True Grit","Wild Strike","Thunderclap","Headbutt"],"picked":"SKIP","floor":3},{"not_picked":["Clothesline","Combust","Anger","Armaments","Heavy Blade"],"picked":"SKIP","floor":4},{"not_picked":["Iron Wave","Cleave","MostiFishMod:OrdinaryWorld","Rupture","Thunderclap"],"picked":"SKIP","floor":5},{"not_picked":["Clothesline","Shockwave","Armaments","AT_BodySlamDance"],"picked":"MostiFishMod:404NotFound","floor":6},{"not_picked":["AT_IchimonjiDouble","AT_BodySlamDance","Flex","Headbutt","Barricade"],"picked":"SKIP","floor":7},{"not_picked":["Body Slam","MostiFishMod:CullingBlade","jedi:strikingstrike","Twin Strike","Metallicize"],"picked":"SKIP","floor":8},{"not_picked":["Clash","AT_IchimonjiDouble","Sword Boomerang","Bloodletting","jedi:MakeshiftSword"],"picked":"SKIP","floor":10},{"not_picked":["Clothesline","Wild Strike","AT_BodySlamDance","jedi:collectorstrike","Twin Strike"],"picked":"SKIP","floor":11},{"not_picked":["jedi:MakeshiftSword","Disarm","Pommel Strike","Anger","AT_BodySlamDance"],"picked":"SKIP","floor":18},{"not_picked":["Anger+1","Armaments","Cleave+1","Headbutt+1","jedi:fear+1"],"picked":"SKIP","floor":21},{"not_picked":["Headbutt","Warcry","Body Slam","AT_DiedThrough","Entrench"],"picked":"SKIP","floor":22},{"not_picked":["Headbutt","Wild Strike","Anger","Body Slam","Heavy Blade"],"picked":"SKIP","floor":24},{"not_picked":["MostiFishMod:NewArrival","Shockwave+1","Reckless Charge+1","Iron Wave+1","Ghostly Armor+1"],"picked":"SKIP","floor":25},{"not_picked":["Whirlwind+1","AT_CaressingTears","AT_DrawKnifeCut","Fire Breathing","Wild Strike"],"picked":"SKIP","floor":27},{"not_picked":["Body Slam","Iron Wave","Fire Breathing+1","Second Wind","Evolve"],"picked":"SKIP","floor":28},{"not_picked":["Inflame+1","Armaments+1","Anger","Clash","AT_BodySlamDance+1"],"picked":"SKIP","floor":29},{"not_picked":["Wild Strike","Sword Boomerang","Clothesline","Seeing Red+1","MostiFishMod:CullingBlade"],"picked":"SKIP","floor":30},{"not_picked":["jedi:fear+1","Flex+1","Wild Strike+1","AT_IchimonjiDouble","Disarm"],"picked":"SKIP","floor":35},{"not_picked":["Flame Barrier","Metallicize+1","Thunderclap","Reaper","Iron Wave"],"picked":"SKIP","floor":36},{"not_picked":["Metallicize","Heavy Blade","Feel No Pain","AT_GerminateFire+1","Clothesline+1"],"picked":"SKIP","floor":38},{"not_picked":["MostiFishMod:BrandingRite+1","Headbutt","Evolve+1","Twin Strike","Fire Breathing+1"],"picked":"SKIP","floor":41},{"not_picked":["Evolve+1","Entrench+1","Cleave","Armaments+1","Body Slam+1"],"picked":"SKIP","floor":42},{"not_picked":["Perfected Strike+1","REME_ACTH","jedi:fear","Clash","Body Slam+1"],"picked":"SKIP","floor":44},{"not_picked":["AT_CaressingTears","Heavy Blade+1","True Grit","Pommel Strike+1","Rage"],"picked":"SKIP","floor":45},{"not_picked":["Flex","jedi:fear+1","Rupture+1","Heavy Blade+1","MostiFishMod:404NotFound+1"],"picked":"SKIP","floor":47}],"player_experience":72191,"relics_obtained":[{"floor":1,"key":"SynthV:TestCard"},{"floor":8,"key":"Dota2Spire:EtherealBlade"},{"floor":9,"key":"REME_LimitBreaker"},{"floor":24,"key":"jedi:arcanewood"},{"floor":26,"key":"infinitespire:FocusingShard"},{"floor":27,"key":"Anchor"},{"floor":30,"key":"jedi:angrymask"},{"floor":31,"key":"infinitespire:Satchel"},{"floor":42,"key":"testmod-Alchemist"}],"event_choices":[{"cards_removed":["Strike_R"],"damage_healed":0,"gold_gain":0,"player_choice":"Purged","damage_taken":0,"max_hp_gain":0,"max_hp_loss":0,"event_name":"Purifier","floor":2,"gold_loss":0},{"damage_healed":0,"gold_gain":400,"player_choice":"Sell","damage_taken":0,"max_hp_gain":0,"max_hp_loss":0,"event_name":"恩洛斯的盘子","floor":13,"relics_lost":["AT_ATBox"],"gold_loss":0},{"damage_healed":0,"gold_gain":0,"player_choice":"Entered Light","damage_taken":16,"max_hp_gain":0,"max_hp_loss":0,"event_name":"Shining Light","floor":14,"gold_loss":0,"cards_upgraded":["Strike_R","Strike_R"]},{"damage_healed":0,"gold_gain":0,"player_choice":"Ignored","damage_taken":0,"max_hp_gain":0,"max_hp_loss":0,"event_name":"N\u0027loth","floor":19,"gold_loss":0},{"damage_healed":0,"gold_gain":0,"player_choice":"0 cards matched","damage_taken":0,"max_hp_gain":0,"max_hp_loss":0,"event_name":"Match and Keep!","floor":48,"gold_loss":0,"cards_obtained":[]}],"is_beta":false,"boss_relics":[{"not_picked":["infinitespire:Cupcake","FixedStarFall"],"picked":"PlaceholderMod:LiveLive"},{"not_picked":["HaiYi:Twilight","TakeMeEscape"],"picked":"SlaversCollar"}],"items_purged_floors":[20,23,23,32,37,39,46],"is_endless":false,"potions_floor_spawned":[4,8,11,16,18,22,24,27,35,36,41,45],"ascension_level":3}}