{"host":"93x13jgem5w43hjr","time":1609374897,"event":{"mods":["AchievementEnabler","BaseMod","Better Note","Colored Map","Colored Powertips","Downfall","Minty Spire (QoL Compilation)","Rare Cards Sparkle","StSLib"],"gold_per_floor":[117,117,138,213,30,30,366,396,476,476,47,81,81,96,96,221,221,244,444,463,498,423,423,423],"floor_reached":23,"playtime":1352,"items_purged":["Injury","Strike_B"],"score":230,"play_id":"c82573ae-02e5-4027-a4d5-e7c1b50ebf4c","local_time":"20201230173457","is_ascension_mode":true,"campfire_choices":[{"floor":6,"key":"REST"},{"floor":10,"key":"REST"},{"floor":13,"key":"REST"},{"floor":15,"key":"REST"}],"circlet_count":0,"master_deck":["Strike_B","Strike_B","Strike_B","Defend_B","Defend_B","Defend_B","Defend_B","Zap","Dualcast","Fission","Steam","Go for the Eyes","Tempest","Melter","Coolheaded","expansioncontent:Corrupt","Redo","Machine Learning","Self Repair","Sweeping Beam","Blizzard"],"relics":["FrozenCore","Golden Idol","Old Coin","Shuriken","Lantern","Oddly Smooth Stone","Red Mask"],"acts_visited":["Exordium","TheCity"],"potions_floor_usage":[21,21,23,23],"damage_taken":[{"damage":4,"enemies":"Jaw Worm","floor":1,"turns":4},{"damage":2,"enemies":"Small Slimes","floor":3,"turns":4},{"damage":25,"enemies":"Lagavulin","floor":7,"turns":6},{"damage":26,"enemies":"Gremlin Nob","floor":12,"turns":4},{"damage":0,"enemies":"2 Louse","floor":14,"turns":2},{"damage":4,"enemies":"Slime Boss","floor":16,"turns":12},{"damage":0,"enemies":"Shell Parasite","floor":18,"turns":6},{"damage":16,"enemies":"3 Byrds","floor":20,"turns":8},{"damage":38,"enemies":"Masked Bandits","floor":21,"turns":6},{"damage":28,"enemies":"Book of Stabbing","floor":23,"turns":6}],"seed_played":"-3305100475025256942","potions_obtained":[{"floor":12,"key":"Ancient Potion"},{"floor":14,"key":"Ancient Potion"},{"floor":16,"key":"Strength Potion"},{"floor":21,"key":"SkillPotion"}],"is_trial":false,"path_per_floor":["M","?","M","?","$","R","E","?","T","R","$","E","R","M","R","B",null,"M","?","M","?","?","E"],"character_chosen":"DEFECT","items_purchased":["Tempest","Melter","expansioncontent:Corrupt","Lantern"],"campfire_rested":4,"item_purchase_floors":[5,5,11,11],"current_hp_per_floor":[50,50,48,37,37,59,34,34,34,56,56,30,52,52,74,70,75,75,75,66,28,28,0,0],"gold":423,"neow_bonus":"THREE_RARE_CARDS","is_daily":false,"chose_seed":false,"campfire_upgraded":0,"win_rate":0.0,"timestamp":1609374897,"path_taken":["M","?","M","?","$","R","E","?","T","R","$","E","R","M","R","BOSS","M","?","?","?","?","E"],"items_purchased_type":["Card","Card","Card","Relic"],"build_version":"2020-12-22","purchased_purges":2,"victory":false,"max_hp_per_floor":[75,75,75,75,75,75,75,75,75,75,75,75,75,75,75,75,75,75,75,75,75,75,75,75],"card_choices":[{"not_picked":["Multi-Cast","Hyperbeam"],"picked":"Fission","floor":0},{"not_picked":["Stack","Genetic Algorithm"],"picked":"Steam","floor":1},{"not_picked":["Stack","Leap"],"picked":"Go for the Eyes","floor":3},{"not_picked":["Streamline","Heatsinks"],"picked":"Coolheaded","floor":7},{"not_picked":["Meteor Strike","Gash"],"picked":"Chaos","floor":12},{"not_picked":["White Noise","Darkness"],"picked":"Redo","floor":14},{"not_picked":["All For One","Buffer"],"picked":"Machine Learning","floor":16},{"not_picked":["Beam Cell+1","Genetic Algorithm"],"picked":"Self Repair","floor":18},{"not_picked":["Turbo","Rebound"],"picked":"Sweeping Beam","floor":20},{"not_picked":["Steam Power","Hello World"],"picked":"Blizzard","floor":21}],"player_experience":156334,"relics_obtained":[{"floor":7,"key":"Old Coin"},{"floor":9,"key":"Shuriken"},{"floor":12,"key":"Oddly Smooth Stone"},{"floor":21,"key":"Red Mask"}],"event_choices":[{"damage_healed":0,"gold_gain":0,"player_choice":"Take Wound","damage_taken":0,"relics_obtained":["Golden Idol"],"max_hp_gain":0,"max_hp_loss":0,"event_name":"Golden Idol","floor":2,"gold_loss":0,"cards_obtained":["Injury"]},{"damage_healed":0,"gold_gain":75,"player_choice":"Gather Gold","damage_taken":11,"max_hp_gain":0,"max_hp_loss":0,"event_name":"World of Goop","floor":4,"gold_loss":0},{"damage_healed":0,"gold_gain":30,"player_choice":"Searched \u00272\u0027 times","damage_taken":0,"max_hp_gain":0,"max_hp_loss":0,"event_name":"Dead Adventurer","floor":8,"gold_loss":0},{"damage_healed":0,"gold_gain":200,"player_choice":"Gold","damage_taken":0,"max_hp_gain":0,"max_hp_loss":0,"event_name":"Wheel of Change","floor":19,"gold_loss":0},{"damage_healed":0,"gold_gain":0,"player_choice":"Fought Bandits","damage_taken":0,"max_hp_gain":0,"max_hp_loss":0,"event_name":"Masked Bandits","floor":21,"gold_loss":0},{"cards_removed":["Chaos"],"damage_healed":0,"gold_gain":0,"player_choice":"Gave Gold","damage_taken":0,"max_hp_gain":0,"max_hp_loss":0,"event_name":"Beggar","floor":22,"gold_loss":75}],"is_beta":false,"boss_relics":[{"not_picked":["Snecko Eye","SlaversCollar"],"picked":"FrozenCore"}],"items_purged_floors":[5,11],"is_endless":false,"potions_floor_spawned":[12,14,16,21],"killed_by":"Book of Stabbing","ascension_level":1}}