{"host":"slngz8sobihb8iwl","time":1609376185,"event":{"mods":["2.2 Compatiblity","Act Like it!","BaseMod","Colored Powertips","Elementarium","Gensokyo","GifTheSpireLib","Hallownest","Hermit","Marisa????????","Menagerie","Minty Spire (QoL Compilation)","Permanent Neow","Random Character Button","Rare Cards Sparkle","Relic Filter","Robot Space Explorer","StSLib","SuperFastMode","Td1madao Mod","The Bug Knight","The Disciple","The Gatherer","The Hierophant","The Judge","The Marked","The Runesmith","The Senshi","The Servant 0.9.4","TheVelvet","Unceasing Turn Reminder"],"gold_per_floor":[112,112,112,126,126,126,126,145,145,220,220,66,81,102,102,102,102],"floor_reached":16,"playtime":1008,"items_purged":["Pain"],"score":90,"play_id":"d32a579a-44d4-4bc5-9602-ab6a0b2fcc6c","local_time":"20201230195625","is_ascension_mode":false,"campfire_choices":[{"data":"hadesmod:RuyiJinguBang","floor":6.0,"key":"SMITH"},{"data":"hadesmod:RuyiJinguBang","floor":11,"key":"SMITH"},{"data":"hadesmod:Xactivate","floor":15,"key":"SMITH"}],"circlet_count":0,"master_deck":["hadesmod:Strike","hadesmod:Strike","hadesmod:Strike","hadesmod:SwapStrike","hadesmod:Defend","hadesmod:Defend","hadesmod:Defend","hadesmod:Defend","hadesmod:Dash","hadesmod:RuyiJinguBang+1","hadesmod:Claws","hadesmod:Strikeshield","hadesmod:RuyiJinguBang+1","hadesmod:MagnhildStrike","hadesmod:CrescentStrike","hadesmod:ExposeShot","hadesmod:Xactivate+1"],"relics":["hadesmod:WeaponCharger","Akabeko","WarpedTongs","Golden Idol","Nunchaku"],"acts_visited":["Exordium"],"potions_floor_usage":[],"damage_taken":[{"damage":0.0,"enemies":"Small Slimes","floor":1.0,"turns":3.0},{"damage":3.0,"enemies":"Cultist","floor":4.0,"turns":2.0},{"damage":0,"enemies":"2 Louse","floor":8,"turns":2},{"damage":10,"enemies":"Large Slime","floor":13,"turns":6},{"damage":7,"enemies":"Exordium Thugs","floor":14,"turns":3},{"damage":21,"enemies":"Hexaghost","floor":16,"turns":9}],"seed_played":"-6836693866784685289","potions_obtained":[{"floor":4.0,"key":"LiquidMemories"},{"floor":13,"key":"Strength Potion"},{"floor":14,"key":"GamblersBrew"}],"is_trial":false,"path_per_floor":["M","?","?","M","?","R","?","M","T","?","R","$","M","M","R","B"],"character_chosen":"THE_HUNTRESS","items_purchased":["hadesmod:ExposeShot"],"campfire_rested":0,"item_purchase_floors":[12],"current_hp_per_floor":[60,65,65,62,46,46,46,46,46,35,35,35,25,18,18,0,0],"gold":102,"neow_bonus":"RANDOM_COMMON_RELIC","is_daily":false,"chose_seed":false,"campfire_upgraded":3,"win_rate":0.0,"timestamp":1609376185,"path_taken":["M","?","?","?","?","R","?","?","T","?","R","$","M","M","R","BOSS"],"items_purchased_type":["Card"],"build_version":"2020-12-22","purchased_purges":1,"victory":false,"max_hp_per_floor":[60,65,65,65,65,65,65,65,65,65,65,65,65,65,65,65,65],"card_choices":[{"not_picked":["hadesmod:JinnsKnowledge","hadesmod:IThinkEyePatchesAreHot"],"picked":"hadesmod:Claws","floor":1.0},{"not_picked":["hadesmod:SwapTrick","hadesmod:CrescentDexterity"],"picked":"hadesmod:Strikeshield","floor":4.0},{"not_picked":["hadesmod:AuraAmp","hadesmod:JinnsKnowledge"],"picked":"hadesmod:CrescentStrike","floor":8},{"not_picked":["hadesmod:CrescentDexterity","hadesmod:JinnsKnowledge"],"picked":"hadesmod:Xactivate","floor":13},{"not_picked":["hadesmod:BitByBit","hadesmod:RevolverStrike","hadesmod:GuardyWardy"],"picked":"SKIP","floor":14}],"player_experience":395488,"relics_obtained":[{"floor":9,"key":"Nunchaku"}],"event_choices":[{"damage_healed":0.0,"max_hp_gain":5.0,"max_hp_loss":0.0,"gold_gain":0.0,"event_name":"Big Fish","player_choice":"Donut","floor":2.0,"gold_loss":0.0,"damage_taken":0.0},{"damage_healed":0.0,"max_hp_gain":0.0,"max_hp_loss":0.0,"gold_gain":0.0,"event_name":"Accursed Blacksmith","player_choice":"Rummage","floor":3.0,"gold_loss":0.0,"damage_taken":0.0,"relics_obtained":["WarpedTongs"],"cards_obtained":["Pain"]},{"damage_healed":0.0,"max_hp_gain":0.0,"max_hp_loss":0.0,"gold_gain":0.0,"event_name":"Golden Idol","player_choice":"Take Damage","floor":5.0,"gold_loss":0.0,"damage_taken":16.0,"relics_obtained":["Golden Idol"]},{"damage_healed":0,"gold_gain":0,"player_choice":"2 cards matched","damage_taken":0,"max_hp_gain":0,"max_hp_loss":0,"event_name":"Match and Keep!","floor":7,"gold_loss":0,"cards_obtained":["hadesmod:RuyiJinguBang","hadesmod:MagnhildStrike"]},{"damage_healed":0,"gold_gain":75,"player_choice":"Gather Gold","damage_taken":11,"max_hp_gain":0,"max_hp_loss":0,"event_name":"World of Goop","floor":10,"gold_loss":0}],"is_beta":false,"boss_relics":[],"items_purged_floors":[12],"is_endless":false,"potions_floor_spawned":[4,13,14],"killed_by":"Hexaghost","ascension_level":0}}