{"host":"lg1piimdyocafd6j","time":1609447590,"event":{"mods":["AchievementEnabler","BaseMod","Better Third Choice","BetterRewards","Colored Map","Colored Powertips","Downfall","Minty Spire (QoL Compilation)","Quick Restart","Rare Cards Sparkle","StSLib","SuperFastMode"],"gold_per_floor":[113,133,208,220,220,220,250,250,250,264,312,312,312,328,328,427,427,438,438,452,259,259,294,393,409,436,336,336,8,8,24,24,24,24],"floor_reached":33,"playtime":3365,"items_purged":["Defend_B","Dualcast","Strike_B"],"score":288,"play_id":"4ffb2bf5-0276-454f-acc3-205bcb0fa5c9","local_time":"20201231214630","is_ascension_mode":false,"campfire_choices":[{"data":"Conserve Battery","floor":6,"key":"SMITH"},{"floor":8,"key":"REST"},{"floor":13,"key":"RECALL"},{"floor":15,"key":"REST"},{"floor":32,"key":"REST"}],"circlet_count":0,"master_deck":["Strike_B+1","Defend_B","Zap+1","Capacitor","Ball Lightning","Conserve Battery+1","Ball Lightning","Storm+1","Conserve Battery+1","Defragment","Thunder Strike","Cold Snap+1","White Noise+1","Sunder+1","Conserve Battery+1","Static Discharge","Leap+1","Capacitor+1","Conserve Battery+1","Electrodynamics"],"relics":["Cracked Core","NeowsBlessing","Toxic Egg 2","Symbiotic Virus","Juzu Bracelet","Astrolabe","Vajra"],"acts_visited":["Exordium","TheCity"],"potions_floor_usage":[10,18,23,31],"damage_taken":[{"damage":0,"enemies":"Jaw Worm","floor":1,"turns":1},{"damage":0,"enemies":"Cultist","floor":2,"turns":1},{"damage":0,"enemies":"Small Slimes","floor":4,"turns":1},{"damage":24,"enemies":"3 Sentries","floor":7,"turns":7},{"damage":6,"enemies":"Gremlin Gang","floor":10,"turns":3},{"damage":2,"enemies":"Blue Slaver","floor":14,"turns":4},{"damage":17,"enemies":"Slime Boss","floor":16,"turns":8},{"damage":0,"enemies":"Spheric Guardian","floor":18,"turns":4},{"damage":15,"enemies":"2 Thieves","floor":20,"turns":4},{"damage":23,"enemies":"Book of Stabbing","floor":23,"turns":5},{"damage":3,"enemies":"Cultist and Chosen","floor":25,"turns":6},{"damage":11,"enemies":"Sentry and Sphere","floor":31,"turns":4},{"damage":20,"enemies":"Collector","floor":33,"turns":7}],"seed_played":"-4657274793176950010","potions_obtained":[{"floor":2,"key":"BlessingOfTheForge"},{"floor":4,"key":"LiquidMemories"},{"floor":10,"key":"Weak Potion"},{"floor":14,"key":"ColorlessPotion"},{"floor":16,"key":"Ancient Potion"},{"floor":20,"key":"Weak Potion"},{"floor":31,"key":"SpeedPotion"}],"is_trial":false,"path_per_floor":["M","M","?","M","?","R","E","R","T","M","T","?","R","M","R","B",null,"M","?","M","$","?","E","?","M","T","$","?","$","?","M","R","B"],"character_chosen":"DEFECT","items_purchased":["Static Discharge","Leap+1","Conserve Battery+1","Electrodynamics"],"campfire_rested":3,"item_purchase_floors":[21,21,29,29],"current_hp_per_floor":[75,75,68,68,68,68,44,66,66,60,60,45,45,43,65,48,75,75,75,60,60,60,37,37,34,34,34,34,34,34,23,45,25,25],"gold":24,"neow_bonus":"THREE_ENEMY_KILL","is_daily":false,"chose_seed":false,"campfire_upgraded":1,"win_rate":0.0,"timestamp":1609447590,"path_taken":["M","M","?","?","?","R","E","R","T","?","?","?","R","M","R","BOSS","M","?","M","$","?","E","?","M","T","?","?","$","?","M","R","BOSS"],"items_purchased_type":["Card","Card","Card","Card"],"build_version":"2020-12-22","purchased_purges":3,"victory":false,"max_hp_per_floor":[75,75,75,75,75,75,75,75,75,75,75,75,75,75,75,75,75,75,75,75,75,75,75,75,75,75,75,75,75,75,75,75,75,75],"card_choices":[{"not_picked":["Barrage","Lockon","Capacitor"],"picked":"SKIP","floor":1},{"not_picked":["Barrage","Lockon"],"picked":"Capacitor","floor":1},{"not_picked":["Ball Lightning","Heatsinks","Go for the Eyes"],"picked":"SKIP","floor":2},{"not_picked":["Heatsinks","Go for the Eyes"],"picked":"Ball Lightning","floor":2},{"not_picked":["Ball Lightning","Go for the Eyes"],"picked":"Conserve Battery","floor":4},{"not_picked":["All For One","Lockon"],"picked":"Storm","floor":7},{"not_picked":["Hologram+1","Skim+1"],"picked":"Conserve Battery+1","floor":10},{"not_picked":["Rebound","Sweeping Beam"],"picked":"Defragment","floor":14},{"not_picked":["Seek+1","Echo Form"],"picked":"Thunder Strike","floor":16},{"not_picked":["Recycle+1","Coolheaded+1","Gash"],"picked":"SKIP","floor":18},{"not_picked":["Turbo+1","Barrage","Coolheaded+1"],"picked":"SKIP","floor":20},{"not_picked":["Hello World","Scrape"],"picked":"Capacitor+1","floor":23},{"not_picked":["Beam Cell+1","Go for the Eyes","Hologram+1"],"picked":"SKIP","floor":25},{"not_picked":["Sweeping Beam+1","Reboot+1","Go for the Eyes"],"picked":"SKIP","floor":31}],"player_experience":144498,"relics_obtained":[{"floor":7,"key":"Toxic Egg 2"},{"floor":9,"key":"Symbiotic Virus"},{"floor":11,"key":"Juzu Bracelet"},{"floor":23,"key":"Vajra"}],"event_choices":[{"damage_healed":0,"gold_gain":75,"player_choice":"Touch","damage_taken":7,"max_hp_gain":0,"max_hp_loss":0,"event_name":"FaceTrader","floor":3,"gold_loss":0},{"damage_healed":0,"gold_gain":0,"player_choice":"1 cards matched","damage_taken":0,"max_hp_gain":0,"max_hp_loss":0,"event_name":"Match and Keep!","floor":5,"gold_loss":0,"cards_obtained":["Ball Lightning"]},{"damage_healed":60,"gold_gain":0,"player_choice":"Upgrade","damage_taken":15,"max_hp_gain":0,"max_hp_loss":75,"event_name":"betterThird:BetterShining","floor":12,"gold_loss":0,"cards_upgraded":["Strike_B","Zap"]},{"damage_healed":0,"gold_gain":0,"player_choice":"Copied","damage_taken":0,"max_hp_gain":0,"max_hp_loss":0,"event_name":"Duplicator","floor":19,"gold_loss":0,"cards_obtained":["Conserve Battery"]},{"damage_healed":0,"gold_gain":0,"player_choice":"Ignored","damage_taken":0,"max_hp_gain":0,"max_hp_loss":0,"event_name":"Vampires","floor":22,"gold_loss":0},{"damage_healed":0,"gold_gain":99,"player_choice":"Steal","damage_taken":0,"max_hp_gain":0,"max_hp_loss":0,"event_name":"betterThird:BetterNest","floor":24,"gold_loss":0},{"damage_healed":0,"gold_gain":0,"player_choice":"Forge","damage_taken":0,"max_hp_gain":0,"max_hp_loss":0,"event_name":"Accursed Blacksmith","floor":28,"gold_loss":0,"cards_upgraded":["Storm"]},{"cards_removed":["Defend_B"],"damage_healed":0,"gold_gain":0,"player_choice":"Purged","damage_taken":0,"max_hp_gain":0,"max_hp_loss":0,"event_name":"Purifier","floor":30,"gold_loss":0}],"is_beta":false,"boss_relics":[{"not_picked":["Tiny House","FrozenCore"],"picked":"Astrolabe"}],"items_purged_floors":[21,27,29],"is_endless":false,"potions_floor_spawned":[2,4,10,14,16,20,31],"killed_by":"Collector","ascension_level":0}}