{"host":"z9rwthyxsf7d04ix","time":1609408080,"event":{"mods":["AchievementEnabler","BaseMod","Colored Map","Colored Powertips","Minty Spire (QoL Compilation)","Quick Restart"],"gold_per_floor":[114,129,129,144,159,189,204,204,229,244,274,289,289,304,304,404,404,419,19,19,19,34,64,64,79,79,94,109,109,109,124,124,124,124],"floor_reached":33,"playtime":3052,"items_purged":[],"score":283,"play_id":"92c4f6b7-ca1b-423e-9307-fc7866523130","local_time":"20201231114800","daily_mods":["Heirloom","Time Dilation","Lethality"],"is_ascension_mode":false,"campfire_choices":[{"floor":8,"key":"REST"},{"floor":13,"key":"REST"},{"floor":15,"key":"REST"},{"floor":24,"key":"REST"},{"floor":32,"key":"REST"}],"circlet_count":0,"master_deck":["Strike_B+1","Strike_B+1","Strike_B+1","Defend_B+1","Defend_B+1","Defend_B+1","Defend_B+1","Zap","Dualcast","Sweeping Beam","Go for the Eyes","Auto Shields","Go for the Eyes","Beam Cell","Buffer+1","FTL","White Noise","Rip and Tear","Electrodynamics","Go for the Eyes","Beam Cell","Doom and Gloom","Aggregate+1","Thunder Strike","Loop+1"],"relics":["Cracked Core","WingedGreaves","Oddly Smooth Stone","Akabeko","Cables","Black Star","Frozen Egg 2","Lee\u0027s Waffle","Bag of Marbles","Mummified Hand","Mercury Hourglass","Lantern","Singing Bowl"],"acts_visited":["Exordium","TheCity"],"potions_floor_usage":[6,11,16,16,23,23,33],"damage_taken":[{"damage":0,"enemies":"Cultist","floor":1,"turns":3},{"damage":3,"enemies":"2 Louse","floor":2,"turns":3},{"damage":5,"enemies":"Jaw Worm","floor":4,"turns":2},{"damage":16,"enemies":"Exordium Thugs","floor":5,"turns":4},{"damage":18,"enemies":"3 Sentries","floor":6,"turns":5},{"damage":0,"enemies":"Blue Slaver","floor":7,"turns":1},{"damage":6,"enemies":"Exordium Wildlife","floor":10,"turns":3},{"damage":9,"enemies":"Lagavulin","floor":11,"turns":4},{"damage":0,"enemies":"Large Slime","floor":12,"turns":3},{"damage":0,"enemies":"3 Louse","floor":14,"turns":2},{"damage":21,"enemies":"Hexaghost","floor":16,"turns":6},{"damage":37,"enemies":"3 Byrds","floor":18,"turns":3},{"damage":0,"enemies":"Spheric Guardian","floor":22,"turns":3},{"damage":39,"enemies":"Slavers","floor":23,"turns":4},{"damage":6,"enemies":"Centurion and Healer","floor":25,"turns":3},{"damage":12,"enemies":"Cultist and Chosen","floor":27,"turns":2},{"damage":19,"enemies":"Chosen and Byrds","floor":28,"turns":3},{"damage":0,"enemies":"Snake Plant","floor":31,"turns":2},{"damage":59,"enemies":"Automaton","floor":33,"turns":8}],"seed_played":"-5051420239723459148","potions_obtained":[{"floor":1,"key":"SkillPotion"},{"floor":6,"key":"Ancient Potion"},{"floor":7,"key":"Energy Potion"},{"floor":10,"key":"LiquidBronze"},{"floor":12,"key":"PowerPotion"},{"floor":22,"key":"LiquidBronze"},{"floor":25,"key":"SteroidPotion"},{"floor":27,"key":"PotionOfCapacity"},{"floor":31,"key":"PotionOfCapacity"}],"is_trial":false,"path_per_floor":["M","M","?","M","M","E","M","R","T","M","E","M","R","M","R","B",null,"M","$","?","?","M","E","R","M","T","M","M","?","T","M","R","B"],"character_chosen":"DEFECT","items_purchased":["Frozen Egg 2","Lee\u0027s Waffle"],"campfire_rested":5,"item_purchase_floors":[19,19],"current_hp_per_floor":[75,72,72,67,51,33,33,55,55,49,40,40,62,62,75,54,75,38,82,82,82,82,43,67,61,61,49,30,30,30,30,54,0,0],"gold":124,"neow_bonus":"","is_daily":true,"chose_seed":false,"campfire_upgraded":0,"win_rate":0.0,"timestamp":1609408080,"path_taken":["M","?","?","M","?","E","M","R","T","M","E","M","R","M","R","BOSS","M","$","?","?","M","E","R","M","T","M","?","?","?","M","R","BOSS"],"items_purchased_type":["Relic","Relic"],"build_version":"2020-12-22","purchased_purges":0,"victory":false,"max_hp_per_floor":[75,75,75,75,75,75,75,75,75,75,75,75,75,75,75,75,75,75,82,82,82,82,82,82,82,82,82,82,82,82,82,82,82,82],"card_choices":[{"not_picked":["Skim","Turbo"],"picked":"Sweeping Beam","floor":1},{"not_picked":["Darkness","Aggregate"],"picked":"Go for the Eyes","floor":2},{"not_picked":["Undo","Cold Snap"],"picked":"Auto Shields","floor":4},{"not_picked":["Barrage","Recycle"],"picked":"Go for the Eyes","floor":5},{"not_picked":["Barrage","Sweeping Beam"],"picked":"Beam Cell","floor":6},{"not_picked":["Chill","Sweeping Beam"],"picked":"Buffer","floor":7},{"not_picked":["Rebound","Melter"],"picked":"FTL","floor":10},{"not_picked":["Force Field","Conserve Battery"],"picked":"White Noise","floor":11},{"not_picked":["Ball Lightning","Hologram"],"picked":"Rip and Tear","floor":12},{"not_picked":["Conserve Battery","Coolheaded","Gash"],"picked":"SKIP","floor":14},{"not_picked":["Rainbow","Thunder Strike"],"picked":"Electrodynamics","floor":16},{"not_picked":["Leap","Undo"],"picked":"Go for the Eyes","floor":18},{"not_picked":["Cold Snap","Coolheaded"],"picked":"Beam Cell","floor":22},{"not_picked":["Steam","Sunder"],"picked":"Doom and Gloom","floor":23},{"not_picked":["Barrage","Genetic Algorithm"],"picked":"Aggregate+1","floor":25},{"not_picked":["Cold Snap","Hologram"],"picked":"Thunder Strike","floor":27},{"not_picked":["Blizzard+1","Reprogram","Hologram+1"],"picked":"SKIP","floor":28},{"not_picked":["Beam Cell","Cold Snap"],"picked":"Loop+1","floor":31}],"player_experience":735919,"relics_obtained":[{"floor":6,"key":"Oddly Smooth Stone"},{"floor":9,"key":"Akabeko"},{"floor":11,"key":"Cables"},{"floor":23,"key":"Bag of Marbles"},{"floor":23,"key":"Mummified Hand"},{"floor":26,"key":"Mercury Hourglass"},{"floor":30,"key":"Singing Bowl"}],"event_choices":[{"cards_removed":["Strike_B"],"damage_healed":0,"gold_gain":0,"player_choice":"Offered Basic","damage_taken":0,"max_hp_gain":0,"max_hp_loss":0,"event_name":"Bonfire Elementals","floor":3,"gold_loss":0},{"damage_healed":0,"gold_gain":0,"player_choice":"Simplicity","damage_taken":0,"max_hp_gain":0,"max_hp_loss":0,"event_name":"Back to Basics","floor":20,"gold_loss":0,"cards_upgraded":["Strike_B","Strike_B","Strike_B","Defend_B","Defend_B","Defend_B","Defend_B"]},{"damage_healed":0,"gold_gain":0,"player_choice":"Upgraded","damage_taken":0,"max_hp_gain":0,"max_hp_loss":0,"event_name":"Upgrade Shrine","floor":21,"gold_loss":0,"cards_upgraded":["Buffer"]},{"damage_healed":0,"gold_gain":0,"player_choice":"Opened","damage_taken":0,"relics_obtained":["Lantern"],"max_hp_gain":0,"max_hp_loss":0,"event_name":"The Mausoleum","floor":29,"gold_loss":0}],"is_beta":false,"boss_relics":[{"not_picked":["Inserter","Sozu"],"picked":"Black Star"}],"items_purged_floors":[],"is_endless":false,"potions_floor_spawned":[1,6,7,10,12,22,25,27,31],"killed_by":"Automaton","ascension_level":0}}