{"host":"wd6rqtfuac3imub6","time":1609455709,"event":{"mods":["ATMod(°¢èªMod)","Act Like it!","BaseMod","Gensokyo","Lobotomy","Minty Spire (QoL Compilation)","Quick Restart","StSLib"],"gold_per_floor":[119,119,119,49,69,103,103,135,158,7,7,23,23,23,23,126,126,143,68,78,78,78,78,0,0,0,29,59,59,70,70,70,70,70],"floor_reached":33,"playtime":818,"items_purged":["Pain"],"score":364,"play_id":"3d3687c7-eb3f-4e9e-8b52-f5b1c4cb3566","local_time":"20210101070149","is_ascension_mode":false,"campfire_choices":[{"data":"Clash","floor":7,"key":"SMITH"},{"data":"AT_IchimonjiDouble","floor":15,"key":"SMITH"},{"data":"Brutality","floor":23,"key":"SMITH"},{"data":"Barricade","floor":25,"key":"SMITH"},{"data":"Gensokyo:SpontaneousHumanCombustion","floor":32,"key":"SMITH"}],"circlet_count":0,"master_deck":["Strike_R","Strike_R","Strike_R","Strike_R","Strike_R+1","Defend_R","Defend_R","Defend_R","Defend_R","Bash+1","Infernal Blade+1","Clash+1","AT_IchimonjiDouble+1","Barricade+1","Brutality+1","Headbutt","Gensokyo:SpontaneousHumanCombustion+1","Headbutt+1"],"relics":["AT_ATBox","AT_TrinityForce","Gensokyo:PortableGap","Gensokyo:LunaticRedEyes","MealTicket","AT_GuinsooRageblade","Centennial Puzzle","Sling","Runic Pyramid","Gensokyo:ChorusOfJoy","Meat on the Bone","InkBottle","Bag of Marbles","Girya"],"acts_visited":["Gensokyo:Gensokyo","Gensokyo:Gensokyoer"],"potions_floor_usage":[33,33,33],"damage_taken":[{"damage":2,"enemies":"Gensokyo:2_Kodama","floor":1,"turns":2},{"damage":0,"enemies":"Gensokyo:Gryphon","floor":5,"turns":2},{"damage":5,"enemies":"Gensokyo:Mamizou","floor":6,"turns":3},{"damage":0,"enemies":"Gensokyo:Aya","floor":8,"turns":2},{"damage":3,"enemies":"Gensokyo:Python","floor":12,"turns":1},{"damage":0,"enemies":"Gensokyo:Kitsune","floor":13,"turns":1},{"damage":16,"enemies":"Gensokyo:Reimu","floor":16,"turns":4},{"damage":4,"enemies":"Gensokyo:CosmicMonolith","floor":18,"turns":1},{"damage":15,"enemies":"Gensokyo:AngelMirror","floor":20,"turns":2},{"damage":32,"enemies":"Gensokyo:Koishi","floor":27,"turns":3},{"damage":4,"enemies":"Gensokyo:Reisen","floor":28,"turns":5},{"damage":3,"enemies":"Gensokyo:3_Gloops","floor":30,"turns":4},{"damage":54,"enemies":"Gensokyo:Kaguya","floor":33,"turns":4}],"seed_played":"-5451375880324963605","potions_obtained":[{"floor":5,"key":"Strength Potion"},{"floor":6,"key":"SteroidPotion"},{"floor":18,"key":"Dexterity Potion"}],"is_trial":false,"path_per_floor":["M","?","?","?","M","E","R","E","T","$","?","M","M","COS","R","B",null,"M","$","M","?","?","R","?","R","T","E","E","?","M","?","R","B"],"character_chosen":"IRONCLAD","items_purchased":["Sling"],"campfire_rested":0,"item_purchase_floors":[10],"current_hp_per_floor":[78,72,72,72,72,67,67,67,67,72,72,69,69,69,69,53,72,68,72,57,57,57,57,57,57,57,37,45,45,42,42,42,0,0],"gold":70,"neow_bonus":"BOSS_RELIC","is_daily":false,"chose_seed":false,"campfire_upgraded":5,"win_rate":0.0,"timestamp":1609455709,"path_taken":["M","?","?","?","M","E","R","E","T","?","?","M","M","COS","R","BOSS","M","$","?","?","?","R","?","R","T","E","E","?","?","?","R","BOSS"],"items_purchased_type":["Relic"],"build_version":"2020-12-22","purchased_purges":1,"victory":false,"max_hp_per_floor":[80,72,72,72,72,72,72,72,72,72,72,72,72,72,72,72,72,72,72,72,72,72,72,72,72,69,66,66,60,60,56,56,56,56],"card_choices":[{"not_picked":["AT_IchimonjiDouble","Dual Wield"],"picked":"Infernal Blade","floor":1},{"not_picked":["Sword Boomerang","Thunderclap"],"picked":"Clash","floor":5},{"not_picked":["Heavy Blade","Power Through","Flex"],"picked":"SKIP","floor":6},{"not_picked":["Sever Soul","Seeing Red","Bloodletting"],"picked":"SKIP","floor":8},{"not_picked":["Battle Trance","Thunderclap"],"picked":"AT_IchimonjiDouble","floor":11},{"not_picked":["AT_GerminateFire","Seeing Red","Flame Barrier"],"picked":"SKIP","floor":12},{"not_picked":["Power Through","Inflame"],"picked":"Clash","floor":13},{"not_picked":["Juggernaut","Corruption"],"picked":"Barricade","floor":16},{"not_picked":["Perfected Strike","Shockwave+1","Sword Boomerang+1"],"picked":"SKIP","floor":18},{"not_picked":["Sentinel","Warcry","Thunderclap"],"picked":"SKIP","floor":20},{"not_picked":["Sword Boomerang","Blood for Blood"],"picked":"Headbutt","floor":27},{"not_picked":["Heavy Blade","Thunderclap","Clothesline"],"picked":"SKIP","floor":28},{"not_picked":["Gensokyo:EightFeetTall","Gensokyo:MenInBlack"],"picked":"Gensokyo:SpontaneousHumanCombustion","floor":29},{"not_picked":["Havoc","Flex"],"picked":"Headbutt+1","floor":30}],"player_experience":86511,"relics_obtained":[{"floor":6,"key":"MealTicket"},{"floor":8,"key":"AT_GuinsooRageblade"},{"floor":9,"key":"Centennial Puzzle"},{"floor":26,"key":"Meat on the Bone"},{"floor":27,"key":"InkBottle"},{"floor":28,"key":"Bag of Marbles"}],"event_choices":[],"is_beta":false,"boss_relics":[{"not_picked":["Coffee Dripper","Philosopher\u0027s Stone"],"picked":"Runic Pyramid"}],"items_purged_floors":[19],"is_endless":false,"potions_floor_spawned":[5,6,18,27,30],"killed_by":"Gensokyo:Kaguya","ascension_level":0}}