{"host":"1rf9pknejqhzkc4o","time":1609376041,"event":{"mods":["Aspiration","BaseMod","Better Altar","Better Match","Better Note","Better Sensory Stone","Better Skull","Better Third Choice","Colored Map","Colored Powertips","Communication Mod","Conspire","Energized Spire","Hubris","Infinite Spire","Ironclad Rager","Minty Spire (QoL Compilation)","Quick Restart","RNG Fix","Rare Cards Sparkle","Relic Stats","Replay The Spire","Retaliation","Spicy Shops","StSLib","The Blue Laboratory","Trackpad"],"gold_per_floor":[109,126,126,139,139,139,64,64,64,74,74,85,85,103,103,203,203,216,235,235,235,13,13,23,35,35,35,35,60,60,79,79,79,79],"floor_reached":33,"playtime":964,"items_purged":["Injury","Looming Evil","Replay:Hysterical Blindness"],"score":237,"play_id":"a2374997-7e77-4129-a69d-2274ef9d55d7","local_time":"20201231035401","is_ascension_mode":false,"campfire_choices":[{"data":"Tempest","floor":6.0,"key":"SMITH"},{"data":"Self Repair","floor":8.0,"key":"SMITH"},{"data":"Turbo","floor":11.0,"key":"SMITH"},{"data":"Zap","floor":13.0,"key":"SMITH"},{"data":"Meteor Strike","floor":15.0,"key":"SMITH"},{"data":"Static Discharge","floor":27.0,"key":"SMITH"},{"floor":32.0,"key":"REST"}],"circlet_count":0,"master_deck":["Strike_B","Strike_B","Strike_B","Strike_B","Defend_B+1","Defend_B+1","Defend_B+1","Defend_B+1","Zap+1","Dualcast","Turbo+1","Tempest+1","Enlightenment","Hello World","Sweeping Beam","Self Repair+1","Redo+1","Meteor Strike+1","Multi-Cast+1","Redo+1","ReplayTheSpireMod:Calculation Training+1","infinitespire:Collect+1","Static Discharge+1","Ball Lightning","hubris:Fate+1","Turbo+1","Defragment","Self Repair"],"relics":["Cracked Core","aspiration:Nostalgia","PureWater","Toxic Egg 2","Replay:Bottled Eggs","energizedSpire:RedRose","Ring of Peace","ReplayTheSpireMod:Ring of Exchange","trackpad:WindUpAutoDealer","Letter Opener","Blood Vial","Bloody Idol","ReplayTheSpireMod:CursedCoin","Molten Egg 2"],"acts_visited":["Exordium","TheCity"],"potions_floor_usage":[33,33,33],"damage_taken":[{"damage":7.0,"enemies":"Small Slimes","floor":1.0,"turns":3.0},{"damage":2.0,"enemies":"2 Louse","floor":2.0,"turns":2.0},{"damage":11.0,"enemies":"Jaw Worm","floor":4.0,"turns":2.0},{"damage":9.0,"enemies":"Gremlin Gang","floor":10.0,"turns":3.0},{"damage":4.0,"enemies":"2 Fungi Beasts","floor":12.0,"turns":2.0},{"damage":7.0,"enemies":"Blue Slaver","floor":14.0,"turns":3.0},{"damage":31.0,"enemies":"Slime Boss","floor":16.0,"turns":8.0},{"damage":12.0,"enemies":"Chosen","floor":18.0,"turns":2.0},{"damage":8.0,"enemies":"3 Byrds","floor":19.0,"turns":3.0},{"damage":0.0,"enemies":"Snake Plant","floor":24.0,"turns":1.0},{"damage":0.0,"enemies":"Shelled Parasite and Fungi","floor":25.0,"turns":1.0},{"damage":7.0,"enemies":"Cultist and Chosen","floor":31.0,"turns":3.0},{"damage":78,"enemies":"Automaton","floor":33,"turns":6}],"seed_played":"-6641838991411122276","potions_obtained":[{"floor":1.0,"key":"PowerPotion"},{"floor":2.0,"key":"blueLaboratory:ConsumingVoid"},{"floor":10.0,"key":"blueLaboratory:Moonshine"},{"floor":12.0,"key":"Block Potion"},{"floor":16.0,"key":"Swift Potion"},{"floor":18.0,"key":"Elixir"},{"floor":31.0,"key":"blueLaboratory:BottledHope"}],"is_trial":false,"path_per_floor":["M","M","?","M","?","R","$","R","T","M","R","M","R","M","R","B",null,"M","M","?","?","$","AVR","M","M","T","R","?","$","T","M","R","B"],"character_chosen":"DEFECT","items_purchased":["Static Discharge","Ball Lightning","ReplayTheSpireMod:CursedCoin"],"campfire_rested":1,"item_purchase_floors":[22,22,29],"current_hp_per_floor":[68,66,66,55,55,55,55,55,55,56,56,52,52,55,55,34,75,73,75,75,75,75,75,75,75,75,75,17,22,22,22,44,0,0],"gold":79,"neow_bonus":"NOSTALGIA","is_daily":false,"chose_seed":false,"campfire_upgraded":6,"win_rate":0.0,"timestamp":1609376041,"path_taken":["M","M","?","?","?","R","$","R","T","M","R","M","R","M","R","BOSS","M","M","?","?","?","AVR","M","M","T","R","?","$","?","M","R","BOSS"],"items_purchased_type":["Card","Card","Relic"],"build_version":"2020-12-22","purchased_purges":3,"victory":false,"max_hp_per_floor":[75,75,75,75,75,75,75,75,75,75,75,75,75,75,75,75,75,75,75,75,75,75,75,75,75,75,75,75,75,75,75,75,75,75],"relic_stats":{"Blood Vial":4,"counters":[13,39],"Bloody Idol":10,"Letter Opener":[95],"obtain_stats":[{"energizedSpire:RedRose":17,"ReplayTheSpireMod:Ring of Exchange":21,"aspiration:Nostalgia":0,"ReplayTheSpireMod:CursedCoin":29,"Letter Opener":26,"Blood Vial":28,"Ring of Peace":21,"Bloody Idol":28,"Molten Egg 2":30,"PureWater":0,"Toxic Egg 2":5,"Replay:Bottled Eggs":9,"Cracked Core":0,"trackpad:WindUpAutoDealer":23},{"energizedSpire:RedRose":7,"ReplayTheSpireMod:Ring of Exchange":9,"aspiration:Nostalgia":0,"ReplayTheSpireMod:CursedCoin":11,"Letter Opener":11,"Blood Vial":11,"Ring of Peace":9,"Bloody Idol":11,"Molten Egg 2":11,"PureWater":0,"Toxic Egg 2":3,"Replay:Bottled Eggs":3,"Cracked Core":0,"trackpad:WindUpAutoDealer":9},{"energizedSpire:RedRose":23,"ReplayTheSpireMod:Ring of Exchange":28,"aspiration:Nostalgia":0,"ReplayTheSpireMod:CursedCoin":30,"Letter Opener":30,"Blood Vial":30,"Ring of Peace":28,"Bloody Idol":30,"Molten Egg 2":30,"PureWater":0,"Toxic Egg 2":7,"Replay:Bottled Eggs":7,"Cracked Core":0,"trackpad:WindUpAutoDealer":28}]},"card_choices":[{"not_picked":["Beam Cell","Go for the Eyes"],"picked":"Turbo","floor":1.0},{"not_picked":["Heatsinks","Compile Driver"],"picked":"Tempest","floor":2.0},{"not_picked":["hubris:Ssssneak","Flash of Steel"],"picked":"Enlightenment","floor":3.0},{"not_picked":["ReplaySort","Blizzard"],"picked":"Hello World","floor":3.0},{"not_picked":["Beam Cell","Go for the Eyes"],"picked":"Sweeping Beam","floor":3.0},{"not_picked":["Sweeping Beam","Rebound"],"picked":"Self Repair","floor":4.0},{"not_picked":["FTL","BasicCrystalCard+1"],"picked":"Redo+1","floor":10.0},{"not_picked":["Heatsinks","Steam+1","Streamline"],"picked":"SKIP","floor":12.0},{"not_picked":["Gash","Cold Snap"],"picked":"Meteor Strike","floor":14.0},{"not_picked":["Buffer","Echo Form"],"picked":"Multi-Cast+1","floor":16.0},{"not_picked":["Barrage","Leap+1"],"picked":"Redo+1","floor":18.0},{"not_picked":["conspire:SharedLibrary","Sweeping Beam"],"picked":"ReplayTheSpireMod:Calculation Training+1","floor":19.0},{"not_picked":["ReplaySort+1","FTL"],"picked":"Turbo+1","floor":24.0},{"not_picked":["BasicCrystalCard+1","Rainbow+1"],"picked":"Defragment","floor":25.0},{"not_picked":["Compile Driver+1","Sweeping Beam+1"],"picked":"Self Repair","floor":31.0}],"player_experience":151767,"relics_obtained":[{"floor":9.0,"key":"Replay:Bottled Eggs"},{"floor":21.0,"key":"Ring of Peace"},{"floor":21.0,"key":"ReplayTheSpireMod:Ring of Exchange"},{"floor":26.0,"key":"Letter Opener"},{"floor":30.0,"key":"Molten Egg 2"}],"event_choices":[{"damage_healed":0.0,"max_hp_gain":0.0,"max_hp_loss":0.0,"gold_gain":0.0,"event_name":"betterMatch:BetterMatch","player_choice":"1","floor":3.0,"gold_loss":0.0,"damage_taken":0.0,"cards_obtained":["betterMatch:ColorlessUncommonCard","betterMatch:UncommonCard","betterMatch:CommonCard"]},{"cards_removed":["infinitespire:Collect"],"damage_healed":0.0,"max_hp_gain":0.0,"max_hp_loss":0.0,"gold_gain":0.0,"event_name":"betterNote:BetterNote","player_choice":"Take \u0026 Give","floor":20.0,"gold_loss":0.0,"damage_taken":0.0,"cards_obtained":["infinitespire:Collect"]},{"damage_healed":0.0,"max_hp_gain":75.0,"max_hp_loss":17.0,"gold_gain":0.0,"event_name":"betterAltar:BetterAltar","player_choice":" Vial Idol ","floor":28.0,"potions_obtained":[],"relics_lost":[],"gold_loss":0.0,"damage_taken":58.0,"relics_obtained":["Blood Vial","Bloody Idol"]}],"is_beta":false,"boss_relics":[{"not_picked":["hubris:BlackHole","energizedSpire:CursedPentagram"],"picked":"energizedSpire:RedRose"}],"items_purged_floors":[7,22,29],"is_endless":false,"potions_floor_spawned":[1,2,10,12,16,18,31],"killed_by":"Automaton","ascension_level":0}}