{"host":"55ootvctf3yuzfpi","time":1609435590,"event":{"mods":["BaseMod","Colored Map","Downfall","Hermit","Highlight Path","Minty Spire (QoL Compilation)","StSLib"],"gold_per_floor":[399,411,427,439,455,481,481,113,144,154,213,229,245,81,101,101,101,101],"floor_reached":16,"playtime":3014,"items_purged":["champ:Strike"],"score":116,"play_id":"f963e16e-3c41-4cff-8472-18bb45380b97","local_time":"20201231142630","is_ascension_mode":false,"campfire_choices":[{"floor":1.0,"key":"RECALL"}],"circlet_count":0,"master_deck":["champ:Strike","champ:Strike","champ:Strike","champ:Defend","champ:Defend","champ:Defend","champ:Defend","champ:Execute","champ:Taunt","CurseOfTheBell","champ:Shatter+1","champ:TornadoPunch+1","champ:DeathBlow+1","champ:FanOfKnives+1","champ:DefensiveStyle","champ:FaceSlap+1","expansioncontent:GuardianWhirl+1","champ:FocusedDefense","champ:Circumvent","champ:FlashCut+1","champ:ShieldThrow+1","champ:Control","champ:FlashCut+1"],"relics":["Calling Bell","PreservedInsect","Molten Egg 2","Old Coin","MealTicket","Mercury Hourglass","Sundial","Ornamental Fan","Ancient Tea Set"],"acts_visited":["Exordium"],"potions_floor_usage":[16,16,16],"damage_taken":[{"damage":5.0,"enemies":"Small Slimes","floor":2.0,"turns":3.0},{"damage":5.0,"enemies":"Cultist","floor":3.0,"turns":4.0},{"damage":0.0,"enemies":"2 Louse","floor":4.0,"turns":1.0},{"damage":42.0,"enemies":"Exordium Wildlife","floor":5.0,"turns":4.0},{"damage":47.0,"enemies":"3 Sentries","floor":6.0,"turns":4.0},{"damage":26.0,"enemies":"downfall:FleeingMerchant","floor":8.0,"turns":4.0},{"damage":11.0,"enemies":"Gremlin Nob","floor":9.0,"turns":3.0},{"damage":12.0,"enemies":"Large Slime","floor":10.0,"turns":4.0},{"damage":19.0,"enemies":"3 Sentries","floor":11.0,"turns":2.0},{"damage":15.0,"enemies":"Gremlin Gang","floor":12.0,"turns":3.0},{"damage":0.0,"enemies":"Blue Slaver","floor":13.0,"turns":2.0},{"damage":0,"enemies":"downfall:FleeingMerchant","floor":14,"turns":4},{"damage":0,"enemies":"3 Louse","floor":15,"turns":2},{"damage":65,"enemies":"downfall:Ironclad","floor":16,"turns":7}],"seed_played":"-1533845372617184156","potions_obtained":[{"floor":3.0,"key":"Fruit Juice"},{"floor":6.0,"key":"SpeedPotion"},{"floor":10.0,"key":"Regen Potion"},{"floor":11.0,"key":"SteroidPotion"},{"floor":13.0,"key":"Fire Potion"},{"floor":15,"key":"AttackPotion"}],"is_trial":false,"path_per_floor":["R","M","M","M","M","E","T","$","E","M","?","M","M","$","M","B"],"character_chosen":"THE_CHAMP","items_purchased":["champ:FaceSlap+1","expansioncontent:GuardianWhirl+1","champ:FocusedDefense","champ:Circumvent","Ancient Tea Set"],"campfire_rested":0,"item_purchase_floors":[8,8,8,8,14],"current_hp_per_floor":[90,90,95,95,71,47,47,62,51,44,45,45,45,60,60,0,0,0],"gold":101,"neow_bonus":"BOSS_RELIC","is_daily":false,"chose_seed":false,"campfire_upgraded":0,"win_rate":0.0,"timestamp":1609435590,"path_taken":["R","M","M","M","M","E","T","$","E","M","?","M","M","$","M","BOSS"],"items_purchased_type":["Card","Card","Card","Card","Relic"],"build_version":"2020-12-22","purchased_purges":1,"victory":false,"max_hp_per_floor":[90,90,95,95,95,95,95,95,95,95,95,95,95,95,95,95,95,95],"card_choices":[{"not_picked":["champ:FalseCounter","champ:GladiatorsShout"],"picked":"champ:Shatter+1","floor":2.0},{"not_picked":["champ:Control","champ:RisingSlash+1"],"picked":"champ:TornadoPunch+1","floor":3.0},{"not_picked":["champ:SteelEdge+1","champ:TornadoPunch+1"],"picked":"champ:DeathBlow+1","floor":4.0},{"not_picked":["champ:RisingSlash+1","champ:ArenaPreparation"],"picked":"champ:FanOfKnives+1","floor":5.0},{"not_picked":["champ:StanceDance","champ:EnragedBash+1","champ:TornadoPunch+1"],"picked":"SKIP","floor":6.0},{"not_picked":["champ:HeartStrike+1","champ:DefensiveShout"],"picked":"champ:DefensiveStyle","floor":8.0},{"not_picked":["champ:BladeFlurry+1","champ:RisingSlash+1","champ:GladiatorsShout"],"picked":"SKIP","floor":9.0},{"not_picked":["champ:StanceDance","champ:BladeFlurry+1"],"picked":"champ:FlashCut+1","floor":10.0},{"not_picked":["champ:FocusedGladiator","champ:DefensiveShout"],"picked":"champ:ShieldThrow+1","floor":11.0},{"not_picked":["champ:Circumvent","champ:Shatter+1"],"picked":"champ:Control","floor":12.0},{"not_picked":["champ:BerserkersShout","champ:StanceDance"],"picked":"champ:FlashCut+1","floor":13.0},{"not_picked":["champ:Haymaker+1","champ:Circumvent","champ:BringItOn"],"picked":"SKIP","floor":14},{"not_picked":["champ:BladeFlurry+1","champ:GladiatorsShout","champ:FaceSlap+1"],"picked":"SKIP","floor":15}],"player_experience":1296904,"relics_obtained":[{"floor":0.0,"key":"PreservedInsect"},{"floor":0.0,"key":"Molten Egg 2"},{"floor":0.0,"key":"Old Coin"},{"floor":6.0,"key":"MealTicket"},{"floor":7.0,"key":"Mercury Hourglass"},{"floor":9.0,"key":"Sundial"}],"event_choices":[],"is_beta":false,"boss_relics":[],"items_purged_floors":[8],"is_endless":false,"potions_floor_spawned":[3,6,10,11,13,15],"killed_by":"downfall:Ironclad","ascension_level":0}}