{"host":"kda2p2afd6bvz6qo","time":1609377472,"event":{"mods":["BaseMod","Colored Map","Minty Spire (QoL Compilation)","Relic Stats"],"gold_per_floor":[118,134,134,152,152,181,181,198,198,10,22,22,22,47,47,121,121,135,135,211,111,131,131,147,147,170,200,200,233,233,249,249,328,328,346,346,346,64,78,103,103,132,156,182,182,253,266,301,301,301],"floor_reached":51,"playtime":5016,"items_purged":["Pain","Writhe"],"score":1589,"play_id":"5632f86b-958f-4ac9-bb25-a719aa8d7820","local_time":"20201231011752","is_ascension_mode":true,"campfire_choices":[{"data":"Well Laid Plans","floor":7.0,"key":"SMITH"},{"data":"Strike_G","floor":15.0,"key":"PURGE"},{"data":"Footwork","floor":23.0,"key":"SMITH"},{"data":"Malaise","floor":25.0,"key":"SMITH"},{"data":"Defend_G","floor":28.0,"key":"PURGE"},{"data":"Outmaneuver","floor":30.0,"key":"SMITH"},{"data":"Defend_G","floor":32.0,"key":"PURGE"},{"data":"Metamorphosis","floor":41.0,"key":"SMITH"},{"data":"Adrenaline","floor":45.0,"key":"SMITH"},{"data":"Footwork","floor":49,"key":"SMITH"}],"circlet_count":0,"master_deck":["AscendersBane","Defend_G+1","Defend_G","Defend_G+1","Survivor","Neutralize","Well Laid Plans+1","Dagger Throw","Skewer+1","Flying Knee+1","Noxious Fumes","Underhanded Strike","Backflip","Blur","Malaise+1","Acrobatics+1","A Thousand Cuts+1","A Thousand Cuts+1","Footwork+1","Backstab+1","Outmaneuver+1","Night Terror","Cloak And Dagger+1","Writhe","Footwork+1","Metamorphosis+1","Prepared","Deflect","Calculated Gamble","Adrenaline+1","Concentrate","Prepared+1"],"relics":["Ring of the Snake","NeowsBlessing","WarpedTongs","Incense Burner","Peace Pipe","Pantograph","Astrolabe","Anchor","Mercury Hourglass","MealTicket","Du-Vu Doll","Unceasing Top","Black Star","Gambling Chip","Centennial Puzzle","Bronze Scales","Whetstone","PreservedInsect","Dream Catcher","Ancient Tea Set","Ginger","Toy Ornithopter","Thread and Needle"],"acts_visited":["Exordium","TheCity","TheBeyond"],"potions_floor_usage":[46,46,46,50,50],"damage_taken":[{"damage":0.0,"enemies":"2 Louse","floor":1.0,"turns":1.0},{"damage":0.0,"enemies":"Cultist","floor":2.0,"turns":1.0},{"damage":0.0,"enemies":"Small Slimes","floor":4.0,"turns":1.0},{"damage":16.0,"enemies":"3 Sentries","floor":6.0,"turns":6.0},{"damage":14.0,"enemies":"Exordium Wildlife","floor":8.0,"turns":6.0},{"damage":0.0,"enemies":"3 Louse","floor":11.0,"turns":4.0},{"damage":1.0,"enemies":"Lagavulin","floor":14.0,"turns":6.0},{"damage":0.0,"enemies":"The Guardian","floor":16.0,"turns":12.0},{"damage":0.0,"enemies":"3 Byrds","floor":18.0,"turns":5.0},{"damage":1.0,"enemies":"Chosen","floor":22.0,"turns":8.0},{"damage":0.0,"enemies":"Shelled Parasite and Fungi","floor":24.0,"turns":8.0},{"damage":9.0,"enemies":"Gremlin Leader","floor":27.0,"turns":7.0},{"damage":6.0,"enemies":"Slavers","floor":29.0,"turns":8.0},{"damage":0.0,"enemies":"Sentry and Sphere","floor":31.0,"turns":7.0},{"damage":13.0,"enemies":"Collector","floor":33.0,"turns":10.0},{"damage":0.0,"enemies":"Orb Walker","floor":35.0,"turns":4.0},{"damage":3.0,"enemies":"3 Darklings","floor":39.0,"turns":9.0},{"damage":3.0,"enemies":"Giant Head","floor":40.0,"turns":9.0},{"damage":0.0,"enemies":"Reptomancer","floor":42.0,"turns":6.0},{"damage":18.0,"enemies":"Nemesis","floor":44.0,"turns":7.0},{"damage":9,"enemies":"2 Orb Walkers","floor":46,"turns":4},{"damage":0,"enemies":"4 Shapes","floor":47,"turns":4},{"damage":0,"enemies":"Giant Head","floor":48,"turns":6},{"damage":18,"enemies":"Awakened One","floor":50,"turns":10}],"seed_played":"-3271428890281615915","potions_obtained":[{"floor":1.0,"key":"ColorlessPotion"},{"floor":8.0,"key":"SmokeBomb"},{"floor":14.0,"key":"Weak Potion"},{"floor":16.0,"key":"Fire Potion"},{"floor":18.0,"key":"FearPotion"},{"floor":22.0,"key":"BlessingOfTheForge"},{"floor":24.0,"key":"Fire Potion"},{"floor":31.0,"key":"Block Potion"},{"floor":35.0,"key":"SkillPotion"},{"floor":44.0,"key":"EntropicBrew"},{"floor":47,"key":"Swift Potion"},{"floor":48,"key":"SpeedPotion"}],"is_trial":false,"path_per_floor":["M","M","?","M","?","E","R","M","T","$","M","?","$","E","R","B",null,"M","?","T","$","M","R","M","R","T","E","R","E","R","M","R","B",null,"M","?","?","$","M","E","R","E","T","E","R","?","M","E","R","B",null],"character_chosen":"THE_SILENT","items_purchased":["Noxious Fumes","Underhanded Strike","Footwork","Metamorphosis"],"campfire_rested":0,"item_purchase_floors":[10,10,38,38],"current_hp_per_floor":[59,59,59,59,39,23,23,9,9,9,9,2,2,1,1,26,56,56,56,56,56,55,55,55,55,55,46,46,40,40,40,40,52,63,63,66,66,66,63,60,60,60,60,42,42,33,33,33,33,48],"gold":301,"neow_bonus":"THREE_ENEMY_KILL","is_daily":false,"chose_seed":false,"campfire_upgraded":7,"win_rate":0.0,"timestamp":1609377472,"path_taken":["M","M","?","?","?","E","R","M","T","?","M","?","?","E","R","BOSS","M","?","?","$","M","R","M","R","T","E","R","E","R","M","R","BOSS","M","?","?","$","M","E","R","E","T","E","R","?","M","E","R","BOSS"],"items_purchased_type":["Card","Card","Card","Card"],"build_version":"2020-12-22","purchased_purges":2,"victory":true,"max_hp_per_floor":[66,66,66,66,66,66,66,66,66,66,66,66,66,66,66,66,66,66,66,66,66,66,66,66,66,66,66,66,66,66,66,66,66,66,66,66,66,66,66,66,66,66,66,66,66,66,66,66,66,66],"relic_stats":{"counters":[24,148],"Astrolabe":["Acrobatics","A Thousand Cuts","A Thousand Cuts"],"PreservedInsect":180,"Whetstone":["Skewer","Flying Knee"],"Ginger":[3],"WarpedTongs":[143],"Mercury Hourglass":[430],"Peace Pipe":3,"Centennial Puzzle":[9],"Dream Catcher":0,"Pantograph":75,"Gambling Chip":[21],"Bronze Scales":[99],"MealTicket":0,"Black Star":4,"obtain_stats":[{"NeowsBlessing":0,"Astrolabe":17,"Thread and Needle":48,"PreservedInsect":43,"Incense Burner":6,"Whetstone":42,"Ginger":46,"Ancient Tea Set":44,"WarpedTongs":3,"Mercury Hourglass":20,"Peace Pipe":9,"Du-Vu Doll":27,"Anchor":19,"Centennial Puzzle":40,"Dream Catcher":44,"Pantograph":14,"Gambling Chip":40,"Bronze Scales":42,"MealTicket":26,"Black Star":34,"Unceasing Top":29,"Toy Ornithopter":48,"Ring of the Snake":0},{"NeowsBlessing":0,"Astrolabe":8,"Thread and Needle":23,"PreservedInsect":19,"Incense Burner":4,"Whetstone":19,"Ginger":21,"Ancient Tea Set":20,"WarpedTongs":2,"Mercury Hourglass":9,"Peace Pipe":5,"Du-Vu Doll":12,"Anchor":9,"Centennial Puzzle":18,"Dream Catcher":20,"Pantograph":7,"Gambling Chip":18,"Bronze Scales":19,"MealTicket":11,"Black Star":15,"Unceasing Top":13,"Toy Ornithopter":23,"Ring of the Snake":0},{"NeowsBlessing":0,"Astrolabe":37,"Thread and Needle":138,"PreservedInsect":117,"Incense Burner":9,"Whetstone":117,"Ginger":128,"Ancient Tea Set":124,"WarpedTongs":2,"Mercury Hourglass":42,"Peace Pipe":15,"Du-Vu Doll":65,"Anchor":42,"Centennial Puzzle":111,"Dream Catcher":124,"Pantograph":25,"Gambling Chip":111,"Bronze Scales":117,"MealTicket":58,"Black Star":90,"Unceasing Top":73,"Toy Ornithopter":138,"Ring of the Snake":0}],"Unceasing Top":[38],"Toy Ornithopter":8,"Ring of the Snake":[48]},"card_choices":[{"not_picked":["Heel Hook","Acrobatics"],"picked":"Well Laid Plans","floor":1.0},{"not_picked":["Catalyst","Heel Hook"],"picked":"Dagger Throw","floor":2.0},{"not_picked":["Quick Slash","Infinite Blades"],"picked":"Skewer","floor":4.0},{"not_picked":["Flying Knee","Masterful Stab"],"picked":"PiercingWail","floor":6.0},{"not_picked":["Dagger Throw","Flechettes"],"picked":"Flying Knee","floor":8.0},{"not_picked":["Bane","Flechettes"],"picked":"Backflip","floor":11.0},{"not_picked":["Predator","Bane"],"picked":"Blur","floor":14.0},{"not_picked":["Envenom","A Thousand Cuts"],"picked":"Malaise","floor":16.0},{"not_picked":["Dagger Spray+1","Catalyst"],"picked":"Footwork","floor":18.0},{"not_picked":["Slice","Flying Knee"],"picked":"Backstab+1","floor":22.0},{"not_picked":["Masterful Stab","Quick Slash","Reflex"],"picked":"SKIP","floor":24.0},{"not_picked":["Dagger Throw+1","Calculated Gamble","Backflip"],"picked":"SKIP","floor":27.0},{"not_picked":["Unload","Prepared"],"picked":"Outmaneuver","floor":29.0},{"not_picked":["Bane","PiercingWail","Escape Plan"],"picked":"SKIP","floor":31.0},{"not_picked":["Envenom","Doppelganger"],"picked":"Night Terror","floor":33.0},{"not_picked":["Distraction","Blade Dance"],"picked":"Cloak And Dagger+1","floor":35.0},{"not_picked":["Distraction","Quick Slash"],"picked":"Prepared","floor":39.0},{"not_picked":["Bane","Underhanded Strike"],"picked":"Deflect","floor":40.0},{"not_picked":["Deadly Poison","Calculated Gamble","PiercingWail"],"picked":"SKIP","floor":42.0},{"not_picked":["Deadly Poison","PiercingWail"],"picked":"Calculated Gamble","floor":42.0},{"not_picked":["Skewer","Wraith Form v2"],"picked":"Adrenaline","floor":44.0},{"not_picked":["Backflip","Finisher"],"picked":"Concentrate","floor":46},{"not_picked":["Deadly Poison+1","Predator","Dash"],"picked":"SKIP","floor":47},{"not_picked":["Infinite Blades+1","Wraith Form v2"],"picked":"Prepared+1","floor":48}],"player_experience":103368,"relics_obtained":[{"floor":6.0,"key":"Incense Burner"},{"floor":9.0,"key":"Peace Pipe"},{"floor":14.0,"key":"Pantograph"},{"floor":20.0,"key":"Mercury Hourglass"},{"floor":26.0,"key":"MealTicket"},{"floor":27.0,"key":"Du-Vu Doll"},{"floor":29.0,"key":"Unceasing Top"},{"floor":40.0,"key":"Gambling Chip"},{"floor":40.0,"key":"Centennial Puzzle"},{"floor":42.0,"key":"Bronze Scales"},{"floor":42.0,"key":"Whetstone"},{"floor":43.0,"key":"PreservedInsect"},{"floor":44.0,"key":"Dream Catcher"},{"floor":44.0,"key":"Ancient Tea Set"},{"floor":46,"key":"Ginger"},{"floor":48,"key":"Toy Ornithopter"},{"floor":48,"key":"Thread and Needle"}],"event_choices":[{"damage_healed":0.0,"max_hp_gain":0.0,"max_hp_loss":0.0,"gold_gain":0.0,"event_name":"Accursed Blacksmith","player_choice":"Rummage","floor":3.0,"gold_loss":0.0,"damage_taken":0.0,"relics_obtained":["WarpedTongs"],"cards_obtained":["Pain"]},{"damage_healed":0.0,"max_hp_gain":0.0,"max_hp_loss":0.0,"gold_gain":0.0,"event_name":"Shining Light","player_choice":"Entered Light","floor":5.0,"gold_loss":0.0,"damage_taken":20.0,"cards_upgraded":["Defend_G","Defend_G"]},{"cards_removed":["Strike_G"],"damage_healed":0.0,"max_hp_gain":0.0,"max_hp_loss":0.0,"gold_gain":0.0,"event_name":"Golden Wing","player_choice":"Card Removal","floor":12.0,"gold_loss":0.0,"damage_taken":7.0},{"damage_healed":0.0,"max_hp_gain":0.0,"max_hp_loss":0.0,"gold_gain":0.0,"event_name":"The Mausoleum","player_choice":"Opened","floor":19.0,"gold_loss":0.0,"damage_taken":0.0,"relics_obtained":["Anchor"],"cards_obtained":["Writhe"]},{"damage_healed":13.0,"max_hp_gain":0.0,"max_hp_loss":0.0,"gold_gain":0.0,"event_name":"Winding Halls","player_choice":"Writhe","floor":36.0,"gold_loss":0.0,"damage_taken":0.0,"cards_obtained":["Writhe"]},{"cards_removed":["PiercingWail"],"damage_healed":0.0,"max_hp_gain":0.0,"max_hp_loss":0.0,"gold_gain":0.0,"event_name":"Falling","player_choice":"Removed Skill","floor":37.0,"gold_loss":0.0,"damage_taken":0.0},{"damage_healed":0,"gold_gain":0,"player_choice":"Fight","damage_taken":0,"max_hp_gain":0,"max_hp_loss":0,"event_name":"Mysterious Sphere","floor":46,"gold_loss":0}],"is_beta":false,"boss_relics":[{"not_picked":["Velvet Choker","Snecko Eye"],"picked":"Astrolabe"},{"not_picked":["Runic Pyramid","Runic Dome"],"picked":"Black Star"}],"items_purged_floors":[10,21],"is_endless":false,"potions_floor_spawned":[1,8,14,16,18,22,24,31,35,44,47,48],"ascension_level":17}}