{"host":"8fjsnt81u6xsmhji","time":1609398553,"event":{"mods":["BaseMod","Beaked The Cultist","Colored Powertips","Downfall","Glutton Mod","Hermit","Minty Spire (QoL Compilation)","Quick Restart","StSLib","The Bug Knight","The Forsaken","The Hierophant"],"gold_per_floor":[117,136,200,217,217,217,256,16,16,16,55,142,231,268,268,426,426,459,493,530,563,616,616,662,662,688,688,688,242,344,419,419,543,543,556,556,556,595,318,318,446,485,485,601,390,520,341,399,399,399],"floor_reached":51,"playtime":3219,"items_purged":[],"score":1053,"play_id":"ad42c020-8ea9-4cd6-a82c-3aeeadda6c67","local_time":"20201231010913","is_ascension_mode":true,"campfire_choices":[{"floor":6.0,"key":"REST"},{"floor":15.0,"key":"REST"},{"floor":23.0,"key":"REST"},{"floor":25.0,"key":"REST"},{"floor":32.0,"key":"REST"},{"data":"Secret Weapon","floor":40,"key":"SMITH"},{"data":"Glutton:Revivification","floor":49,"key":"SMITH"}],"circlet_count":0,"master_deck":["Glutton:Defend","Glutton:Defend","Glutton:Defend","Glutton:Flail","Glutton:Avarice","Glutton:Borborygmi","Glutton:Devour","Glutton:Mug+1","Glutton:Hoard","Glutton:Brace","Glutton:Treat","Glutton:Treasure","Glutton:Revivification+1","Glutton:GuardStance","Glutton:Misery","Glutton:Feed","Glutton:FeverVisions","Bite","Bite","Bite","Bite","Bite","Glutton:Treasure","Glutton:Clot+1","Glutton:Treat","Glutton:Malignancy","Glutton:Revivification+1","Glutton:Chrysosphagy+1","Secret Weapon+1","Glutton:Hoard","Glutton:GoldenArmor","Parasite","Glutton:SelfFlagellate+1","Glutton:ToxicResidue+1","Glutton:Salivate","Glutton:Vitality","Glutton:Thrombosis","Glutton:GoldenArmor"],"relics":["Glutton:EternalHunger","Matryoshka","White Beast Statue","CaptainsWheel","Odd Mushroom","Gremlin Horn","Philosopher\u0027s Stone","theForsaken:Lifeblossom","Ancient Tea Set","Nloth\u0027s Gift","DollysMirror","Calipers","Black Star","Bottled Lightning","Bottled Tornado","Pantograph","Vajra","Shuriken","Ornamental Fan","Strange Spoon"],"acts_visited":["Exordium","TheCity","TheBeyond"],"potions_floor_usage":[33,33,35,48,50],"damage_taken":[{"damage":13.0,"enemies":"2 Louse","floor":1.0,"turns":3.0},{"damage":4.0,"enemies":"Small Slimes","floor":2.0,"turns":4.0},{"damage":4.0,"enemies":"Cultist","floor":4.0,"turns":3.0},{"damage":10.0,"enemies":"2 Fungi Beasts","floor":7.0,"turns":3.0},{"damage":13.0,"enemies":"Looter","floor":11.0,"turns":4.0},{"damage":44.0,"enemies":"The Mushroom Lair","floor":12.0,"turns":6.0},{"damage":56.0,"enemies":"HollowMod:MossKnight","floor":13.0,"turns":12.0},{"damage":14.0,"enemies":"3 Louse","floor":14.0,"turns":4.0},{"damage":45.0,"enemies":"Slime Boss","floor":16.0,"turns":11.0},{"damage":22.0,"enemies":"Shell Parasite","floor":18.0,"turns":5.0},{"damage":19.0,"enemies":"2 Thieves","floor":19.0,"turns":4.0},{"damage":16.0,"enemies":"Cultist and Chosen","floor":20.0,"turns":5.0},{"damage":14.0,"enemies":"3 Cultists","floor":21.0,"turns":4.0},{"damage":21.0,"enemies":"Chosen and Byrds","floor":22.0,"turns":4.0},{"damage":53.0,"enemies":"Slavers","floor":24.0,"turns":5.0},{"damage":22.0,"enemies":"Snecko","floor":30.0,"turns":6.0},{"damage":60.0,"enemies":"Shelled Parasite and Fungi","floor":31.0,"turns":9.0},{"damage":52,"enemies":"Collector","floor":33,"turns":6},{"damage":2,"enemies":"Orb Walker","floor":35,"turns":2},{"damage":8,"enemies":"3 Darklings","floor":38,"turns":3},{"damage":33,"enemies":"HollowMod:StalkingDevout","floor":41,"turns":7},{"damage":15,"enemies":"Writhing Mass","floor":42,"turns":5},{"damage":41,"enemies":"Jaw Worm Horde","floor":44,"turns":8},{"damage":79,"enemies":"Reptomancer","floor":46,"turns":8},{"damage":59,"enemies":"Spire Growth","floor":48,"turns":6},{"damage":118,"enemies":"Time Eater","floor":50,"turns":11}],"seed_played":"-8643185277823136317","potions_obtained":[{"floor":7.0,"key":"LiquidBronze"},{"floor":11.0,"key":"Fire Potion"},{"floor":12.0,"key":"GamblersBrew"},{"floor":13.0,"key":"Regen Potion"},{"floor":14.0,"key":"DistilledChaos"},{"floor":16.0,"key":"SpeedPotion"},{"floor":18.0,"key":"Weak Potion"},{"floor":20.0,"key":"SteroidPotion"},{"floor":21.0,"key":"FearPotion"},{"floor":22.0,"key":"AttackPotion"},{"floor":24.0,"key":"Swift Potion"},{"floor":30.0,"key":"SkillPotion"},{"floor":33,"key":"Fruit Juice"},{"floor":35,"key":"Dexterity Potion"},{"floor":38,"key":"SpeedPotion"},{"floor":41,"key":"Ancient Potion"},{"floor":48,"key":"ColorlessPotion"}],"is_trial":false,"path_per_floor":["M","M","?","M","?","R","M","$","T","?","M","?","E","M","R","B",null,"M","M","M","M","M","R","E","R","T","?","?","$","M","M","R","B",null,"M","?","?","M","$","R","E","M","T","M","$","E","$","M","R","B",null],"character_chosen":"GLUTTON","items_purchased":["Matryoshka","DollysMirror","Calipers","Secret Weapon","Glutton:Hoard","Glutton:GoldenArmor","Vajra","Glutton:Salivate","Strange Spoon","Glutton:Thrombosis"],"campfire_rested":5,"item_purchase_floors":[8,29,29,39,39,39,45,45,47,47],"current_hp_per_floor":[95,91,91,87,87,120,110,110,110,110,97,53,9,11,47,12,95,77,63,52,56,44,82,45,84,84,84,84,84,88,68,92,65,88,96,96,96,105,105,105,109,112,112,106,106,72,72,82,82,122],"gold":399,"neow_bonus":"TRANSFORM_CARD","is_daily":false,"chose_seed":false,"campfire_upgraded":2,"win_rate":0.0,"timestamp":1609398553,"path_taken":["M","M","?","M","?","R","?","$","T","?","M","?","E","M","R","BOSS","M","M","M","M","M","R","E","R","T","?","?","$","M","M","R","BOSS","M","?","?","M","$","R","E","?","T","M","$","E","?","M","R","BOSS"],"items_purchased_type":["Relic","Relic","Relic","Card","Card","Card","Relic","Card","Relic","Card"],"build_version":"2020-12-22","purchased_purges":0,"victory":true,"max_hp_per_floor":[120,120,120,120,120,120,120,120,120,120,120,120,120,120,120,122,122,122,122,122,124,128,128,131,131,131,91,91,91,91,92,92,96,96,101,101,101,105,105,105,109,112,112,120,120,123,123,124,124,129],"card_choices":[{"not_picked":["Glutton:Salivate","Glutton:GnawingHunger"],"picked":"Glutton:Borborygmi","floor":1.0},{"not_picked":["Glutton:Autotomy","Glutton:LashOut"],"picked":"Glutton:Devour","floor":2.0},{"not_picked":["Glutton:Feed","Glutton:FeebleKick"],"picked":"Glutton:Mug","floor":4.0},{"not_picked":["Glutton:Rest","Glutton:Reminisce"],"picked":"Glutton:Hoard","floor":7.0},{"not_picked":["Glutton:Feast","Glutton:KneeJerk"],"picked":"Glutton:Brace","floor":11.0},{"not_picked":["Glutton:Masochism","Glutton:Delusion"],"picked":"Glutton:Bite","floor":12.0},{"not_picked":["Glutton:Reminisce","Glutton:Slam","Glutton:Migraine"],"picked":"SKIP","floor":13.0},{"not_picked":["Glutton:Masochism","Glutton:ShedFat"],"picked":"Glutton:Treat","floor":14.0},{"not_picked":["Glutton:Fast","Glutton:EatAlive"],"picked":"Glutton:Treasure","floor":16.0},{"not_picked":["Glutton:Bite+1","Glutton:Slam"],"picked":"Glutton:Revivification","floor":18.0},{"not_picked":["Glutton:Overreach","Glutton:Strain","Glutton:ShedFat+1"],"picked":"SKIP","floor":19.0},{"not_picked":["Glutton:Overreach","Glutton:FeverVisions"],"picked":"Glutton:GuardStance","floor":20.0},{"not_picked":["Glutton:Bite","Glutton:Dispepsia"],"picked":"Glutton:Misery","floor":21.0},{"not_picked":["Glutton:BellySlam","Glutton:Slam"],"picked":"Glutton:Feed","floor":22.0},{"not_picked":["Glutton:Excrescence","Glutton:Bite"],"picked":"Glutton:FeverVisions","floor":24.0},{"not_picked":["Glutton:Rest+1","Glutton:DistilledAgony"],"picked":"Glutton:Clot+1","floor":30.0},{"not_picked":["Glutton:Borborygmi","Glutton:Slam"],"picked":"Glutton:Treat","floor":31.0},{"not_picked":["Glutton:Hemophilia","Glutton:Enfeeblement"],"picked":"Glutton:Malignancy","floor":33},{"not_picked":["Glutton:Thrombosis+1","Glutton:Toxicity"],"picked":"Glutton:Revivification+1","floor":35},{"not_picked":["Glutton:Fever","Glutton:Demolish+1"],"picked":"Glutton:Chrysosphagy+1","floor":38},{"not_picked":["Glutton:Migraine","Glutton:Tantrum","Glutton:Strain"],"picked":"SKIP","floor":41},{"not_picked":["Glutton:KneeJerk","Glutton:LashOut"],"picked":"Glutton:SelfFlagellate+1","floor":42},{"not_picked":["Glutton:FeverVisions","Glutton:Masochism+1"],"picked":"Glutton:ToxicResidue+1","floor":44},{"not_picked":["Glutton:Thrombosis+1","Glutton:Reminisce"],"picked":"Glutton:Vitality","floor":46},{"not_picked":["Glutton:Rest+1","Glutton:Tantrum"],"picked":"Glutton:GoldenArmor","floor":48}],"player_experience":637814,"relics_obtained":[{"floor":9.0,"key":"White Beast Statue"},{"floor":9.0,"key":"CaptainsWheel"},{"floor":12.0,"key":"Odd Mushroom"},{"floor":13.0,"key":"Gremlin Horn"},{"floor":24.0,"key":"Letter Opener"},{"floor":26.0,"key":"theForsaken:Lifeblossom"},{"floor":26.0,"key":"Ancient Tea Set"},{"floor":41,"key":"Bottled Lightning"},{"floor":41,"key":"Bottled Tornado"},{"floor":43,"key":"Pantograph"},{"floor":46,"key":"Shuriken"},{"floor":46,"key":"Ornamental Fan"}],"event_choices":[{"damage_healed":0.0,"max_hp_gain":0.0,"max_hp_loss":0.0,"gold_gain":64.0,"event_name":"Golden Wing","player_choice":"Gained Gold","floor":3.0,"gold_loss":0.0,"damage_taken":0.0},{"damage_healed":0.0,"max_hp_gain":0.0,"max_hp_loss":0.0,"gold_gain":0.0,"event_name":"Upgrade Shrine","player_choice":"Upgraded","floor":5.0,"gold_loss":0.0,"damage_taken":0.0,"cards_upgraded":["Glutton:Mug"]},{"damage_healed":0.0,"max_hp_gain":0.0,"max_hp_loss":0.0,"gold_gain":0.0,"event_name":"Mushrooms","player_choice":"Fought Mushrooms","floor":12.0,"gold_loss":0.0,"damage_taken":0.0},{"damage_healed":0.0,"max_hp_gain":0.0,"max_hp_loss":40.0,"gold_gain":0.0,"event_name":"Vampires","player_choice":"Became a vampire","floor":27.0,"gold_loss":0.0,"damage_taken":0.0,"cards_obtained":["Bite","Bite","Bite","Bite","Bite"]},{"damage_healed":0.0,"max_hp_gain":0.0,"max_hp_loss":0.0,"gold_gain":0.0,"event_name":"N\u0027loth","player_choice":"Traded Relic","floor":28.0,"relics_lost":["Letter Opener"],"gold_loss":0.0,"damage_taken":0.0,"relics_obtained":["Nloth\u0027s Gift"]},{"damage_healed":0,"gold_gain":0,"player_choice":"Ignored","damage_taken":0,"max_hp_gain":0,"max_hp_loss":0,"event_name":"Tomb of Lord Red Mask","floor":36,"gold_loss":0},{"cards_removed":["Glutton:Bite"],"damage_healed":0,"gold_gain":0,"player_choice":"Purged","damage_taken":0,"max_hp_gain":0,"max_hp_loss":0,"event_name":"Purifier","floor":37,"gold_loss":0}],"is_beta":false,"boss_relics":[{"not_picked":["Glutton:InfiniteFamine","Glutton:DoggyBag"],"picked":"Philosopher\u0027s Stone"},{"not_picked":["SacredBark","Velvet Choker"],"picked":"Black Star"}],"items_purged_floors":[],"is_endless":false,"potions_floor_spawned":[7,11,12,13,14,16,18,19,20,21,22,24,30,31,33,35,38,41,42,44,48],"ascension_level":8}}