{"host":"yer03dsd277nstsn","time":1609452403,"event":{"mods":["BaseMod","Colored Powertips","Minty Spire (QoL Compilation)"],"gold_per_floor":[114,126,126,51,65,98,98,128,206,220,230,230,192,220,220,321,321,331,331,341,241,255,282,282,315,315,348,360,360,0,12,12,117,117,134,134,148,148,23,23,42,42,42,42,42],"floor_reached":44,"playtime":2800,"items_purged":["Strike_B","Strike_B","Defend_B"],"score":656,"play_id":"798ba314-41e9-4ccc-85ae-3823c86c575c","local_time":"20201231160643","is_ascension_mode":true,"campfire_choices":[{"floor":7,"key":"REST"},{"floor":12,"key":"REST"},{"floor":15,"key":"REST"},{"floor":24,"key":"REST"},{"data":"Echo Form","floor":29,"key":"SMITH"},{"data":"Blizzard","floor":32,"key":"SMITH"},{"data":"Enlightenment","floor":40,"key":"SMITH"},{"data":"Metamorphosis","floor":42,"key":"SMITH"}],"circlet_count":0,"master_deck":["Defend_B","Defend_B","Zap+1","Dualcast","Doom and Gloom+1","Leap","Glacier","Ball Lightning","Echo Form+1","Hologram+1","Blizzard+1","Defragment","Self Repair","Cold Snap","Coolheaded","Buffer","Stack+1","Melter+1","Rebound+1","Cold Snap","Enlightenment+1","Secret Technique","Metamorphosis+1","Chill+1"],"relics":["Cracked Core","Calipers","Thread and Needle","Ornamental Fan","DataDisk","Nuclear Battery","Nloth\u0027s Gift","Ancient Tea Set","Oddly Smooth Stone","Blue Candle","Lantern","Meat on the Bone","Astrolabe","Molten Egg 2"],"acts_visited":["Exordium","TheCity","TheBeyond"],"potions_floor_usage":[6,23,25,27,33,33,37,44],"damage_taken":[{"damage":3,"enemies":"Jaw Worm","floor":1,"turns":4},{"damage":6,"enemies":"Cultist","floor":2,"turns":3},{"damage":8,"enemies":"2 Louse","floor":5,"turns":2},{"damage":22,"enemies":"Lagavulin","floor":6,"turns":6},{"damage":14,"enemies":"Gremlin Nob","floor":8,"turns":4},{"damage":14,"enemies":"Exordium Thugs","floor":10,"turns":5},{"damage":2,"enemies":"Lots of Slimes","floor":11,"turns":4},{"damage":2,"enemies":"Lagavulin","floor":14,"turns":5},{"damage":28,"enemies":"Hexaghost","floor":16,"turns":12},{"damage":0,"enemies":"3 Byrds","floor":18,"turns":4},{"damage":0,"enemies":"Spheric Guardian","floor":20,"turns":3},{"damage":17,"enemies":"Centurion and Healer","floor":22,"turns":6},{"damage":11,"enemies":"Slavers","floor":23,"turns":6},{"damage":8,"enemies":"Gremlin Leader","floor":25,"turns":5},{"damage":10,"enemies":"Book of Stabbing","floor":27,"turns":6},{"damage":15,"enemies":"Cultist and Chosen","floor":28,"turns":6},{"damage":0,"enemies":"Chosen and Byrds","floor":31,"turns":4},{"damage":12,"enemies":"Collector","floor":33,"turns":11},{"damage":16,"enemies":"3 Darklings","floor":35,"turns":6},{"damage":0,"enemies":"Orb Walker","floor":37,"turns":4},{"damage":6,"enemies":"Transient","floor":41,"turns":5},{"damage":64,"enemies":"Reptomancer","floor":44,"turns":7}],"seed_played":"-4147709702982736425","potions_obtained":[{"floor":1,"key":"Dexterity Potion"},{"floor":5,"key":"Strength Potion"},{"floor":14,"key":"Dexterity Potion"},{"floor":16,"key":"SkillPotion"},{"floor":18,"key":"Block Potion"},{"floor":28,"key":"AttackPotion"},{"floor":33,"key":"Explosive Potion"},{"floor":35,"key":"Block Potion"},{"floor":36,"key":"FairyPotion"},{"floor":36,"key":"PotionOfCapacity"}],"is_trial":false,"path_per_floor":["M","M","?","$","M","E","R","E","T","M","M","R","?","E","R","B",null,"M","?","M","$","M","E","R","E","T","E","M","R","$","M","R","B",null,"M","?","M","?","$","R","M","R","T","E"],"character_chosen":"DEFECT","items_purchased":["Meat on the Bone","Cold Snap","AttackPotion"],"campfire_rested":4,"item_purchase_floors":[30,30,30],"current_hp_per_floor":[65,59,59,59,51,29,49,35,35,21,19,39,39,37,57,29,58,58,58,58,58,41,30,50,42,42,32,31,31,31,57,57,59,66,50,50,57,47,47,47,41,41,41,0,0],"gold":42,"neow_bonus":"ONE_RARE_RELIC","is_daily":false,"chose_seed":false,"campfire_upgraded":4,"win_rate":0.0,"timestamp":1609452403,"path_taken":["M","M","?","$","M","E","R","E","T","?","M","R","?","E","R","BOSS","M","?","M","$","M","E","R","E","T","E","M","R","$","M","R","BOSS","M","?","?","?","$","R","M","R","T","E"],"items_purchased_type":["Relic","Card","Potion"],"build_version":"2020-12-22","purchased_purges":3,"victory":false,"max_hp_per_floor":[68,68,68,68,68,68,68,68,68,68,68,68,68,68,68,68,68,68,68,68,68,68,68,68,68,68,68,68,68,68,68,68,68,68,68,68,68,68,68,68,68,68,68,68,68],"card_choices":[{"not_picked":["Darkness","Beam Cell"],"picked":"Doom and Gloom","floor":1},{"not_picked":["Static Discharge","Consume","Lockon"],"picked":"SKIP","floor":2},{"not_picked":["Reinforced Body","Sunder"],"picked":"Leap","floor":5},{"not_picked":["Leap","Reprogram","Compile Driver"],"picked":"SKIP","floor":6},{"not_picked":["Heatsinks","Go for the Eyes"],"picked":"Glacier","floor":8},{"not_picked":["Hyperbeam","Go for the Eyes"],"picked":"Ball Lightning","floor":10},{"not_picked":["Barrage","Beam Cell","Redo"],"picked":"SKIP","floor":11},{"not_picked":["Beam Cell","Redo","Leap"],"picked":"SKIP","floor":14},{"not_picked":["Hyperbeam","Fission"],"picked":"Echo Form","floor":16},{"not_picked":["Stack","Ball Lightning"],"picked":"Hologram+1","floor":18},{"not_picked":["Conserve Battery","Recycle"],"picked":"Blizzard","floor":20},{"not_picked":["Stack","Gash","Go for the Eyes+1"],"picked":"SKIP","floor":22},{"not_picked":["Steam Power","Aggregate+1"],"picked":"Defragment","floor":23},{"not_picked":["Streamline+1","Redo","Creative AI"],"picked":"SKIP","floor":25},{"not_picked":["Go for the Eyes","Streamline"],"picked":"Self Repair","floor":27},{"not_picked":["Beam Cell+1","Aggregate+1","Compile Driver"],"picked":"SKIP","floor":28},{"not_picked":["Conserve Battery","Compile Driver"],"picked":"Coolheaded","floor":31},{"not_picked":["Rainbow","Fission"],"picked":"Buffer","floor":33},{"not_picked":["Genetic Algorithm+1","Redo"],"picked":"Cold Snap","floor":35},{"not_picked":["Barrage","Skim","Chaos"],"picked":"SKIP","floor":37},{"not_picked":["Bandage Up","Discovery"],"picked":"Enlightenment","floor":38},{"not_picked":["Mind Blast","Bandage Up"],"picked":"Secret Technique","floor":38},{"not_picked":["Flash of Steel","Master of Strategy"],"picked":"Metamorphosis","floor":38},{"not_picked":["Leap","BootSequence+1"],"picked":"Chill+1","floor":41}],"player_experience":414550,"relics_obtained":[{"floor":6,"key":"Thread and Needle"},{"floor":8,"key":"Whetstone"},{"floor":9,"key":"Ornamental Fan"},{"floor":14,"key":"DataDisk"},{"floor":23,"key":"Ancient Tea Set"},{"floor":25,"key":"Oddly Smooth Stone"},{"floor":26,"key":"Blue Candle"},{"floor":27,"key":"Lantern"},{"floor":43,"key":"Molten Egg 2"}],"event_choices":[{"damage_healed":0,"gold_gain":0,"player_choice":"Upgraded","damage_taken":0,"max_hp_gain":0,"max_hp_loss":0,"event_name":"Upgrade Shrine","floor":3,"gold_loss":0,"cards_upgraded":["Zap"]},{"damage_healed":0,"gold_gain":0,"player_choice":"Left Gold","damage_taken":0,"max_hp_gain":0,"max_hp_loss":0,"event_name":"World of Goop","floor":13,"gold_loss":38},{"damage_healed":0,"gold_gain":0,"player_choice":"Traded Relic","damage_taken":0,"relics_obtained":["Nloth\u0027s Gift"],"max_hp_gain":0,"max_hp_loss":0,"event_name":"N\u0027loth","floor":19,"relics_lost":["Whetstone"],"gold_loss":0},{"damage_healed":0,"gold_gain":0,"player_choice":"Got Potions","damage_taken":0,"max_hp_gain":0,"max_hp_loss":0,"event_name":"Lab","floor":36,"gold_loss":0},{"damage_healed":0,"gold_gain":0,"player_choice":"Memory 3","damage_taken":10,"max_hp_gain":0,"max_hp_loss":0,"event_name":"SensoryStone","floor":38,"gold_loss":0}],"is_beta":false,"boss_relics":[{"not_picked":["Fusion Hammer","Black Star"],"picked":"Nuclear Battery"},{"not_picked":["Sozu","Philosopher\u0027s Stone"],"picked":"Astrolabe"}],"items_purged_floors":[4,21,39],"is_endless":false,"potions_floor_spawned":[1,5,14,16,18,20,28,33,35],"killed_by":"Reptomancer","ascension_level":7}}