{"host":"tzwuiju9jhaz8xpk","time":1609440886,"event":{"mods":["AchievementEnabler","Act Like it!","Ascension Unlocker","BaseMod","Bestiary","Better Altar","Better Match","Better Note","Better Sensory Stone","Better Vampires","Better-Laid Plans","Challenge The Spire","ChefMod","Dio Mod","Displayed Cursed Tome","Dota2Spire","Ekko","Elementarium","GungeonMod","Hallownest","JesterMod","Lobotomy","Minty Spire (QoL Compilation)","Permanent Neow","Pikachu Mod","QueenMod","Quick Restart","RNG Fix","Relic Stats","Replay The Spire","Reworked Bosses","Robot Space Explorer","Spicy Shops","StSLib","SuperFastMode","TestMod","The Blue Laboratory","The Bug Knight","The Forsaken","The Marked","TheLocksmith","TheWitcher","Uncapped","Waifu the Spire","????","????"],"gold_per_floor":[109,109,121,221,294,294,329,329],"floor_reached":7,"playtime":303,"items_purged":[],"score":49,"play_id":"26f2e3ae-e005-457e-90b4-6fef944fbdea","local_time":"20201231135446","is_ascension_mode":false,"campfire_choices":[{"floor":6,"key":"REST"}],"circlet_count":0,"master_deck":["PlaceholderMod:BaseStrike","PlaceholderMod:BaseStrike+1","PlaceholderMod:BaseStrike","PlaceholderMod:BaseStrike","PlaceholderMod:BaseStrike","PlaceholderMod:BaseDefend","PlaceholderMod:BaseDefend","PlaceholderMod:BaseDefend","PlaceholderMod:BaseDefend","PlaceholderMod:BaseDefend","PlaceholderMod:Crystal","PlaceholderMod:PoisonWhip","CherryBlossoms","PlaceholderMod:HornyBlast","PlaceholderMod:PoisonExcitation","BigBird","PlaceholderMod:MultipleOxi","PlaceholderMod:PoisonBlast"],"relics":["PlaceholderMod:Tancle","testmod-StringDisintegrator","CogitoBucket","Juzu Bracelet","Gremlin Food","testmod-AssaultLearning"],"acts_visited":["Exordium"],"potions_floor_usage":[],"damage_taken":[{"damage":0,"enemies":"Small Slimes","floor":1,"turns":3},{"damage":10,"enemies":"Jaw Worm","floor":3,"turns":4},{"damage":17,"enemies":"Gremlin Nob","floor":7,"turns":3}],"seed_played":"-8783526950296115161","potions_obtained":[{"floor":3,"key":"blueLaboratory:SavagePotion"},{"floor":5,"key":"testmod-EscapePotion"},{"floor":5,"key":"Strength Potion"}],"is_trial":false,"path_per_floor":["M","?","M","?","?","R","E"],"character_chosen":"THE_PLACEHOLDER","items_purchased":[],"campfire_rested":1,"item_purchase_floors":[],"current_hp_per_floor":[78,78,68,68,37,60,43,43],"gold":329,"neow_bonus":"","is_daily":false,"chose_seed":false,"campfire_upgraded":0,"win_rate":0.0,"timestamp":1609440886,"path_taken":["M","?","M","?","?","R","E"],"items_purchased_type":[],"build_version":"2020-12-22","purchased_purges":0,"victory":false,"max_hp_per_floor":[78,78,78,78,78,78,78,78],"relic_stats":{"counters":[3,10],"Juzu Bracelet":0,"obtain_stats":[{"Gremlin Food":5,"PlaceholderMod:Tancle":0,"testmod-StringDisintegrator":0,"CogitoBucket":0,"testmod-TestBox":0,"testmod-AssaultLearning":7,"DemoMod:GlassGuonStoneRelic":3,"Juzu Bracelet":2},{"Gremlin Food":2,"PlaceholderMod:Tancle":0,"testmod-StringDisintegrator":0,"CogitoBucket":0,"testmod-TestBox":0,"testmod-AssaultLearning":3,"DemoMod:GlassGuonStoneRelic":2,"Juzu Bracelet":1},{"Gremlin Food":7,"PlaceholderMod:Tancle":0,"testmod-StringDisintegrator":0,"CogitoBucket":0,"testmod-TestBox":0,"testmod-AssaultLearning":10,"DemoMod:GlassGuonStoneRelic":7,"Juzu Bracelet":3}]},"card_choices":[{"not_picked":["Wellcheers","Scarecrow","CrumblingArmor"],"picked":"Singing Bowl","floor":1},{"not_picked":["MHz","Bloodbath"],"picked":"CherryBlossoms","floor":1},{"not_picked":["PlaceholderMod:SprayAttack","PlaceholderMod:Sweep"],"picked":"PlaceholderMod:HornyBlast","floor":1},{"not_picked":["PlaceholderMod:DirectingGroup","PlaceholderMod:NutritionAbsorb"],"picked":"PlaceholderMod:PoisonExcitation","floor":3},{"not_picked":["OldLady","ShyLook","UniverseFragment"],"picked":"Singing Bowl","floor":3},{"not_picked":["Variant","Laetitia"],"picked":"BigBird","floor":3},{"not_picked":["PlaceholderMod:SelectReaction","PlaceholderMod:StrongAcid"],"picked":"PlaceholderMod:MultipleOxi","floor":5},{"not_picked":["PlaceholderMod:Hyperplasia","PlaceholderMod:AttackAsDefend"],"picked":"PlaceholderMod:PoisonBlast","floor":7}],"player_experience":63824,"relics_obtained":[{"floor":5,"key":"Gremlin Food"},{"floor":7,"key":"testmod-AssaultLearning"}],"event_choices":[{"damage_healed":0,"gold_gain":0,"player_choice":"Swap Relic","damage_taken":0,"relics_obtained":["Juzu Bracelet"],"max_hp_gain":0,"max_hp_loss":0,"event_name":"Box For Yourself","floor":2,"relics_lost":["testmod-TestBox"],"gold_loss":0},{"damage_healed":0,"gold_gain":100,"player_choice":"Pray","damage_taken":0,"max_hp_gain":0,"max_hp_loss":0,"event_name":"Golden Shrine","floor":4,"gold_loss":0}],"is_beta":false,"boss_relics":[],"items_purged_floors":[],"is_endless":false,"potions_floor_spawned":[3],"killed_by":"Gremlin Nob","ascension_level":0}}