{"host":"dntw6kil9p09eemm","time":1609414235,"event":{"mods":["Alarm Clock","Aspiration","BaseMod","Downfall","Hermit","Hubris","Minty Spire (QoL Compilation)","Permanent Neow","Replay The Spire","Shop Mod","StSLib"],"gold_per_floor":[110,4,4,23,43,71,192,210,235,235,260,260,260,270,270,366,366,381,381,335,350,368,382,382,398,398,375,375,394,469,422,422,519,519,534,548,365,376,376,401,401,401,401,401],"floor_reached":42,"playtime":3182,"items_purged":["hexamod:Defend","hexamod:Strike","hexamod:Defend","hexamod:Strike"],"score":463,"play_id":"495cc20b-66c5-4904-8f36-5d25f5b15d1d","local_time":"20201231203035","is_ascension_mode":false,"campfire_choices":[{"floor":10.0,"key":"REST"},{"data":"hexamod:Float","floor":12.0,"key":"SMITH"},{"data":"hexamod:FastForward","floor":15.0,"key":"SMITH"},{"floor":24,"key":"REST"},{"floor":28,"key":"REST"},{"floor":32,"key":"REST"},{"floor":41,"key":"REST"}],"circlet_count":0,"master_deck":["hexamod:Strike","hexamod:Defend","hexamod:Sear","hexamod:Float+1","hexamod:FastForward+1","hexamod:Incineration","hexamod:BurningTouch","hexamod:GhostflameInferno","hexamod:SpectralSpark+1","hexamod:ThermalTransfer","hexamod:RadiantFlame","hexamod:CrushingStance","hexamod:FastForward","hexamod:PhantomFireball","hexamod:ExtraCrispy","hexamod:SearingWound","hexamod:Firestarter+1","hexamod:PhantomFireball","hexamod:SuperheatedStrike","hexamod:SuperheatedStrike","hexamod:HexaLevel","hexamod:PhantomFireball","hexamod:PhantomFireball+1"],"relics":["hexamod:SpiritBrand","Membership Card","hubris:Towel","Dream Catcher","ReplayTheSpireMod:CursedCoin","Guardian:PocketSentry","Replay:Bottled Flurry","SlaversCollar","MerchantsRug","Lizard Tail","Empty Cage","OrangePellets","Omamori"],"acts_visited":["Exordium","TheCity","TheBeyond"],"potions_floor_usage":[],"damage_taken":[{"damage":0.0,"enemies":"Small Slimes","floor":1.0,"turns":4.0},{"damage":0.0,"enemies":"2 Louse","floor":4.0,"turns":2.0},{"damage":0.0,"enemies":"Cultist","floor":5.0,"turns":3.0},{"damage":21.0,"enemies":"3 Sentries","floor":6.0,"turns":9.0},{"damage":0.0,"enemies":"Exordium Wildlife","floor":8.0,"turns":4.0},{"damage":5.0,"enemies":"Lagavulin","floor":11.0,"turns":7.0},{"damage":0.0,"enemies":"Lots of Slimes","floor":14.0,"turns":3.0},{"damage":59.0,"enemies":"Fading Forest","floor":16.0,"turns":11.0},{"damage":0.0,"enemies":"3 Byrds","floor":18.0,"turns":3.0},{"damage":0.0,"enemies":"Chosen","floor":21.0,"turns":3.0},{"damage":13.0,"enemies":"Snake Plant","floor":22.0,"turns":4.0},{"damage":20,"enemies":"3 Cultists","floor":23,"turns":5},{"damage":12,"enemies":"Shelled Parasite and Fungi","floor":25,"turns":3},{"damage":15,"enemies":"Snake Plant","floor":29,"turns":2},{"damage":39,"enemies":"Automaton","floor":33,"turns":8},{"damage":13,"enemies":"Orb Walker","floor":35,"turns":3},{"damage":44,"enemies":"3 Darklings","floor":36,"turns":6},{"damage":1,"enemies":"Transient","floor":38,"turns":5},{"damage":28,"enemies":"R_Hoarder","floor":40,"turns":5},{"damage":45,"enemies":"Maw","floor":42,"turns":6}],"seed_played":"-3779681045076473800","potions_obtained":[{"floor":1.0,"key":"Guardian:BlockOnCardUsePotion"},{"floor":11.0,"key":"GamblersBrew"},{"floor":16.0,"key":"DuplicationPotion"},{"floor":22.0,"key":"BlessingOfTheForge"},{"floor":23,"key":"GamblersBrew"},{"floor":29,"key":"SpeedPotion"},{"floor":35,"key":"Reflective Coating"},{"floor":40,"key":"Fire Potion"}],"is_trial":false,"path_per_floor":["M","$","?","M","M","E","$","M","T","R","E","R","?","M","R","B",null,"M","?","$","M","M","M","R","M","T","$","R","M","?","$","R","B",null,"M","M","$","M","?","E","R","M"],"character_chosen":"THE_SPIRIT","items_purchased":["Membership Card","ReplayTheSpireMod:CursedCoin","hexamod:SpectralSpark+1","MerchantsRug","hexamod:PhantomFireball","hexamod:PhantomFireball","OrangePellets"],"campfire_rested":5,"item_purchase_floors":[2,7,7,20,27,37,37],"current_hp_per_floor":[70,70,70,70,70,49,49,49,49,70,65,65,65,65,65,16,70,70,70,70,70,57,37,58,46,46,46,67,52,45,45,66,27,70,57,13,13,12,12,19,40,0,0,0],"gold":401,"neow_bonus":"THREE_CARDS","is_daily":false,"chose_seed":false,"campfire_upgraded":2,"win_rate":0.0,"timestamp":1609414235,"path_taken":["M","$","?","M","M","E","$","M","T","R","E","R","?","?","R","BOSS","M","?","$","M","?","M","R","M","T","$","R","M","?","$","R","BOSS","M","?","$","M","?","E","R","M"],"items_purchased_type":["Relic","Relic","Card","Relic","Card","Card","Relic"],"build_version":"2020-12-22","purchased_purges":4,"victory":false,"max_hp_per_floor":[70,70,70,70,70,70,70,70,70,70,70,70,70,70,70,70,70,70,70,70,70,70,70,70,70,70,70,70,70,70,70,70,70,70,70,70,70,70,70,70,70,70,70,70],"card_choices":[{"not_picked":["hexamod:NightmareGuise","hexamod:BurningTouch"],"picked":"hexamod:FastForward","floor":0.0},{"not_picked":["hexamod:BacktrackSmack","hexamod:NightmareGuise"],"picked":"hexamod:Incineration","floor":1.0},{"not_picked":["hexamod:ShieldOfDarkness","hexamod:SwordOfDarkness","hexamod:InspiringFlames"],"picked":"SKIP","floor":4.0},{"not_picked":["hexamod:RainOfEmbers","hexamod:FlamesFromBeyond"],"picked":"hexamod:BurningTouch","floor":5.0},{"not_picked":["hexamod:HeatShield","hexamod:PowerFromBeyond"],"picked":"hexamod:GhostflameInferno","floor":6.0},{"not_picked":["hexamod:InspiringFlames","hexamod:NightmareStrike"],"picked":"hexamod:ThermalTransfer","floor":8.0},{"not_picked":["hexamod:GhostShield","hexamod:HeatCrush","hexamod:Rewind"],"picked":"SKIP","floor":11.0},{"not_picked":["hexamod:BurningTouch","hexamod:SpectralAdrenaline"],"picked":"hexamod:RadiantFlame","floor":14.0},{"not_picked":["hexamod:UnleashSpirits","hexamod:UnlimitedPower"],"picked":"hexamod:CrushingStance","floor":16.0},{"not_picked":["hexamod:BurningTouch","hexamod:FourthSeal","hexamod:NightmareStrike+1"],"picked":"SKIP","floor":18.0},{"not_picked":["hexamod:HauntingEcho","hexamod:BurningTouch+1"],"picked":"hexamod:FastForward","floor":21.0},{"not_picked":["hexamod:UnleashSpirits","hexamod:SkipABeat"],"picked":"hexamod:PhantomFireball","floor":22.0},{"not_picked":["hexamod:HauntingEcho","hexamod:GhostShield"],"picked":"hexamod:ExtraCrispy","floor":23},{"not_picked":["hexamod:RainOfEmbers","hexamod:ThermalTransfer+1"],"picked":"hexamod:SearingWound","floor":24},{"not_picked":["hexamod:NecessarySacrifice+1","hexamod:EtherealExpedition"],"picked":"hexamod:Firestarter+1","floor":25},{"not_picked":["hexamod:FourthSeal","hexamod:SwordOfDarkness"],"picked":"hexamod:SuperheatedStrike","floor":28},{"not_picked":["hexamod:SpectersWail","hexamod:PhantomCloak","hexamod:HauntingEcho+1"],"picked":"SKIP","floor":29},{"not_picked":["hexamod:InspiringFlames","hexamod:GhostShield+1"],"picked":"hexamod:SuperheatedStrike","floor":32},{"not_picked":["hexamod:ParanormalForm","hexamod:TimeWarp"],"picked":"hexamod:HexaLevel","floor":33},{"not_picked":["hexamod:Firestarter","hexamod:GhostLash","hexamod:SpectersWail"],"picked":"SKIP","floor":35},{"not_picked":["hexamod:SuperheatedStrike","hexamod:SpectersWail","hexamod:Haunt"],"picked":"SKIP","floor":36},{"not_picked":["hexamod:GhostLash","hexamod:Firestarter+1"],"picked":"hexamod:PhantomFireball+1","floor":38},{"not_picked":["hexamod:BurningTouch","hexamod:SecondSeal","hexamod:RainOfEmbers+1"],"picked":"SKIP","floor":40}],"player_experience":495212,"relics_obtained":[{"floor":6.0,"key":"Dream Catcher"},{"floor":9.0,"key":"Guardian:PocketSentry"},{"floor":11.0,"key":"Replay:Bottled Flurry"},{"floor":26,"key":"Lizard Tail"},{"floor":40,"key":"Omamori"}],"event_choices":[{"cards_removed":["hubris:Despair"],"damage_healed":0.0,"max_hp_gain":0.0,"max_hp_loss":0.0,"gold_gain":0.0,"event_name":"Purifier","player_choice":"Purged","floor":13.0,"gold_loss":0.0,"damage_taken":0.0},{"damage_healed":0.0,"max_hp_gain":0.0,"max_hp_loss":0.0,"gold_gain":0.0,"event_name":"WeMeetAgain","player_choice":"Gave Potion","floor":19.0,"gold_loss":0.0,"damage_taken":0.0,"relics_obtained":["aspiration:FetidBarrel"]},{"damage_healed":0,"gold_gain":75,"player_choice":"Touch","damage_taken":7,"max_hp_gain":0,"max_hp_loss":0,"event_name":"FaceTrader","floor":30,"gold_loss":0},{"damage_healed":0,"gold_gain":0,"player_choice":"Memory 1","damage_taken":0,"max_hp_gain":0,"max_hp_loss":0,"event_name":"SensoryStone","floor":39,"gold_loss":0}],"is_beta":false,"boss_relics":[{"not_picked":["aspiration:RunicSpoon","aspiration:DefectSkillbook"],"picked":"SlaversCollar"},{"not_picked":["aspiration:FutureDiary","Tiny House"],"picked":"Empty Cage"}],"items_purged_floors":[20,27,31,37],"is_endless":false,"potions_floor_spawned":[1,11,16,22,23,29,35,40],"killed_by":"Maw","ascension_level":0}}