{"host":"pr6x8hyknev46vut","time":1609404421,"event":{"mods":["Aspiration","BaseMod","CCEM","Colored Map","Colored Powertips","Downfall","Googly Eyes","Hermit","Highlight Path","Hubris","Minty Spire (QoL Compilation)","Permanent Neow","Replay The Spire","Shop Mod","Spicy Shops","StSLib","The Bug Knight","The Construct","The Cursed","The Disciple","The Necromancer","The Runesmith","The Servant 0.9.4"],"gold_per_floor":[99,114,126,126,141,66,66,66,66,341,341,356,356,382,402,402,402,402],"floor_reached":16,"playtime":625,"items_purged":[],"score":100,"play_id":"d04e51b5-a434-4c74-8917-6285a60e74bc","local_time":"20201231094701","is_ascension_mode":false,"campfire_choices":[{"floor":1,"key":"RECALL"},{"data":"hexamod:ThermalTransfer","floor":6,"key":"SMITH"},{"data":"hexamod:Sear","floor":11,"key":"SMITH"},{"data":"hexamod:Float","floor":13,"key":"SMITH"}],"circlet_count":0,"master_deck":["hexamod:Strike","hexamod:Strike","hexamod:Strike","hexamod:Strike+1","hexamod:Defend","hexamod:Defend","hexamod:Defend","hexamod:Defend","hexamod:Sear+1","hexamod:Float+1","hexamod:FirstSeal","hexamod:BurningTouch+1","hexamod:ThermalTransfer+1","Regret","hexamod:AdvancingGuard","hexamod:HauntingEcho","hexamod:FourthSeal"],"relics":["hexamod:SpiritBrand","downfall:HeartBlessingRed","Pocketwatch","downfall:BrokenWingStatue","hubris:SlimyHat"],"acts_visited":["Exordium"],"potions_floor_usage":[16,16],"damage_taken":[{"damage":0,"enemies":"Jaw Worm","floor":2,"turns":3},{"damage":0,"enemies":"Cultist","floor":3,"turns":4},{"damage":0,"enemies":"Small Slimes","floor":5,"turns":3},{"damage":19,"enemies":"Lots of Slimes","floor":12,"turns":5},{"damage":24,"enemies":"Gremlin Nob","floor":14,"turns":4},{"damage":3,"enemies":"3 Louse","floor":15,"turns":3},{"damage":52,"enemies":"downfall:Silent","floor":16,"turns":9}],"seed_played":"-2340992119209914569","potions_obtained":[{"floor":2,"key":"Venom Potion"},{"floor":3,"key":"Energy Potion"},{"floor":15,"key":"Weak Potion"}],"is_trial":false,"path_per_floor":["R","M","M","?","M","R","T","?","?","?","R","M","R","E","M","B"],"character_chosen":"THE_SPIRIT","items_purchased":[],"campfire_rested":0,"item_purchase_floors":[],"current_hp_per_floor":[77,77,77,77,77,77,77,77,77,77,77,65,65,48,52,0,0,0],"gold":402,"neow_bonus":"TEN_PERCENT_HP_BONUS","is_daily":false,"chose_seed":false,"campfire_upgraded":3,"win_rate":0.0,"timestamp":1609404421,"path_taken":["R","M","M","?","?","R","T","?","?","?","R","M","R","E","M","BOSS"],"items_purchased_type":[],"build_version":"2020-12-22","purchased_purges":0,"victory":false,"max_hp_per_floor":[77,77,77,77,77,77,77,77,77,77,77,77,77,77,77,77,77,77],"card_choices":[{"not_picked":["hexamod:BurningTouch","hexamod:HauntingEcho"],"picked":"hexamod:FirstSeal","floor":2},{"not_picked":["hexamod:EtherealExpedition","hexamod:HeatCrush"],"picked":"hexamod:BurningTouch","floor":3},{"not_picked":["hexamod:SpectersWail","hexamod:BacktrackSmack"],"picked":"hexamod:ThermalTransfer","floor":5},{"not_picked":["hexamod:GhostLash","hexamod:Hexaguard"],"picked":"hexamod:AdvancingGuard","floor":12},{"not_picked":["hexamod:SpectralAdrenaline","hexamod:PhantomFireball"],"picked":"hexamod:HauntingEcho","floor":14},{"not_picked":["hexamod:GhostLash","hexamod:ShieldOfDarkness"],"picked":"hexamod:FourthSeal","floor":15}],"player_experience":61251,"relics_obtained":[{"floor":7,"key":"Pocketwatch"},{"floor":14,"key":"hubris:SlimyHat"}],"event_choices":[{"damage_healed":0,"gold_gain":0,"player_choice":"Upgraded","damage_taken":0,"max_hp_gain":0,"max_hp_loss":0,"event_name":"Upgrade Shrine","floor":4,"gold_loss":0,"cards_upgraded":["hexamod:BurningTouch"]}],"is_beta":false,"boss_relics":[],"items_purged_floors":[],"is_endless":false,"potions_floor_spawned":[2,3,15],"killed_by":"downfall:Silent","ascension_level":0}}