{"host":"1cd1aqaox6jesai3","time":1609377019,"event":{"mods":["Act Like it!","Astrologer","Bartender","BaseMod","Colored Powertips","Downfall","Hallownest","Mimic Mod","Minty Spire (QoL Compilation)","StSLib","The Bug Knight","The Construct","The Factory"],"gold_per_floor":[99,99,99,99,99,99,99,133,153,153,171,171,184,284,300,397,397,397,409,509,527,527,527,572,422,469,454,487,506,523,541,557,661,661,661,672,361,375,388,406,481,493,509,509,509,509],"floor_reached":44,"playtime":3670,"items_purged":[],"score":482,"play_id":"fa5ba10d-ff93-4458-888b-31f7ad4b95ae","local_time":"20201230201019","is_ascension_mode":false,"campfire_choices":[{"data":"Guardian:CurlUp","floor":1,"key":"SMITH"},{"floor":12,"key":"REST"},{"floor":18,"key":"RECALL"},{"data":"Guardian:PrismaticBeam","floor":25,"key":"SMITH"},{"data":"Guardian:Recover","floor":35,"key":"SMITH"}],"circlet_count":0,"master_deck":["Guardian:Strike_Guardian","Guardian:Strike_Guardian","Guardian:Defend_Guardian","Guardian:Defend_Guardian","Guardian:Defend_Guardian","Guardian:Defend_Guardian","Guardian:CurlUp+1","Guardian:RollAttack","Guardian:BronzeArmor+1","Guardian:PrismaticBeam+1","Guardian:Repulse+1","Guardian:Recover+1","Guardian:Suspension","Guardian:SpikerProtocol+1","Guardian:RevengeProtocol+1","CurseOfTheBell","Guardian:ChargeCore+1","Guardian:Reroute","RitualDagger","Guardian:TemporalShield+1","Guardian:CrystalBeam","Guardian:Incinerate+1","Guardian:Planning+1","Guardian:PrismaticBeam+1","Guardian:TemporalStrike","Guardian:TemporalShield","Guardian:Gem_Lightblue","Guardian:EvasiveProtocol+1","Guardian:TemporalShield","Guardian:DonusPower","Guardian:Gem_White"],"relics":["Guardian:ModeShifter","downfall:HeartsMalice","Guardian:PickAxe","Oddly Smooth Stone","downfall:ShatteredFragment","Frozen Egg 2","MealTicket","Calling Bell","TungstenRod","Regal Pillow","Eternal Feather","Pocketwatch","HornCleat","MutagenicStrength","downfall:HeartBlessingRed","downfall:HeartBlessingBlue","HollowMod:PaleOreRelic","Unceasing Top","SlaversCollar","DollysMirror","Power_Wrist"],"acts_visited":["Exordium","TheCity","TheBeyond"],"potions_floor_usage":[33,33,43,43],"damage_taken":[{"damage":0,"enemies":"Cultist","floor":2,"turns":1},{"damage":0,"enemies":"2 Louse","floor":3,"turns":1},{"damage":0,"enemies":"2 Louse","floor":4,"turns":1},{"damage":23,"enemies":"Gremlin Nob","floor":8,"turns":4},{"damage":0,"enemies":"Small Slimes","floor":9,"turns":3},{"damage":3,"enemies":"2 Fungi Beasts","floor":11,"turns":2},{"damage":6,"enemies":"3 Louse","floor":13,"turns":4},{"damage":19,"enemies":"downfall:Heads","floor":14,"turns":5},{"damage":2,"enemies":"Blue Slaver","floor":15,"turns":2},{"damage":0,"enemies":"downfall:Watcher","floor":16,"turns":10},{"damage":2,"enemies":"Spheric Guardian","floor":19,"turns":4},{"damage":23,"enemies":"downfall:Defect","floor":20,"turns":5},{"damage":3,"enemies":"Chosen and Byrds","floor":21,"turns":4},{"damage":0,"enemies":"downfall:FleeingMerchant","floor":27,"turns":4},{"damage":20,"enemies":"Gremlin Leader","floor":28,"turns":5},{"damage":16,"enemies":"Centurion and Healer","floor":29,"turns":5},{"damage":17,"enemies":"Shelled Parasite and Fungi","floor":30,"turns":4},{"damage":0,"enemies":"Snecko","floor":31,"turns":3},{"damage":11,"enemies":"Centurion and Healer","floor":32,"turns":5},{"damage":19,"enemies":"downfall:Silent","floor":33,"turns":6},{"damage":14,"enemies":"3 Shapes","floor":36,"turns":4},{"damage":0,"enemies":"downfall:FleeingMerchant","floor":37,"turns":4},{"damage":0,"enemies":"Orb Walker","floor":38,"turns":2},{"damage":30,"enemies":"Writhing Mass","floor":39,"turns":6},{"damage":12,"enemies":"Sphere and 2 Shapes","floor":40,"turns":4},{"damage":18,"enemies":"4 Shapes","floor":42,"turns":4},{"damage":28,"enemies":"Spire Growth","floor":43,"turns":5},{"damage":8,"enemies":"Writhing Mass","floor":44,"turns":1}],"seed_played":"5003847410827334048","potions_obtained":[{"floor":9,"key":"BlessingOfTheForge"},{"floor":13,"key":"SkillPotion"},{"floor":15,"key":"Weak Potion"},{"floor":16,"key":"Dexterity Potion"},{"floor":31,"key":"DistilledChaos"},{"floor":33,"key":"Explosive Potion"},{"floor":42,"key":"Strength Potion"},{"floor":43,"key":"FearPotion"}],"is_trial":false,"path_per_floor":["R","M","M","?","?","?","T","E","M","?","M","R","M","?","M","B",null,"R","M","?","M","?","?","T","R","T","$","E","M","M","M","M","B",null,"R","M","$","M","M","M","T","M","M","M"],"character_chosen":"GUARDIAN","items_purchased":["DollysMirror","Guardian:TemporalStrike","Guardian:TemporalShield","Guardian:Gem_Lightblue"],"campfire_rested":1,"item_purchase_floors":[37,37,37,37],"current_hp_per_floor":[80,80,80,74,62,38,38,15,15,15,12,36,30,11,9,9,80,80,78,55,52,47,47,47,69,69,84,64,48,31,31,20,1,90,90,76,90,90,60,48,48,30,2,0,0,0],"gold":509,"neow_bonus":"THREE_ENEMY_KILL","is_daily":false,"chose_seed":false,"campfire_upgraded":3,"win_rate":0.0,"timestamp":1609377019,"path_taken":["R","M","?","?","?","?","T","E","M","?","M","R","M","?","M","BOSS","R","M","?","M","?","?","T","R","?","$","E","M","M","?","M","BOSS","R","M","$","M","M","M","T","M","?","M"],"items_purchased_type":["Relic","Card","Card","Card"],"build_version":"2020-12-22","purchased_purges":0,"victory":false,"max_hp_per_floor":[80,80,80,80,80,80,80,80,80,80,80,80,80,80,80,80,80,80,80,80,80,80,80,80,90,90,90,90,90,90,90,90,90,90,90,90,90,90,90,90,90,90,90,90,90,90],"card_choices":[{"not_picked":["Guardian:Repulse","Guardian:WalkerClaw"],"picked":"Guardian:RollAttack","floor":2},{"not_picked":["Guardian:Planning","Guardian:ExploitGems"],"picked":"Guardian:BronzeArmor","floor":3},{"not_picked":["Guardian:WalkerClaw","Guardian:BronzeArmor"],"picked":"Guardian:PrismaticBeam","floor":8},{"not_picked":["Guardian:Incinerate","Guardian:Reroute"],"picked":"Guardian:Repulse+1","floor":9},{"not_picked":["Guardian:TemporalShield","Guardian:PiercingHide"],"picked":"Guardian:Recover","floor":11},{"not_picked":["Guardian:PiercingHide","Guardian:VentSteam"],"picked":"Guardian:Suspension","floor":13},{"not_picked":["Guardian:Reroute","Guardian:Gem_Synthetic"],"picked":"Guardian:SpikerProtocol+1","floor":14},{"not_picked":["Guardian:DonusPower","Guardian:Suspension"],"picked":"Guardian:Gem_Blue","floor":15},{"not_picked":["Guardian:SphericShield","Guardian:Gem_Orange"],"picked":"Guardian:RevengeProtocol+1","floor":16},{"not_picked":["Guardian:WalkerClaw","Guardian:Gem_Green"],"picked":"Guardian:ChargeCore+1","floor":19},{"not_picked":["Guardian:TimeSifter+1","Guardian:SentryBeam+1"],"picked":"Guardian:Reroute","floor":20},{"not_picked":["Guardian:Gem_Blue","Guardian:RollAttack+1"],"picked":"Guardian:Gem_Lightblue","floor":21},{"not_picked":["Guardian:RollAttack","Guardian:Gem_Red"],"picked":"Guardian:TemporalShield+1","floor":27},{"not_picked":["Guardian:ChargeUp","Guardian:ShieldSpikes"],"picked":"Guardian:CrystalBeam","floor":28},{"not_picked":["Guardian:Gem_Cyan","Guardian:PolyBeam"],"picked":"Guardian:Gem_Green","floor":29},{"not_picked":["Guardian:Gem_Purple","Guardian:RollAttack","Guardian:Recover"],"picked":"SKIP","floor":30},{"not_picked":["Guardian:ChargeCore","Guardian:FloatingOrbs+1"],"picked":"Guardian:Incinerate+1","floor":31},{"not_picked":["Guardian:Gem_Purple","Guardian:ShieldCharger"],"picked":"Guardian:Planning+1","floor":32},{"not_picked":["Guardian:ConstructionForm+1","Guardian:HyperBeam_Guardian"],"picked":"Guardian:Gem_Orange","floor":33},{"not_picked":["Guardian:RollAttack+1","Guardian:PrismaticBarrier+1","Guardian:Gem_Red"],"picked":"SKIP","floor":36},{"not_picked":["Guardian:RollAttack+1","Guardian:Gem_Red","Guardian:CrystalBeam"],"picked":"SKIP","floor":37},{"not_picked":["Guardian:DecasProtection","Guardian:Planning"],"picked":"Guardian:EvasiveProtocol+1","floor":38},{"not_picked":["Guardian:Emergency","Guardian:PiercingHide","Guardian:VentSteam+1"],"picked":"SKIP","floor":39},{"not_picked":["Guardian:ChargeUp","Guardian:Gem_Lightblue"],"picked":"Guardian:TemporalShield","floor":40},{"not_picked":["Guardian:Gem_Blue","Guardian:Suspension"],"picked":"Guardian:DonusPower","floor":42},{"not_picked":["Guardian:Harden","Guardian:Incinerate"],"picked":"Guardian:Gem_White","floor":43}],"player_experience":133819,"relics_obtained":[{"floor":7,"key":"Frozen Egg 2"},{"floor":8,"key":"MealTicket"},{"floor":17,"key":"TungstenRod"},{"floor":17,"key":"Regal Pillow"},{"floor":17,"key":"Eternal Feather"},{"floor":20,"key":"Pocketwatch"},{"floor":20,"key":"HornCleat"},{"floor":26,"key":"HollowMod:PaleOreRelic"},{"floor":28,"key":"Unceasing Top"},{"floor":41,"key":"Power_Wrist"}],"event_choices":[{"damage_healed":0,"gold_gain":0,"player_choice":"Success","damage_taken":12,"relics_obtained":["Oddly Smooth Stone"],"max_hp_gain":0,"max_hp_loss":0,"event_name":"Scrap Ooze","floor":5,"gold_loss":0},{"damage_healed":0,"gold_gain":0,"player_choice":"Inject Mutagens","damage_taken":0,"relics_obtained":["MutagenicStrength"],"max_hp_gain":0,"max_hp_loss":0,"event_name":"Drug Dealer","floor":23,"gold_loss":0}],"is_beta":false,"boss_relics":[{"not_picked":["Sozu","Empty Cage"],"picked":"Calling Bell"},{"not_picked":["Fusion Hammer","Guardian:StasisSlotReductionRelic"],"picked":"SlaversCollar"}],"items_purged_floors":[],"is_endless":false,"potions_floor_spawned":[9,13,15,16,19,21,31,33,42,43],"killed_by":"Writhing Mass","ascension_level":0}}