{"host":"y2f2s0ooegpa48sz","time":1609381455,"event":{"mods":["2.2 Compatiblity","Act Like it!","Aspiration","BaseMod","Better Altar","Better Match","Better Note","Better Skull","Better Third Choice","BetterRewards","CCEM","Colored Map","Colored Powertips","DeckTracker","Hallownest","Hermit","Highlight Path","Hubris","Hyrulean Relics","Marked Mod","Minty Spire (QoL Compilation)","Quick Restart","Relic Stats","Replay The Spire","Reworked Bosses","Shop Mod","Spicy Shops","StSLib","SuperFastMode","The Bug Knight","The Cursed","The Disciple","Unceasing Turn Reminder","everything is the same but u backflip on backflip","slay the spire mod where everything is the same but ironclad has a cowboy hat","vexMod"],"gold_per_floor":[115,134,134,148,161,161,195,195,218,237,237,263,276,288,288,288,288],"floor_reached":16,"playtime":1224,"items_purged":[],"score":165,"play_id":"3314948f-45ec-4a6a-883b-9d455a613f9d","local_time":"20201230182415","is_ascension_mode":true,"campfire_choices":[{"data":"Leg Sweep","floor":6,"key":"SMITH"},{"data":"Neutralize","floor":8,"key":"SMITH"},{"floor":15,"key":"REST"}],"circlet_count":0,"master_deck":["Strike_G","Strike_G","Strike_G","Strike_G","Strike_G","Defend_G","Defend_G","Defend_G","Defend_G","Survivor","Neutralize+1","Leg Sweep+1","PiercingWail","Terror","Toxin Wave","ReplayTheSpireMod:Tripwire","Setup"],"relics":["Ring of the Snake","CCEMRelics:Barrel","Nunchaku","Art of War"],"acts_visited":["Exordium"],"potions_floor_usage":[12,13,16,16],"damage_taken":[{"damage":2,"enemies":"Jaw Worm","floor":1,"turns":5},{"damage":3,"enemies":"Cultist","floor":2,"turns":5},{"damage":2,"enemies":"Small Slimes","floor":4,"turns":5},{"damage":1,"enemies":"3 Louse","floor":5,"turns":4},{"damage":10,"enemies":"HollowMod:MossKnight","floor":7,"turns":19},{"damage":5,"enemies":"Looter","floor":10,"turns":5},{"damage":9,"enemies":"Replay:BlueRogue","floor":12,"turns":11},{"damage":0,"enemies":"Lots of Slimes","floor":13,"turns":2},{"damage":14,"enemies":"Large Slime","floor":14,"turns":10},{"damage":44,"enemies":"Hexaghost","floor":16,"turns":18}],"seed_played":"6850140519336969747","potions_obtained":[{"floor":2,"key":"Explosive Potion"},{"floor":3,"key":"Languid Potion"},{"floor":3,"key":"PowerPotion"},{"floor":13,"key":"Explosive Potion"}],"is_trial":false,"path_per_floor":["M","M","?","M","M","R","E","R","T","M","?","E","M","M","R","B"],"character_chosen":"THE_SILENT","items_purchased":[],"campfire_rested":1,"item_purchase_floors":[],"current_hp_per_floor":[66,63,63,61,60,60,50,50,50,45,45,36,36,22,44,0,0],"gold":288,"neow_bonus":"RANDOM_EVENT","is_daily":false,"chose_seed":false,"campfire_upgraded":2,"win_rate":0.0,"timestamp":1609381455,"path_taken":["M","M","?","?","M","R","E","R","T","M","?","E","M","M","R","BOSS"],"items_purchased_type":[],"build_version":"2020-12-22","purchased_purges":0,"victory":false,"max_hp_per_floor":[75,75,75,75,75,75,75,75,75,75,75,75,75,75,75,75,75],"relic_stats":{"Nunchaku":[6],"counters":[324,1539],"Art of War":[2],"obtain_stats":[{"CCEMRelics:Barrel":7,"Nunchaku":9,"Bronze Scales":6,"GremlinMask":13,"CCEMRelics:Sandal":9,"Art of War":12,"Grinning Jar":8,"Unceasing Top":0,"Ring of the Snake":0},{"CCEMRelics:Barrel":319,"Nunchaku":319,"Bronze Scales":312,"GremlinMask":313,"CCEMRelics:Sandal":312,"Art of War":321,"Grinning Jar":312,"Unceasing Top":310,"Ring of the Snake":0},{"CCEMRelics:Barrel":1493,"Nunchaku":1493,"Bronze Scales":1442,"GremlinMask":1444,"CCEMRelics:Sandal":1442,"Art of War":1509,"Grinning Jar":1442,"Unceasing Top":1424,"Ring of the Snake":0}],"Ring of the Snake":[28]},"card_choices":[{"not_picked":["Cloak And Dagger","hubris:SlightOfHand"],"picked":"Leg Sweep","floor":1},{"not_picked":["Crippling Poison","hubris:Counter"],"picked":"PiercingWail","floor":2},{"not_picked":["Accuracy","Prepared"],"picked":"Terror","floor":4},{"not_picked":["Deflect","Catalyst"],"picked":"Toxin Wave","floor":5},{"not_picked":["Glass Knife","Bane","Sucker Punch"],"picked":"SKIP","floor":7},{"not_picked":["Concentrate","Underhanded Strike"],"picked":"ReplayTheSpireMod:Tripwire","floor":10},{"not_picked":["Blade Dance","Dagger Spray"],"picked":"Setup","floor":12},{"not_picked":["Poisoned Stab","Quick Slash","Hidden Blade"],"picked":"SKIP","floor":13},{"not_picked":["ReplayTheSpireMod:Shiv Toss","Dagger Throw","Masterful Stab"],"picked":"SKIP","floor":14}],"player_experience":609611,"relics_obtained":[{"floor":7,"key":"CCEMRelics:Barrel"},{"floor":9,"key":"Nunchaku"},{"floor":12,"key":"Art of War"}],"event_choices":[{"damage_healed":0,"gold_gain":0,"player_choice":"Donut","damage_taken":0,"max_hp_gain":5,"max_hp_loss":0,"event_name":"Big Fish","floor":0,"gold_loss":0},{"damage_healed":0,"gold_gain":0,"player_choice":"Got Potions","damage_taken":0,"max_hp_gain":0,"max_hp_loss":0,"event_name":"Lab","floor":3,"gold_loss":0},{"cards_removed":["Defend_G"],"damage_healed":0,"gold_gain":0,"player_choice":"Forget","damage_taken":0,"max_hp_gain":0,"max_hp_loss":0,"event_name":"Living Wall","floor":11,"gold_loss":0}],"is_beta":false,"boss_relics":[],"items_purged_floors":[],"is_endless":false,"potions_floor_spawned":[2,5,7,10,13],"killed_by":"Hexaghost","ascension_level":9}}