{"host":"2pkirg8lp2j2yw4c","time":1609435544,"event":{"mods":["AchievementEnabler","BaseMod","BetterRewards","Colored Map","Colored Powertips","Ekko","Googly Eyes","Hermit","Hubris","Koishi","Marisa????????","Minty Spire (QoL Compilation)","Quick Restart","StSLib","The Dragon Tamer","The Marked","The Runesmith","slay the spire mod where everything is the same but ironclad has a cowboy hat"],"gold_per_floor":[109,121,131,131,131,131,156,177,200,200,38,72,85,129,129,259,259,278,301,301,319,244,244,275,275,275,288,70,94,94,107,107,231,231,231,231],"floor_reached":35,"playtime":2272,"items_purged":["Injury"],"score":437,"play_id":"bae015d7-9369-44c2-9edf-abea3dcdd5fa","local_time":"20201231122544","is_ascension_mode":false,"campfire_choices":[{"data":"theMarked:ElementalBlade","floor":6.0,"key":"SMITH"},{"floor":10.0,"key":"REST"},{"data":"theMarked:ParalyzingBlade","floor":15.0,"key":"SMITH"},{"data":"theMarked:Parry","floor":23.0,"key":"SMITH"},{"floor":30.0,"key":"REST"},{"data":"theMarked:Indomitable","floor":32.0,"key":"SMITH"}],"circlet_count":0,"master_deck":["theMarked:Strike","theMarked:Strike","theMarked:Strike","theMarked:Strike+1","theMarked:Strike","theMarked:Defend","theMarked:Defend+1","theMarked:Defend","theMarked:ElectricStrings","theMarked:HeightenedSenses","theMarked:ElementalBlade+1","theMarked:SwordAndMagic","theMarked:Opportunist","theMarked:ParalyzingBlade+1","Enlightenment","theMarked:ResourceFulStrike","theMarked:Indomitable+1","theMarked:TakeOffHeels","theMarked:Parkour","theMarked:Parry+1","theMarked:Overcharge","theMarked:EmpowerWeapon+1","theMarked:Improvise+1","hubris:DuctTapeCard","theMarked:ChannelForce"],"relics":["theMarked:BronzeBlade","HandDrill","Juzu Bracelet","Blood Vial","Golden Idol","Odd Mushroom","War Paint","Smiling Mask","Runesmith:AutoHammer","Centennial Puzzle","Toy Ornithopter","FaceOfCleric","hubris:DuctTape","Membership Card","Lantern","hubris:Stopwatch"],"acts_visited":["Exordium","TheCity","TheBeyond"],"potions_floor_usage":[33,33],"damage_taken":[{"damage":6.0,"enemies":"Jaw Worm","floor":1.0,"turns":4.0},{"damage":0.0,"enemies":"2 Louse","floor":2.0,"turns":2.0},{"damage":5.0,"enemies":"Small Slimes","floor":3.0,"turns":3.0},{"damage":10.0,"enemies":"The Mushroom Lair","floor":7.0,"turns":4.0},{"damage":6.0,"enemies":"3 Louse","floor":8.0,"turns":3.0},{"damage":9.0,"enemies":"3 Sentries","floor":12.0,"turns":5.0},{"damage":12.0,"enemies":"Gremlin Gang","floor":13.0,"turns":4.0},{"damage":3.0,"enemies":"Lagavulin","floor":14.0,"turns":4.0},{"damage":0.0,"enemies":"Slime Boss","floor":16.0,"turns":6.0},{"damage":2.0,"enemies":"Shell Parasite","floor":18.0,"turns":4.0},{"damage":5.0,"enemies":"Spheric Guardian","floor":19.0,"turns":3.0},{"damage":20.0,"enemies":"3 Cultists","floor":21.0,"turns":6.0},{"damage":33.0,"enemies":"Gremlin Leader","floor":24.0,"turns":7.0},{"damage":0.0,"enemies":"Chosen and Byrds","floor":27.0,"turns":6.0},{"damage":0.0,"enemies":"Centurion and Healer","floor":29.0,"turns":3.0},{"damage":2.0,"enemies":"Cultist and Chosen","floor":31.0,"turns":4.0},{"damage":45,"enemies":"Collector","floor":33,"turns":9},{"damage":8,"enemies":"3 Darklings","floor":35,"turns":4}],"seed_played":"-2553753897463809880","potions_obtained":[{"floor":2.0,"key":"Energy Potion"},{"floor":7.0,"key":"Regen Potion"},{"floor":14.0,"key":"AttackPotion"},{"floor":16.0,"key":"FearPotion"},{"floor":18.0,"key":"Ancient Potion"},{"floor":27.0,"key":"SneckoOil"},{"floor":33,"key":"GamblersBrew"}],"is_trial":false,"path_per_floor":["M","M","M","?","?","R","?","M","T","R","$","E","M","E","R","B",null,"M","M","?","M","?","R","E","?","T","M","$","M","R","M","R","B",null,"M"],"character_chosen":"THE_DEFAULT","items_purchased":["HandDrill","Juzu Bracelet","Blood Vial","theMarked:HeightenedSenses","Enlightenment","Membership Card","Lantern"],"campfire_rested":2,"item_purchase_floors":[0,0,0,0,11,28,28],"current_hp_per_floor":[59,61,58,58,44,44,36,32,32,53,53,60,50,49,49,51,70,68,65,65,47,47,47,16,16,16,19,19,27,48,49,49,17,74,66,66],"gold":231,"neow_bonus":"","is_daily":false,"chose_seed":false,"campfire_upgraded":4,"win_rate":0.0,"timestamp":1609435544,"path_taken":["M","M","M","?","?","R","?","M","T","R","$","E","M","E","R","BOSS","M","M","?","M","?","R","E","?","T","M","$","M","R","M","R","BOSS","M"],"items_purchased_type":["Relic","Relic","Relic","Card","Card","Relic","Relic"],"build_version":"2020-12-22","purchased_purges":1,"victory":false,"max_hp_per_floor":[70,70,70,70,70,70,70,70,70,70,70,70,70,70,70,70,70,70,70,70,70,70,70,70,70,70,71,71,72,72,73,73,74,74,74,74],"card_choices":[{"not_picked":["theMarked:StartUp","theMarked:Parkour"],"picked":"theMarked:ElementalBlade","floor":1.0},{"not_picked":["theMarked:ChainLightning","theMarked:Improvise"],"picked":"theMarked:SwordAndMagic","floor":2.0},{"not_picked":["theMarked:HeightenedSenses","theMarked:ElementalBlade"],"picked":"theMarked:Opportunist","floor":3.0},{"not_picked":["theMarked:ElectricStrings","theMarked:ChainLightning"],"picked":"theMarked:ParalyzingBlade","floor":7.0},{"not_picked":["theMarked:Electrocute","theMarked:RepellingDischarge"],"picked":"theMarked:Parry","floor":8.0},{"not_picked":["theMarked:HeightenedSenses","theMarked:Snap","theMarked:WastefulDefense"],"picked":"SKIP","floor":12.0},{"not_picked":["theMarked:TwofoldDefense","theMarked:Static"],"picked":"theMarked:ResourceFulStrike","floor":13.0},{"not_picked":["theMarked:MysticalArsenal","theMarked:WastefulDefense"],"picked":"theMarked:Indomitable","floor":14.0},{"not_picked":["theMarked:MuscleMemory","theMarked:Levitate"],"picked":"theMarked:TakeOffHeels","floor":16.0},{"not_picked":["theMarked:Generate+1","theMarked:BanishingStrike"],"picked":"theMarked:Parkour","floor":18.0},{"not_picked":["theMarked:ResourceFulStrike","theMarked:WastefulAttack"],"picked":"theMarked:Parry","floor":19.0},{"not_picked":["theMarked:BanishingWave","theMarked:ContemptForTheProud+1","theMarked:DeterminationOfTheMarked"],"picked":"SKIP","floor":21.0},{"not_picked":["theMarked:ShockingTouch","theMarked:TwofoldDefense"],"picked":"theMarked:Overcharge","floor":24.0},{"not_picked":["theMarked:MaelstromOfLightning","theMarked:ChainLightning","theMarked:BanishingStrike+1"],"picked":"SKIP","floor":27.0},{"not_picked":["theMarked:ChainLightning+1","theMarked:BanishingStrike+1"],"picked":"theMarked:EmpowerWeapon+1","floor":29.0},{"not_picked":["theMarked:CreepingChasm","theMarked:Static"],"picked":"theMarked:Improvise+1","floor":31.0},{"not_picked":["theMarked:Levitate","theMarked:UnarmedFury"],"picked":"theMarked:ChannelForce","floor":33}],"player_experience":153309,"relics_obtained":[{"floor":7.0,"key":"Odd Mushroom"},{"floor":9.0,"key":"War Paint"},{"floor":12.0,"key":"Smiling Mask"},{"floor":14.0,"key":"Runesmith:AutoHammer"},{"floor":24.0,"key":"Toy Ornithopter"},{"floor":26.0,"key":"hubris:DuctTape"}],"event_choices":[{"damage_healed":0.0,"max_hp_gain":0.0,"max_hp_loss":0.0,"gold_gain":0.0,"event_name":"Golden Idol","player_choice":"Take Wound","floor":4.0,"gold_loss":0.0,"damage_taken":0.0,"relics_obtained":["Golden Idol"],"cards_obtained":["Injury"]},{"damage_healed":0.0,"max_hp_gain":0.0,"max_hp_loss":0.0,"gold_gain":0.0,"event_name":"Shining Light","player_choice":"Entered Light","floor":5.0,"gold_loss":0.0,"damage_taken":14.0,"cards_upgraded":["theMarked:Strike","theMarked:SoldierOfQuellstein"]},{"damage_healed":0.0,"max_hp_gain":0.0,"max_hp_loss":0.0,"gold_gain":0.0,"event_name":"Mushrooms","player_choice":"Fought Mushrooms","floor":7.0,"gold_loss":0.0,"damage_taken":0.0},{"damage_healed":0.0,"max_hp_gain":0.0,"max_hp_loss":0.0,"gold_gain":0.0,"event_name":"The Mausoleum","player_choice":"Opened","floor":20.0,"gold_loss":0.0,"damage_taken":0.0,"relics_obtained":["Centennial Puzzle"],"cards_obtained":["Writhe"]},{"cards_removed":["Writhe"],"damage_healed":0.0,"max_hp_gain":0.0,"max_hp_loss":0.0,"gold_gain":0.0,"event_name":"Beggar","player_choice":"Gave Gold","floor":22.0,"gold_loss":75.0,"damage_taken":0.0},{"damage_healed":0.0,"max_hp_gain":0.0,"max_hp_loss":0.0,"gold_gain":0.0,"event_name":"FaceTrader","player_choice":"Trade","floor":25.0,"gold_loss":0.0,"damage_taken":0.0,"relics_obtained":["FaceOfCleric"]}],"is_beta":false,"boss_relics":[{"not_picked":["Velvet Choker","SacredBark"],"picked":"theMarked:BronzeBlade"},{"not_picked":["Coffee Dripper","Sozu"],"picked":"hubris:Stopwatch"}],"items_purged_floors":[11],"is_endless":false,"potions_floor_spawned":[2,7,14,16,18,27,33],"killed_by":"3 Darklings","ascension_level":0}}