{"host":"ljavmhyz2e552xgo","time":1609400687,"event":{"mods":["BaseMod","Better Third Choice","Friendly Minions","GungeonMod","Minty Spire (QoL Compilation)","Permanent Neow","Spicy Shops","StSLib"],"gold_per_floor":[109,119,133,133,152,152,216,216,216,216,216,7,19,19,19,118,118,130,143,143,180,196,196,209,209,235,235,251,284,199,214,214,310,310,329,329,380,380,380,380,405,420,420,420,440,440,7,33,33,33],"floor_reached":51,"playtime":3042,"items_purged":["Parasite","DemoMod:Strike_Huntress"],"score":797,"play_id":"765017f4-c437-4e80-9c29-6d22621256f1","local_time":"20201231014447","is_ascension_mode":false,"campfire_choices":[{"data":"DemoMod:ShadowBullets","floor":6.0,"key":"SMITH"},{"data":"DemoMod:ManualReload","floor":8.0,"key":"SMITH"},{"data":"DemoMod:Gungine","floor":10.0,"key":"SMITH"},{"data":"DemoMod:CombinedRifle","floor":15.0,"key":"SMITH"},{"data":"DemoMod:ConditionalReflex","floor":23.0,"key":"SMITH"},{"data":"DemoMod:HungryBullets","floor":25.0,"key":"SMITH"},{"data":"DemoMod:ProbeStrike","floor":27.0,"key":"SMITH"},{"data":"DemoMod:FightSabre","floor":32,"key":"SMITH"},{"data":"DemoMod:ConditionalReflex","floor":40,"key":"SMITH"},{"data":"DemoMod:SuppressiveFire","floor":44,"key":"SMITH"},{"data":"DemoMod:FinishedGun","floor":46,"key":"SMITH"},{"data":"DemoMod:HardPowerCard","floor":49,"key":"SMITH"}],"circlet_count":0,"master_deck":["DemoMod:Strike_Huntress","DemoMod:Defend_Huntress","DemoMod:Defend_Huntress","DemoMod:Defend_Huntress","DemoMod:Defend_Huntress","DemoMod:Roll","DemoMod:ManualReload+1","DemoMod:RustySidearm","DemoMod:CrossBow","DemoMod:ShadowBullets+1","DemoMod:Gungine+1","DemoMod:CombinedRifle+1","DemoMod:FightSabre+1","DemoMod:HardPowerCard+1","DemoMod:SuppressiveFire+1","DemoMod:FeignSurrender+1","DemoMod:HungryBullets+1","DemoMod:ProbeStrike+1","DemoMod:ConditionalReflex+1","DemoMod:BattleInHaste+1","DemoMod:SkilledReload+1","DemoMod:GunslingerForm+1","DemoMod:ConditionalReflex+1","DemoMod:TripleGun+1","DemoMod:ChanceBullets+1","Parasite","DemoMod:FinishedGun+1","DemoMod:TableSutra+1","Parasite","DemoMod:TableSutra+1"],"relics":["DemoMod:Dog","FossilizedHelix","Oddly Smooth Stone","Pantograph","Membership Card","Philosopher\u0027s Stone","Frozen Egg 2","MealTicket","Ice Cream","Calipers","Coffee Dripper","DemoMod:Unsteady","DemoMod:PinkGuonStone","DemoMod:ClearGuonStone","InkBottle","DollysMirror","Bag of Marbles","DemoMod:ChaffGrenade","TheAbacus"],"acts_visited":["Exordium","TheCity","TheBeyond"],"potions_floor_usage":[28,29,33,37,50,50,50],"damage_taken":[{"damage":0.0,"enemies":"Small Slimes","floor":1.0,"turns":3.0},{"damage":0.0,"enemies":"2 Louse","floor":2.0,"turns":3.0},{"damage":0.0,"enemies":"Cultist","floor":3.0,"turns":3.0},{"damage":12.0,"enemies":"Exordium Thugs","floor":5.0,"turns":5.0},{"damage":20.0,"enemies":"Gremlin Nob","floor":7.0,"turns":5.0},{"damage":0.0,"enemies":"Blue Slaver","floor":13.0,"turns":2.0},{"damage":34.0,"enemies":"The Guardian","floor":16.0,"turns":11.0},{"damage":7.0,"enemies":"Shell Parasite","floor":18.0,"turns":3.0},{"damage":0.0,"enemies":"3 Byrds","floor":19.0,"turns":5.0},{"damage":0.0,"enemies":"Centurion and Healer","floor":21.0,"turns":3.0},{"damage":0.0,"enemies":"Centurion and Healer","floor":22.0,"turns":4.0},{"damage":0.0,"enemies":"3 Cultists","floor":24.0,"turns":5.0},{"damage":0,"enemies":"Chosen and Byrds","floor":28,"turns":5},{"damage":0,"enemies":"Gremlin Leader","floor":29,"turns":6},{"damage":8,"enemies":"Snake Plant","floor":31,"turns":5},{"damage":0,"enemies":"Collector","floor":33,"turns":4},{"damage":0,"enemies":"3 Darklings","floor":35,"turns":3},{"damage":0,"enemies":"3 Shapes","floor":37,"turns":4},{"damage":0,"enemies":"Nemesis","floor":41,"turns":7},{"damage":18,"enemies":"3 Darklings","floor":42,"turns":3},{"damage":0,"enemies":"Writhing Mass","floor":45,"turns":5},{"damage":0,"enemies":"Jaw Worm Horde","floor":48,"turns":2},{"damage":57,"enemies":"Time Eater","floor":50,"turns":5}],"seed_played":"5174673898318079974","potions_obtained":[{"floor":1.0,"key":"Energy Potion"},{"floor":3.0,"key":"Ancient Potion"},{"floor":7.0,"key":"DistilledChaos"},{"floor":13.0,"key":"BlessingOfTheForge"},{"floor":19.0,"key":"GamblersBrew"},{"floor":22.0,"key":"EssenceOfSteel"},{"floor":24.0,"key":"DuplicationPotion"},{"floor":33,"key":"Fruit Juice"},{"floor":45,"key":"DuplicationPotion"}],"is_trial":false,"path_per_floor":["M","M","M","?","M","R","E","R","T","R","?","$","M","$","R","B",null,"M","M","?","?","M","R","M","R","T","R","M","E","?","M","R","B",null,"M","?","M","?","T","R","E","M","T","R","M","R","$","M","R","B",null],"character_chosen":"HUNTRESS","items_purchased":["Membership Card","DemoMod:HardPowerCard","DollysMirror","DemoMod:WeirdEgg","DemoMod:ChaffGrenade","TheAbacus","SteroidPotion","Strength Potion"],"campfire_rested":0,"item_purchase_floors":[12,12,47,47,47,47,47,47],"current_hp_per_floor":[63,63,63,68,56,56,36,36,36,36,53,53,53,53,53,31,65,58,58,58,58,58,58,58,58,58,58,58,58,58,50,50,65,65,65,70,75,75,82,82,82,64,64,64,64,64,79,79,79,25],"gold":33,"neow_bonus":"ONE_RARE_RELIC","is_daily":false,"chose_seed":false,"campfire_upgraded":12,"win_rate":0.0,"timestamp":1609400687,"path_taken":["M","M","M","?","M","R","E","R","T","R","?","$","M","$","R","BOSS","M","M","?","?","M","R","?","R","T","R","M","E","?","M","R","BOSS","M","?","M","?","?","R","E","M","T","R","M","R","$","M","R","BOSS"],"items_purchased_type":["Relic","Card","Relic","Relic","Relic","Relic","Potion","Potion"],"build_version":"2020-12-22","purchased_purges":2,"victory":true,"max_hp_per_floor":[63,63,63,68,68,68,68,68,68,68,68,65,65,65,65,65,65,65,65,65,65,65,65,65,65,65,65,65,65,65,65,65,65,65,65,70,75,75,82,82,82,82,82,82,82,82,82,82,82,82],"card_choices":[{"not_picked":["DemoMod:StickyCrossBow","DemoMod:Camera"],"picked":"DemoMod:ShadowBullets","floor":1.0},{"not_picked":["DemoMod:GunShield","DemoMod:PotionOfGunFriendShip"],"picked":"DemoMod:Gungine","floor":2.0},{"not_picked":["DemoMod:HuntsMan","DemoMod:AC15"],"picked":"DemoMod:CombinedRifle","floor":3.0},{"not_picked":["DemoMod:SpreadAmmo","DemoMod:Replace","DemoMod:Ejector"],"picked":"SKIP","floor":5.0},{"not_picked":["DemoMod:CursedBullets","DemoMod:Replace"],"picked":"DemoMod:FightSabre","floor":7.0},{"not_picked":["DemoMod:BattleInHaste","DemoMod:DoubleSwitch","DemoMod:Replace"],"picked":"SKIP","floor":13.0},{"not_picked":["DemoMod:DoubleVision","DemoMod:Eureka"],"picked":"DemoMod:SuppressiveFire","floor":16.0},{"not_picked":["DemoMod:BattleInHaste","DemoMod:Ejector+1"],"picked":"DemoMod:FeignSurrender+1","floor":18.0},{"not_picked":["DemoMod:JK47","DemoMod:DirectionalPad+1"],"picked":"DemoMod:HungryBullets","floor":19.0},{"not_picked":["DemoMod:MegaHand","DemoMod:Replace"],"picked":"DemoMod:ProbeStrike","floor":21.0},{"not_picked":["DemoMod:HardPowerCard","DemoMod:MegaHand"],"picked":"DemoMod:ConditionalReflex","floor":22.0},{"not_picked":["DemoMod:Evolver","DemoMod:MachoBrace"],"picked":"DemoMod:BattleInHaste+1","floor":24.0},{"not_picked":["DemoMod:FastSwitch+1","DemoMod:HardPowerCard+1"],"picked":"DemoMod:SkilledReload+1","floor":28},{"not_picked":["DemoMod:DoubleSwitch","DemoMod:Polaris","DemoMod:Replace"],"picked":"SKIP","floor":31},{"not_picked":["DemoMod:DarkMarker","DemoMod:ThirdPartyController"],"picked":"DemoMod:GunslingerForm+1","floor":33},{"not_picked":["DemoMod:PotionOfGunFriendShip+1","DemoMod:GunstockTap+1"],"picked":"DemoMod:ConditionalReflex","floor":35},{"not_picked":["DemoMod:RadGun","DemoMod:BoxingGlove+1","DemoMod:StrategicReserve"],"picked":"SKIP","floor":37},{"not_picked":["DemoMod:HighKaliber+1","DemoMod:SpreadAmmo+1"],"picked":"DemoMod:TripleGun+1","floor":41},{"not_picked":["DemoMod:GunstockTap","DemoMod:TableSutra+1"],"picked":"DemoMod:ChanceBullets+1","floor":42},{"not_picked":["DemoMod:Purify+1","DemoMod:Evolver"],"picked":"DemoMod:FinishedGun","floor":45},{"not_picked":["DemoMod:MachoBrace+1","DemoMod:ShadowBullets+1"],"picked":"DemoMod:TableSutra+1","floor":45}],"player_experience":1379933,"relics_obtained":[{"floor":7.0,"key":"Oddly Smooth Stone"},{"floor":9.0,"key":"Pantograph"},{"floor":21.0,"key":"Frozen Egg 2"},{"floor":26.0,"key":"MealTicket"},{"floor":29,"key":"Ice Cream"},{"floor":39,"key":"DemoMod:PinkGuonStone"},{"floor":41,"key":"DemoMod:ClearGuonStone"},{"floor":43,"key":"InkBottle"}],"event_choices":[{"damage_healed":0.0,"max_hp_gain":5.0,"max_hp_loss":0.0,"gold_gain":0.0,"event_name":"Big Fish","player_choice":"Donut","floor":4.0,"gold_loss":0.0,"damage_taken":0.0},{"damage_healed":17.0,"max_hp_gain":0.0,"max_hp_loss":0.0,"gold_gain":0.0,"event_name":"Mushrooms","player_choice":"Healed and dodged fight","floor":11.0,"gold_loss":0.0,"damage_taken":0.0,"cards_obtained":["Parasite"]},{"cards_removed":["DemoMod:Strike_Huntress"],"damage_healed":0.0,"max_hp_gain":0.0,"max_hp_loss":0.0,"gold_gain":0.0,"event_name":"Bonfire Elementals","player_choice":"Offered Basic","floor":20.0,"gold_loss":0.0,"damage_taken":0.0},{"damage_healed":0,"gold_gain":0,"player_choice":"Obtained Relic","damage_taken":0,"relics_obtained":["Calipers"],"max_hp_gain":0,"max_hp_loss":0,"event_name":"Addict","floor":30,"gold_loss":85},{"damage_healed":0,"gold_gain":0,"player_choice":"Ignored","damage_taken":0,"max_hp_gain":0,"max_hp_loss":0,"event_name":"Tomb of Lord Red Mask","floor":38,"gold_loss":0}],"is_beta":false,"boss_relics":[{"not_picked":["Tiny House","Sozu"],"picked":"Philosopher\u0027s Stone"},{"not_picked":["Fusion Hammer","Runic Dome"],"picked":"Coffee Dripper"}],"items_purged_floors":[12,47],"is_endless":false,"potions_floor_spawned":[1,3,7,13,19,22,24,33,45,48],"ascension_level":0}}