{"host":"klzxa3457b6fcx00","time":1609420082,"event":{"mods":["AchievementEnabler","BaseMod","Downfall","Minty Spire (QoL Compilation)","Replay The Spire","StSLib"],"gold_per_floor":[114,132,144,156,156,156,185,204,231,231,285,360,360,380,380,380,380],"floor_reached":16,"playtime":367,"items_purged":[],"score":102,"play_id":"99718f59-a43c-4979-b1ff-84d6d74e1daa","local_time":"20201231200802","is_ascension_mode":false,"campfire_choices":[{"data":"Zap","floor":6,"key":"SMITH"},{"floor":15,"key":"REST"}],"circlet_count":0,"master_deck":["Strike_B","Strike_B","Strike_B","Strike_B","Defend_B+1","Defend_B","Defend_B","Defend_B","Dualcast","Ball Lightning","Steam Power+1","Leap"],"relics":["Cracked Core","NeowsBlessing","Quantum Egg","Replay:Wax Seal","Nunchaku"],"acts_visited":["Exordium"],"potions_floor_usage":[16,16,16],"damage_taken":[{"damage":0,"enemies":"Jaw Worm","floor":1,"turns":1},{"damage":0,"enemies":"Small Slimes","floor":2,"turns":1},{"damage":0,"enemies":"2 Louse","floor":3,"turns":1},{"damage":2,"enemies":"2 Fungi Beasts","floor":4,"turns":3},{"damage":46,"enemies":"3 Sentries","floor":7,"turns":7},{"damage":6,"enemies":"Blue Slaver","floor":8,"turns":4},{"damage":5,"enemies":"Looter","floor":14,"turns":3},{"damage":28,"enemies":"The Guardian","floor":16,"turns":8}],"seed_played":"-9082779197648756618","potions_obtained":[{"floor":4,"key":"champ:CounterPotion"},{"floor":7,"key":"Ancient Potion"},{"floor":8,"key":"SneckoOil"}],"is_trial":false,"path_per_floor":["M","M","M","M","?","R","E","M","T","?","T","?","?","M","R","B"],"character_chosen":"DEFECT","items_purchased":[],"campfire_rested":1,"item_purchase_floors":[],"current_hp_per_floor":[75,75,75,73,73,73,27,21,21,21,21,10,10,5,27,0,0],"gold":380,"neow_bonus":"THREE_ENEMY_KILL","is_daily":false,"chose_seed":false,"campfire_upgraded":1,"win_rate":0.0,"timestamp":1609420082,"path_taken":["M","M","M","M","?","R","E","M","T","?","?","?","?","M","R","BOSS"],"items_purchased_type":[],"build_version":"2020-12-22","purchased_purges":0,"victory":false,"max_hp_per_floor":[75,75,75,75,75,75,75,75,75,75,75,75,75,75,75,75,75],"card_choices":[{"not_picked":["Stack","Hologram","Glacier"],"picked":"SKIP","floor":1},{"not_picked":["Rebound","Fusion","Reprogram"],"picked":"SKIP","floor":2},{"not_picked":["Undo","Rebound","Biased Cognition"],"picked":"SKIP","floor":3},{"not_picked":["Heatsinks","Steam","Gash"],"picked":"SKIP","floor":4},{"not_picked":["Coolheaded","Gash"],"picked":"Ball Lightning","floor":7},{"not_picked":["Compile Driver","Rebound","Blizzard"],"picked":"SKIP","floor":8},{"not_picked":["Redo","ReplayGash"],"picked":"Leap","floor":14}],"player_experience":226111,"relics_obtained":[{"floor":7,"key":"Quantum Egg"},{"floor":9,"key":"Replay:Wax Seal"},{"floor":11,"key":"Nunchaku"}],"event_choices":[{"damage_healed":0,"gold_gain":0,"player_choice":"Ignored","damage_taken":0,"max_hp_gain":0,"max_hp_loss":0,"event_name":"Golden Wing","floor":5,"gold_loss":0},{"damage_healed":0,"gold_gain":75,"player_choice":"Gather Gold","damage_taken":11,"max_hp_gain":0,"max_hp_loss":0,"event_name":"World of Goop","floor":12,"gold_loss":0}],"is_beta":false,"boss_relics":[],"items_purged_floors":[],"is_endless":false,"potions_floor_spawned":[4,7,8],"killed_by":"The Guardian","ascension_level":0}}