{"host":"12lnwhc48gjtaggg","time":1609423760,"event":{"mods":["Aspiration","BaseMod","BetterRewards","Gold Saver","GungeonMod","Infinite Spire","Minty Spire (QoL Compilation)","Remove Card Discount Mod","Shop Mod","StSLib","Trackpad","[IsaacMod]????"],"gold_per_floor":[450,450,525,490,490,490,515,478,478,489,489,508,518,532,532,636,636,650,650,661,467,486,520,520,540,540,573,585,585,585,585,585,680,680,697,697,717,767,767,767,767],"floor_reached":40,"playtime":1948,"items_purged":["Strike_B","Strike_B"],"score":706,"play_id":"f0bf1ae7-9438-47fc-8680-55bb8022cc9f","local_time":"20201231140920","is_ascension_mode":true,"campfire_choices":[{"data":"Zap","floor":6,"key":"SMITH"},{"data":"White Noise","floor":11,"key":"SMITH"},{"data":"Consume","floor":15,"key":"SMITH"},{"data":"Creative AI","floor":24,"key":"SMITH"},{"floor":32,"key":"REST"}],"circlet_count":0,"master_deck":["Strike_B","Defend_B","Defend_B","Zap+1","Dualcast","White Noise+1","Streamline","Glacier","Capacitor+1","Auto Shields","Rip and Tear","Coolheaded","Consume+1","BootSequence","Ball Lightning","Creative AI+1","Gash","Defend_R","Gash","Beam Cell","Chill","Gash","Ball Lightning+1","Electrodynamics","Sweeping Beam+1","Gash"],"relics":["Cracked Core","HushsDoor","GuppysHead","BFFS","DemoMod:SerJunkan","Empty Cage","ClockworkSouvenir","DemoMod:Junk","Ice Cream","aspiration:PoetsPen_weak","Blood Vial","Pear","Black Star","DataDisk"],"acts_visited":["Exordium","TheCity","TheBeyond"],"potions_floor_usage":[25,27,27,40],"damage_taken":[{"damage":0,"enemies":"Cultist","floor":1,"turns":2},{"damage":8,"enemies":"3 Sentries","floor":7,"turns":7},{"damage":2,"enemies":"Jaw Worm","floor":10,"turns":3},{"damage":0,"enemies":"Small Slimes","floor":12,"turns":2},{"damage":0,"enemies":"Looter","floor":13,"turns":2},{"damage":0,"enemies":"2 Fungi Beasts","floor":14,"turns":2},{"damage":0,"enemies":"Slime Boss","floor":16,"turns":8},{"damage":11,"enemies":"3 Byrds","floor":18,"turns":5},{"damage":14,"enemies":"2 Thieves","floor":20,"turns":3},{"damage":0,"enemies":"Centurion and Healer","floor":22,"turns":8},{"damage":0,"enemies":"Gremlin Leader","floor":23,"turns":8},{"damage":21,"enemies":"Cultist and Chosen","floor":25,"turns":5},{"damage":10,"enemies":"Book of Stabbing","floor":27,"turns":4},{"damage":3,"enemies":"Snake Plant","floor":28,"turns":3},{"damage":0,"enemies":"Colosseum Slavers","floor":30,"turns":2},{"damage":18,"enemies":"Automaton","floor":33,"turns":7},{"damage":0,"enemies":"Orb Walker","floor":35,"turns":2},{"damage":9,"enemies":"3 Shapes","floor":37,"turns":3},{"damage":78,"enemies":"Reptomancer","floor":40,"turns":4}],"seed_played":"5214642726545982708","potions_obtained":[{"floor":13,"key":"DemoMod:LeadSkinPotion"},{"floor":16,"key":"Swift Potion"},{"floor":20,"key":"SteroidPotion"},{"floor":25,"key":"BlessingOfTheForge"},{"floor":37,"key":"SkillPotion"}],"is_trial":false,"path_per_floor":["M","?","?","$","?","R","E","$","T","M","R","M","M","M","R","B",null,"M","?","M","$","M","E","R","M","T","E","M","AVR","?","T","R","B",null,"M","AVR","M","T","?","E"],"character_chosen":"DEFECT","items_purchased":["BFFS","White Noise","Streamline","Capacitor","Rip and Tear","ClockworkSouvenir","Beam Cell"],"campfire_rested":1,"item_purchase_floors":[0,0,0,4,8,21,21],"current_hp_per_floor":[63,71,60,60,60,60,52,52,52,50,50,50,50,50,50,50,75,64,64,50,50,50,50,50,29,29,19,16,16,18,28,53,37,85,85,85,76,76,76,0,0],"gold":767,"neow_bonus":"","is_daily":false,"chose_seed":false,"campfire_upgraded":4,"win_rate":0.0,"timestamp":1609423760,"path_taken":["M","?","?","$","?","R","E","?","T","?","R","M","M","?","R","BOSS","M","?","M","$","M","E","R","M","T","E","M","AVR","?","?","R","BOSS","M","AVR","M","?","?","E"],"items_purchased_type":["Relic","Card","Card","Card","Card","Relic","Card"],"build_version":"2020-12-22","purchased_purges":2,"victory":false,"max_hp_per_floor":[75,75,75,75,75,75,75,75,75,75,75,75,75,75,75,75,75,75,75,75,75,75,75,75,75,75,75,75,75,75,85,85,85,85,85,85,85,85,85,85,85],"card_choices":[{"not_picked":["Leap","Cold Snap"],"picked":"Glacier","floor":1},{"not_picked":["Thunder Strike","Hologram"],"picked":"Auto Shields","floor":7},{"not_picked":["Reboot","Leap"],"picked":"Coolheaded","floor":10},{"not_picked":["Defragment","Static Discharge"],"picked":"Consume","floor":12},{"not_picked":["White Noise","Pulse"],"picked":"BootSequence","floor":13},{"not_picked":["Capacitor","Chaos"],"picked":"Ball Lightning","floor":14},{"not_picked":["Buffer","Rainbow"],"picked":"Creative AI","floor":16},{"not_picked":["Coolheaded","Steam"],"picked":"Gash","floor":18},{"not_picked":["Cold Snap","Conserve Battery+1"],"picked":"Gash","floor":20},{"not_picked":["Sweeping Beam","Ball Lightning"],"picked":"Chill","floor":22},{"not_picked":["Hologram","Loop"],"picked":"Gash","floor":23},{"not_picked":["Steam","Beam Cell","Streamline+1"],"picked":"SKIP","floor":25},{"not_picked":["Rebound","Hologram"],"picked":"Ball Lightning+1","floor":27},{"not_picked":["Sunder","Hologram","Cancel"],"picked":"SKIP","floor":28},{"not_picked":["Meteor Strike","Buffer"],"picked":"Electrodynamics","floor":33},{"not_picked":["Rebound+1","Recycle"],"picked":"Sweeping Beam+1","floor":35},{"not_picked":["Stack+1","Compile Driver"],"picked":"Gash","floor":37}],"player_experience":357885,"relics_obtained":[{"floor":7,"key":"DemoMod:SerJunkan"},{"floor":23,"key":"DemoMod:Junk"},{"floor":26,"key":"Ice Cream"},{"floor":27,"key":"DemoMod:Junk"},{"floor":31,"key":"Pear"},{"floor":38,"key":"DemoMod:Junk"}],"event_choices":[{"damage_healed":0,"gold_gain":75,"player_choice":"Gather Gold","damage_taken":11,"max_hp_gain":0,"max_hp_loss":0,"event_name":"World of Goop","floor":3,"gold_loss":0},{"damage_healed":0,"gold_gain":0,"player_choice":"Grow","damage_taken":0,"max_hp_gain":0,"max_hp_loss":0,"event_name":"Living Wall","floor":5,"gold_loss":0,"cards_upgraded":["Capacitor"]},{"cards_removed":["Defend_B"],"damage_healed":0,"gold_gain":0,"player_choice":"Took Card","damage_taken":0,"max_hp_gain":0,"max_hp_loss":0,"event_name":"NoteForYourself","floor":19,"gold_loss":0,"cards_obtained":["Defend_R"]},{"damage_healed":0,"gold_gain":0,"player_choice":"Fight","damage_taken":0,"max_hp_gain":0,"max_hp_loss":0,"event_name":"Colosseum","floor":30,"gold_loss":0},{"damage_healed":0,"gold_gain":0,"player_choice":"Fled From Nobs","damage_taken":0,"max_hp_gain":0,"max_hp_loss":0,"event_name":"Colosseum","floor":30,"gold_loss":0},{"damage_healed":0,"gold_gain":0,"player_choice":"Ignored","damage_taken":0,"max_hp_gain":0,"max_hp_loss":0,"event_name":"Mysterious Sphere","floor":39,"gold_loss":0}],"is_beta":false,"boss_relics":[{"not_picked":["infinitespire:Cupcake","Runic Pyramid"],"picked":"Empty Cage"},{"not_picked":[]},{"not_picked":["aspiration:RunicSpoon","aspiration:SilentSkillbook"],"picked":"Black Star"},{"not_picked":[]}],"items_purged_floors":[8,21],"is_endless":false,"potions_floor_spawned":[13,16,20,23,25,37],"killed_by":"Reptomancer","ascension_level":1}}