{"host":"s6t38s6k4widkzbu","time":1609431883,"event":{"mods":["ATMod(°¢èªMod)","Aspiration","BaseMod","Conspire","Downfall","Googly Eyes","Hermit","Highlight Path","Hunter ÁÔÈË","KinomotoSakuraMod(Ä¾Ö®±¾Ó£)","KomeijiMod","Marisa£¨ìFÓê¡¡Ä§ÀíÉ³£©","Minty Spire (QoL Compilation)","Permanent Neow","Prisma Mod","Quick Restart","READ ME - Guardian Mod","Reimu£¨²©ÀöÁéÃÎ£©","Remilia£¨ÀÙÃ×ÀòÑÇ£©","Replay The Spire","RumiaBox-Â¶Ã×æ«µÄÉñÃØºÐ×Ó","StSLib","The Animator","The Bladedancer","The Bug Knight","The Cursed","The Gatherer","The Jungle","The Mystic","The Runesmith","The Servant 0.9.4","Youmu£¨»êÆÇÑýÃÎ£©","Yuyuko","¡¾ÒÅÎï¿¨ÅÆ¡¿REMEMod","óô»ðÖ¸ÄÏ"],"gold_per_floor":[193,193,143,44,44,44,71,84,110,10,23,42,53,23,23,124,124,143,175,115,115],"floor_reached":20,"playtime":3232,"items_purged":["Dreamy Sakura","Dreamy Sakura"],"score":197,"play_id":"38670aff-e5fc-439f-b643-e6f8755b2ba2","local_time":"20210101002443","is_ascension_mode":false,"campfire_choices":[{"data":"AT_ShrugMaster","floor":6,"key":"SMITH"},{"floor":15,"key":"RECALL"}],"circlet_count":0,"master_deck":["Fantasy Butterflies","Fantasy Butterflies","Fantasy Butterflies","Dreamy Sakura","Dreamy Sakura","Dreamy Sakura","Deathly Ground","Faramita\u0027s Temptation","AT_ShrugMaster+1","REME_WheelOfFate","Steamed Phantom","Spear of Papilio","Dying Sakura","Phantom Gift","Elegance","Bloom","Past Graveyard","Postpone Bloom","Past Graveyard","Mini Ghostdom","Butterflies Rainbow"],"relics":["Coronal","Yuyuko\u0027s fan","REME_ComplimentaryCards","AT_ATBox","NeowsBlessing","AT_DeathDance","aspiration:RitualDagger","AT_EbonyIvory","MealTicket"],"acts_visited":["Exordium","TheCity"],"potions_floor_usage":[],"damage_taken":[{"damage":3,"enemies":"conspire:RoseBush","floor":1,"turns":1},{"damage":2,"enemies":"Lagavulin","floor":7,"turns":2},{"damage":1,"enemies":"Jaw Worm","floor":8,"turns":1},{"damage":7,"enemies":"Small Slimes","floor":11,"turns":3},{"damage":5,"enemies":"Exordium Wildlife","floor":12,"turns":4},{"damage":20,"enemies":"Red Slaver","floor":13,"turns":7},{"damage":12,"enemies":"Looter","floor":14,"turns":4},{"damage":15,"enemies":"Slime Boss","floor":16,"turns":11},{"damage":51,"enemies":"Chosen","floor":18,"turns":10},{"damage":52,"enemies":"conspire:MimicChest","floor":19,"turns":7},{"damage":32,"enemies":"2 Thieves","floor":20,"turns":3}],"seed_played":"7580811689058947640","potions_obtained":[{"floor":1,"key":"SteroidPotion"},{"floor":8,"key":"conspire:TimeTravelPotion"},{"floor":11,"key":"Death Potion"},{"floor":12,"key":"DistilledChaos"},{"floor":16,"key":"Pckles"},{"floor":18,"key":"Death Potion"}],"is_trial":false,"path_per_floor":["M","?","?","$","?","R","E","M","T","$","M","M","M","M","R","B",null,"M","?","M"],"character_chosen":"YUYOKO","items_purchased":["Spear of Papilio"],"campfire_rested":0,"item_purchase_floors":[4],"current_hp_per_floor":[37,40,40,40,40,40,38,37,37,37,37,36,33,36,36,29,40,22,32,0,0],"gold":115,"neow_bonus":"THREE_ENEMY_KILL","is_daily":false,"chose_seed":false,"campfire_upgraded":1,"win_rate":0.0,"timestamp":1609431883,"path_taken":["M","?","?","$","?","R","E","M","T","$","M","M","M","?","R","BOSS","M","?","M"],"items_purchased_type":["Card"],"build_version":"2020-12-22","purchased_purges":2,"victory":false,"max_hp_per_floor":[40,40,40,40,40,40,40,40,40,40,40,40,40,40,40,40,40,40,40,40,40],"card_choices":[{"not_picked":["Wandering Soul","Spear of Papilio"],"picked":"Steamed Phantom","floor":1},{"not_picked":["Fondling of Papilio","Suicide"],"picked":"Dying Sakura","floor":7},{"not_picked":["Final of Final","Unstable Ward"],"picked":"Phantom Gift","floor":8},{"not_picked":["Serene Spring","Infinite Sin"],"picked":"Elegance","floor":11},{"not_picked":["Immigrant Phantom","Full Moon"],"picked":"Bloom","floor":12},{"not_picked":["Unborn Light","Gone"],"picked":"Past Graveyard","floor":13},{"not_picked":["Snow","Monster Cherry Tree"],"picked":"Postpone Bloom","floor":14},{"not_picked":["Ghastly Dream","Remain Here"],"picked":"Past Graveyard","floor":16},{"not_picked":["The Forgotten Winter+1","Dying Sakura"],"picked":"Mini Ghostdom","floor":18},{"not_picked":["Gone","Death Dancing"],"picked":"Butterflies Rainbow","floor":19}],"player_experience":310676,"relics_obtained":[{"floor":7,"key":"AT_DeathDance"},{"floor":19,"key":"MealTicket"}],"event_choices":[{"cards_removed":["Fantasy Butterflies"],"damage_healed":0,"gold_gain":0,"player_choice":"Card Removal","damage_taken":0,"max_hp_gain":0,"max_hp_loss":0,"event_name":"The Cleric","floor":3,"gold_loss":50}],"is_beta":false,"boss_relics":[{"not_picked":["REME_LowDesire","Tiny House"],"picked":"aspiration:RitualDagger"}],"items_purged_floors":[4,10],"is_endless":false,"potions_floor_spawned":[1,8,11,12,16,18],"killed_by":"2 Thieves","ascension_level":0}}