{"host":"vmo6qas4tfa0p776","time":1609446078,"event":{"mods":["AchievementEnabler","BaseMod","Bestiary","Better Altar","Better Match","Better Note","Better Sensory Stone","Better Skull","Better Third Choice","Colored Map","Downfall","Minty Spire (QoL Compilation)","Relic Stats","Robot Space Explorer","Spicy Shops","StSLib","The Marked"],"gold_per_floor":[209,227,241,241,206,239,239,258,258,293,293,293,306,368,368,471,471,483,4,15,65,79,105,105,117,141,141,141],"floor_reached":27,"playtime":1571,"items_purged":[],"score":245,"play_id":"969a6c87-2ffd-402f-bedf-debbbfe513b5","local_time":"20201231152118","is_ascension_mode":false,"campfire_choices":[{"floor":7,"key":"REST"},{"floor":12,"key":"REST"},{"floor":15,"key":"REST"},{"floor":24,"key":"REST"}],"circlet_count":0,"master_deck":["RobotSpaceExplorer:Strike","RobotSpaceExplorer:Strike","RobotSpaceExplorer:Strike","RobotSpaceExplorer:Strike","RobotSpaceExplorer:Defend","RobotSpaceExplorer:Defend","RobotSpaceExplorer:Defend","RobotSpaceExplorer:Defend","RobotSpaceExplorer:Scan","RobotSpaceExplorer:MiniLasers","RobotSpaceExplorer:IronShell","RobotSpaceExplorer:ShovelStrike","RobotSpaceExplorer:Ammunition","RobotSpaceExplorer:BlastShield","RobotSpaceExplorer:FranticSearch","RobotSpaceExplorer:MetalStrike","RobotSpaceExplorer:Electropulse","RobotSpaceExplorer:LaserBurst","RobotSpaceExplorer:Multitool","RobotSpaceExplorer:Pulsar","RobotSpaceExplorer:Multitool","RobotSpaceExplorer:DoubleFind","RobotSpaceExplorer:LuckyStrike","RobotSpaceExplorer:DualCore","expansioncontent:CaCaw","RobotSpaceExplorer:GlueShot","Clumsy","RobotSpaceExplorer:StarDust","RobotSpaceExplorer:ImprovisedAttack","RobotSpaceExplorer:PowerCollector","RobotSpaceExplorer:Calculate"],"relics":["RobotSpaceExplorer:RoboCore","betterThird:SlimedRelic","HornCleat","Matryoshka","Mercury Hourglass","SsserpentHead","RobotSpaceExplorer:SearchSpecs","DollysMirror","Nunchaku","Akabeko","Omamori","Ancient Tea Set"],"acts_visited":["Exordium","TheCity"],"potions_floor_usage":[10,10,14,14,16,18,23,23],"damage_taken":[{"damage":4,"enemies":"2 Louse","floor":1,"turns":3},{"damage":0,"enemies":"Small Slimes","floor":2,"turns":5},{"damage":0,"enemies":"Cultist","floor":3,"turns":4},{"damage":41,"enemies":"Lagavulin","floor":6,"turns":12},{"damage":3,"enemies":"Blue Slaver","floor":8,"turns":6},{"damage":38,"enemies":"Gremlin Nob","floor":10,"turns":5},{"damage":0,"enemies":"Red Slaver","floor":13,"turns":5},{"damage":3,"enemies":"Looter","floor":14,"turns":2},{"damage":7,"enemies":"Hexaghost","floor":16,"turns":13},{"damage":6,"enemies":"3 Byrds","floor":18,"turns":5},{"damage":11,"enemies":"Shell Parasite","floor":20,"turns":5},{"damage":26,"enemies":"Sentry and Sphere","floor":22,"turns":5},{"damage":29,"enemies":"Book of Stabbing","floor":23,"turns":7},{"damage":19,"enemies":"3 Cultists","floor":25,"turns":5},{"damage":41,"enemies":"Gremlin Leader","floor":27,"turns":6}],"seed_played":"3993586177244069591","potions_obtained":[{"floor":2,"key":"sneckomod:MuddlingPotion"},{"floor":6,"key":"Explosive Potion"},{"floor":8,"key":"FairyPotion"},{"floor":13,"key":"EntropicBrew"},{"floor":16,"key":"SkillPotion"},{"floor":18,"key":"LiquidBronze"},{"floor":23,"key":"FairyPotion"}],"is_trial":false,"path_per_floor":["M","M","M","?","?","E","R","M","T","E","?","R","M","M","R","B",null,"M","$","M","?","M","E","R","M","T","E"],"character_chosen":"RobotSpaceExplorer","items_purchased":["DollysMirror","RobotSpaceExplorer:DoubleFind","RobotSpaceExplorer:LuckyStrike","RobotSpaceExplorer:DualCore","expansioncontent:CaCaw","RobotSpaceExplorer:GlueShot","Nunchaku"],"campfire_rested":4,"item_purchase_floors":[19,19,19,19,19,19,19],"current_hp_per_floor":[71,71,71,71,60,19,41,38,38,22,22,44,44,41,63,56,75,69,69,58,58,32,3,25,6,6,0,0],"gold":141,"neow_bonus":"HUNDRED_GOLD","is_daily":false,"chose_seed":false,"campfire_upgraded":0,"win_rate":0.0,"timestamp":1609446078,"path_taken":["M","M","M","?","?","E","R","M","T","E","?","R","M","?","R","BOSS","M","$","M","?","M","E","R","M","T","E"],"items_purchased_type":["Relic","Card","Card","Card","Card","Card","Relic"],"build_version":"2020-12-22","purchased_purges":0,"victory":false,"max_hp_per_floor":[75,75,75,75,75,75,75,75,75,75,75,75,75,75,75,75,75,75,75,75,75,75,75,75,75,75,75,75],"relic_stats":{"SsserpentHead":100,"Nunchaku":[4],"counters":[15,86],"obtain_stats":[{"SsserpentHead":11,"Nunchaku":19,"HornCleat":6,"Matryoshka":9,"DollysMirror":19,"betterThird:SlimedRelic":5,"RobotSpaceExplorer:RoboCore":0,"RobotSpaceExplorer:SearchSpecs":17,"Omamori":26,"Ancient Tea Set":26,"Akabeko":23,"Mercury Hourglass":10},{"SsserpentHead":6,"Nunchaku":10,"HornCleat":4,"Matryoshka":5,"DollysMirror":10,"betterThird:SlimedRelic":3,"RobotSpaceExplorer:RoboCore":0,"RobotSpaceExplorer:SearchSpecs":9,"Omamori":14,"Ancient Tea Set":14,"Akabeko":13,"Mercury Hourglass":6},{"SsserpentHead":35,"Nunchaku":58,"HornCleat":24,"Matryoshka":30,"DollysMirror":58,"betterThird:SlimedRelic":12,"RobotSpaceExplorer:RoboCore":0,"RobotSpaceExplorer:SearchSpecs":54,"Omamori":80,"Ancient Tea Set":80,"Akabeko":75,"Mercury Hourglass":35}],"Mercury Hourglass":[189]},"card_choices":[{"not_picked":["RobotSpaceExplorer:StunGrenade","RobotSpaceExplorer:MiniDrones"],"picked":"RobotSpaceExplorer:IronShell","floor":1},{"not_picked":["RobotSpaceExplorer:StarLightning","RobotSpaceExplorer:GlueSpray"],"picked":"RobotSpaceExplorer:ShovelStrike","floor":2},{"not_picked":["RobotSpaceExplorer:FreezeRay","RobotSpaceExplorer:GlueShot"],"picked":"RobotSpaceExplorer:Ammunition","floor":3},{"not_picked":["RobotSpaceExplorer:JunkDive","RobotSpaceExplorer:SurgingStrike"],"picked":"RobotSpaceExplorer:BlastShield","floor":6},{"not_picked":["RobotSpaceExplorer:SurgingStrike","RobotSpaceExplorer:SlimeMissile"],"picked":"RobotSpaceExplorer:FranticSearch","floor":8},{"not_picked":["RobotSpaceExplorer:Blaster","RobotSpaceExplorer:Explosion"],"picked":"RobotSpaceExplorer:MetalStrike","floor":10},{"not_picked":["RobotSpaceExplorer:GlueSpray","RobotSpaceExplorer:SwiftStep"],"picked":"RobotSpaceExplorer:Electropulse","floor":13},{"not_picked":["RobotSpaceExplorer:SwiftStep","RobotSpaceExplorer:Counterblock"],"picked":"RobotSpaceExplorer:LaserBurst","floor":14},{"not_picked":["RobotSpaceExplorer:DroneSwarm","RobotSpaceExplorer:Explosion"],"picked":"RobotSpaceExplorer:Multitool","floor":16},{"not_picked":["RobotSpaceExplorer:MiniDrones","RobotSpaceExplorer:FranticSearch+1"],"picked":"RobotSpaceExplorer:Pulsar","floor":18},{"not_picked":["RobotSpaceExplorer:FranticSearch","RobotSpaceExplorer:ShovelStrike"],"picked":"RobotSpaceExplorer:StarDust","floor":20},{"not_picked":["RobotSpaceExplorer:MetalStrike+1","RobotSpaceExplorer:TurboDodge"],"picked":"RobotSpaceExplorer:ImprovisedAttack","floor":22},{"not_picked":["RobotSpaceExplorer:LaserBurst","RobotSpaceExplorer:StunGrenade+1"],"picked":"RobotSpaceExplorer:PowerCollector","floor":23},{"not_picked":["RobotSpaceExplorer:SwiftStep+1","RobotSpaceExplorer:Fix"],"picked":"RobotSpaceExplorer:Calculate","floor":25}],"player_experience":218549,"relics_obtained":[{"floor":6,"key":"HornCleat"},{"floor":9,"key":"Matryoshka"},{"floor":10,"key":"Mercury Hourglass"},{"floor":23,"key":"Akabeko"},{"floor":26,"key":"Omamori"},{"floor":26,"key":"Ancient Tea Set"}],"event_choices":[{"damage_healed":0,"gold_gain":0,"player_choice":"Ignored","damage_taken":0,"max_hp_gain":0,"max_hp_loss":0,"event_name":"Golden Wing","floor":4,"gold_loss":0},{"damage_healed":0,"gold_gain":0,"player_choice":"Slimed","damage_taken":11,"max_hp_gain":0,"max_hp_loss":0,"event_name":"betterThird:BetterGoop","floor":5,"gold_loss":35},{"damage_healed":0,"gold_gain":0,"player_choice":"Trade","damage_taken":0,"relics_obtained":["SsserpentHead"],"max_hp_gain":0,"max_hp_loss":0,"event_name":"FaceTrader","floor":11,"gold_loss":0},{"cards_removed":["Clumsy"],"damage_healed":0,"gold_gain":0,"player_choice":"Give","damage_taken":0,"max_hp_gain":0,"max_hp_loss":0,"event_name":"betterNote:BetterNote","floor":21,"gold_loss":0,"cards_obtained":["None"]}],"is_beta":false,"boss_relics":[{"not_picked":["Sozu","Astrolabe"],"picked":"RobotSpaceExplorer:SearchSpecs"}],"items_purged_floors":[],"is_endless":false,"potions_floor_spawned":[2,6,8,13,16,18,23],"killed_by":"Gremlin Leader","ascension_level":0}}