{"host":"ow66nzv2xecjoor3","time":1609439912,"event":{"mods":["BaseMod","Bestiary","Block Reminder","Colored Powertips","Curses Come First","Highlight Path","Keyboard Shortcuts","Minty Spire (QoL Compilation)","Permanent Neow","Relic Stats","Robot Space Explorer","StSLib","UnlockEverythingMod"],"gold_per_floor":[109,119,119,134,150,150,188,206,256,241,284,284,284,302,302,428,428,452,475,498,519,542,542,542],"floor_reached":23,"playtime":1085,"items_purged":[],"score":219,"play_id":"6ee95a84-3942-4512-af12-2e8e72bde245","local_time":"20201231123832","is_ascension_mode":true,"campfire_choices":[{"data":"RobotSpaceExplorer:MiniBoosters","floor":6.0,"key":"SMITH"},{"data":"RobotSpaceExplorer:PowerGlove","floor":13.0,"key":"SMITH"},{"data":"RobotSpaceExplorer:LaserBurst","floor":15.0,"key":"SMITH"}],"circlet_count":0,"master_deck":["RobotSpaceExplorer:Scan","RobotSpaceExplorer:MiniLasers","RobotSpaceExplorer:LuckyStrike","RobotSpaceExplorer:FranticSearch","RobotSpaceExplorer:MiniBoosters+1","RobotSpaceExplorer:ImprovisedAttack","RobotSpaceExplorer:Probe","RobotSpaceExplorer:MakeshiftVolley","RobotSpaceExplorer:PowerGlove+1","RobotSpaceExplorer:LaserBurst+1","RobotSpaceExplorer:TurboDodge","RobotSpaceExplorer:Scanner","RobotSpaceExplorer:IronShell","RobotSpaceExplorer:BigMissile","RobotSpaceExplorer:LuckyStrike","RobotSpaceExplorer:ChargingLaser","RobotSpaceExplorer:SurgingShield","RobotSpaceExplorer:Comet","RobotSpaceExplorer:MiniDrones","RobotSpaceExplorer:ExhaustFan+1","RobotSpaceExplorer:GearShield","RobotSpaceExplorer:MiniBoosters","RobotSpaceExplorer:ExhaustFan"],"relics":["RobotSpaceExplorer:RoboCore","Golden Idol","Blue Candle","Ancient Tea Set","White Beast Statue","Strawberry","Pandora\u0027s Box"],"acts_visited":["Exordium","TheCity"],"potions_floor_usage":[23,23],"damage_taken":[{"damage":0.0,"enemies":"2 Louse","floor":1.0,"turns":3.0},{"damage":1.0,"enemies":"Cultist","floor":2.0,"turns":4.0},{"damage":0.0,"enemies":"Small Slimes","floor":4.0,"turns":3.0},{"damage":0.0,"enemies":"Exordium Wildlife","floor":5.0,"turns":3.0},{"damage":10.0,"enemies":"3 Sentries","floor":7.0,"turns":6.0},{"damage":2.0,"enemies":"Blue Slaver","floor":8.0,"turns":3.0},{"damage":1.0,"enemies":"Exordium Thugs","floor":10.0,"turns":4.0},{"damage":2.0,"enemies":"Lagavulin","floor":11.0,"turns":4.0},{"damage":4.0,"enemies":"Red Slaver","floor":14.0,"turns":2.0},{"damage":24.0,"enemies":"Hexaghost","floor":16.0,"turns":9.0},{"damage":19.0,"enemies":"2 Thieves","floor":18.0,"turns":4.0},{"damage":0.0,"enemies":"Spheric Guardian","floor":19.0,"turns":3.0},{"damage":11.0,"enemies":"Cultist and Chosen","floor":20.0,"turns":5.0},{"damage":12.0,"enemies":"Centurion and Healer","floor":21.0,"turns":4.0},{"damage":3.0,"enemies":"3 Cultists","floor":22.0,"turns":5.0},{"damage":36,"enemies":"Slavers","floor":23,"turns":3}],"seed_played":"-953434743126468347","potions_obtained":[{"floor":0.0,"key":"Block Potion"},{"floor":0.0,"key":"PowerPotion"},{"floor":0.0,"key":"Energy Potion"},{"floor":1.0,"key":"Fire Potion"},{"floor":4.0,"key":"SteroidPotion"},{"floor":5.0,"key":"RobotSpaceExplorer:PlasmaFlask"},{"floor":7.0,"key":"Swift Potion"},{"floor":14.0,"key":"LiquidBronze"},{"floor":16.0,"key":"Dexterity Potion"},{"floor":18.0,"key":"CultistPotion"},{"floor":22.0,"key":"Ancient Potion"}],"is_trial":false,"path_per_floor":["M","M","?","M","M","R","E","M","T","M","E","?","R","M","R","B",null,"M","M","M","M","M","E"],"character_chosen":"RobotSpaceExplorer","items_purchased":[],"campfire_rested":0,"item_purchase_floors":[],"current_hp_per_floor":[75,74,69,69,69,69,59,57,57,56,54,61,61,57,57,33,76,57,57,46,34,31,0,0],"gold":542,"neow_bonus":"THREE_SMALL_POTIONS","is_daily":false,"chose_seed":false,"campfire_upgraded":3,"win_rate":0.0,"timestamp":1609439912,"path_taken":["M","M","?","M","M","R","E","M","T","M","E","?","R","M","R","BOSS","M","M","M","?","M","E"],"items_purchased_type":[],"build_version":"2020-12-22","purchased_purges":0,"victory":false,"max_hp_per_floor":[75,75,69,69,69,69,69,69,69,69,69,76,76,76,76,76,76,76,76,76,76,76,76,76],"relic_stats":{"counters":[16,65],"Golden Idol":83,"Blue Candle":[0],"Pandora\u0027s Box":["RobotSpaceExplorer:IronShell","RobotSpaceExplorer:BigMissile","RobotSpaceExplorer:LuckyStrike","RobotSpaceExplorer:ChargingLaser","RobotSpaceExplorer:Wormhole","RobotSpaceExplorer:SurgingShield","RobotSpaceExplorer:Reload","RobotSpaceExplorer:Comet"],"obtain_stats":[{"Golden Idol":3,"Blue Candle":7,"Strawberry":12,"RobotSpaceExplorer:RoboCore":0,"Pandora\u0027s Box":17,"Ancient Tea Set":9,"White Beast Statue":11},{"Golden Idol":2,"Blue Candle":5,"Strawberry":8,"RobotSpaceExplorer:RoboCore":0,"Pandora\u0027s Box":10,"Ancient Tea Set":6,"White Beast Statue":8},{"Golden Idol":7,"Blue Candle":19,"Strawberry":30,"RobotSpaceExplorer:RoboCore":0,"Pandora\u0027s Box":41,"Ancient Tea Set":22,"White Beast Statue":30}]},"card_choices":[{"not_picked":["RobotSpaceExplorer:SlimeMissile","RobotSpaceExplorer:PlasmaMissile"],"picked":"RobotSpaceExplorer:LuckyStrike","floor":1.0},{"not_picked":["RobotSpaceExplorer:PowerCollector","RobotSpaceExplorer:ImprovisedAttack"],"picked":"RobotSpaceExplorer:FranticSearch","floor":2.0},{"not_picked":["RobotSpaceExplorer:Electroshield","RobotSpaceExplorer:PowerGlove"],"picked":"RobotSpaceExplorer:MiniBoosters","floor":4.0},{"not_picked":["RobotSpaceExplorer:Blitz","RobotSpaceExplorer:SurgingStrike"],"picked":"RobotSpaceExplorer:ImprovisedAttack","floor":5.0},{"not_picked":["RobotSpaceExplorer:FranticSearch","RobotSpaceExplorer:Blitz"],"picked":"RobotSpaceExplorer:Probe","floor":7.0},{"not_picked":["RobotSpaceExplorer:SwiftStep","RobotSpaceExplorer:StunGrenade"],"picked":"RobotSpaceExplorer:MakeshiftVolley","floor":8.0},{"not_picked":["RobotSpaceExplorer:DroneSwarm","RobotSpaceExplorer:Probe"],"picked":"RobotSpaceExplorer:PowerGlove","floor":10.0},{"not_picked":["RobotSpaceExplorer:RigExplosive","RobotSpaceExplorer:MetalStrike"],"picked":"RobotSpaceExplorer:LaserBurst","floor":11.0},{"not_picked":["RobotSpaceExplorer:SlimeMissile","RobotSpaceExplorer:Ammunition"],"picked":"RobotSpaceExplorer:TurboDodge","floor":14.0},{"not_picked":["RobotSpaceExplorer:Wormhole","RobotSpaceExplorer:Blaster"],"picked":"RobotSpaceExplorer:Scanner","floor":16.0},{"not_picked":["RobotSpaceExplorer:SlimeMissile","RobotSpaceExplorer:FrostMissile+1"],"picked":"RobotSpaceExplorer:MiniDrones","floor":18.0},{"not_picked":["RobotSpaceExplorer:StunGrenade","RobotSpaceExplorer:ScrapMissile"],"picked":"RobotSpaceExplorer:ExhaustFan+1","floor":19.0},{"not_picked":["RobotSpaceExplorer:Pulsar","RobotSpaceExplorer:ToxicBomb"],"picked":"RobotSpaceExplorer:GearShield","floor":20.0},{"not_picked":["RobotSpaceExplorer:BigMissile","RobotSpaceExplorer:ShockKick"],"picked":"RobotSpaceExplorer:MiniBoosters","floor":21.0},{"not_picked":["RobotSpaceExplorer:Probe+1","RobotSpaceExplorer:MiniBoosters+1"],"picked":"RobotSpaceExplorer:ExhaustFan","floor":22.0}],"player_experience":2684186,"relics_obtained":[{"floor":7.0,"key":"Blue Candle"},{"floor":9.0,"key":"Ancient Tea Set"},{"floor":11.0,"key":"White Beast Statue"}],"event_choices":[{"damage_healed":0.0,"max_hp_gain":0.0,"max_hp_loss":6.0,"gold_gain":0.0,"event_name":"Golden Idol","player_choice":"Lose Max HP","floor":3.0,"gold_loss":0.0,"damage_taken":0.0,"relics_obtained":["Golden Idol"]},{"damage_healed":0.0,"max_hp_gain":0.0,"max_hp_loss":0.0,"gold_gain":0.0,"event_name":"WeMeetAgain","player_choice":"Gave Potion","floor":12.0,"gold_loss":0.0,"damage_taken":0.0,"relics_obtained":["Strawberry"]}],"is_beta":false,"boss_relics":[{"not_picked":["RobotSpaceExplorer:TurboCore","Ectoplasm"],"picked":"Pandora\u0027s Box"}],"items_purged_floors":[],"is_endless":false,"potions_floor_spawned":[1,4,5,7,14,16,18,19,20,21,22],"killed_by":"Slavers","ascension_level":1}}