{"host":"i0s8vbixp24k5aul","time":1609439022,"event":{"mods":["2.2 Compatiblity","Act Like it!","Aspiration","BaseMod","Better Note","Better Third Choice","Better Vampires","BetterUpgradePreview","Colorless Booster Pack","Dota2Spire","GifTheSpireLib","Halation","Hermit","Hubris","Jedi Mod","Minty Spire (QoL Compilation)","Optimize The Spire","StSLib","The Animator","TheWitcher","vexMod","??????REMEMod"],"gold_per_floor":[110,56,56,76,109,134,151,161,161,161,178,178,193,210,210,308,308,324,324,324,16,32,32,53,64,138,169,184,184,4,4,4,107,107,135,135,155,430,31,31,37,37,37,37,32,47,61,74,74,67],"floor_reached":51,"playtime":2813,"items_purged":["Regret"],"score":707,"play_id":"47d85d43-d43e-4d24-9990-7020b506acb5","local_time":"20201231212342","is_ascension_mode":false,"campfire_choices":[{"floor":10.0,"key":"REST"},{"data":"REME_EyeOfCthun","floor":12.0,"key":"SMITH"},{"data":"SnafuTest:BoxingChampion","floor":15.0,"key":"SMITH"},{"data":"SnafuTest:TradeOrTrick","floor":23.0,"key":"SMITH"},{"data":"SnafuTest:PayAlchemyMaster","floor":29,"key":"SMITH"},{"data":"REME_MawOfCthun","floor":32,"key":"SMITH"},{"data":"REME_AllRoundStrike","floor":40,"key":"SMITH"},{"floor":42,"key":"REST"},{"data":"SnafuTest:IndifferentImmortality","floor":44,"key":"SMITH"},{"data":"SnafuTest:PowerTrialOfGrasses","floor":49,"key":"SMITH"}],"circlet_count":0,"master_deck":["SnafuTest:DefaultCommonAttack","SnafuTest:BountyHunt","SnafuTest:DefaultCommonSkill","SnafuTest:DefaultCommonSkill","SnafuTest:SignQuen","REME_EyeOfCthun+1","SnafuTest:PayHappyHour","SnafuTest:PayBank","SnafuTest:SpellLivingArmor","SnafuTest:Offering","SnafuTest:SwiftAssault","SnafuTest:TradeOrTrick+1","SnafuTest:BombDimeritium","SnafuTest:DesperateRemediation","SnafuTest:PayBank","SnafuTest:BoxingChampion+1","SnafuTest:LeadingCharge+1","SnafuTest:SpellLifeDrain+1","SnafuTest:SpellIncendiaryShower+1","SnafuTest:BombDancingStar+1","SnafuTest:PayAlchemyMaster+1","SnafuTest:Siege","SnafuTest:SwiftAssault+1","REME_MawOfCthun+1","SnafuTest:IndifferentImmortality+1","SnafuTest:Oriole+1","SnafuTest:SpellBlindFury","REME_AllRoundStrike+1","SnafuTest:PowerTrialOfGrasses+1","SnafuTest:SmashingSlash+1"],"relics":["REME_ComplimentaryCards","vexMod:BarristanHead","aspiration:FetidBarrel","Dota2Spire:BattleFury","halation:Prosthetics","Dota2Spire:DrumOfEndurance","hubris:Potato","Dota2Spire:MantaStyle","vexMod:EndlessSickness","halation:Thesaurus","Burning Blood","Regal Pillow"],"acts_visited":["Exordium","TheCity","TheBeyond"],"potions_floor_usage":[27,33,45,48,50],"damage_taken":[{"damage":4.0,"enemies":"Jaw Worm","floor":1.0,"turns":2.0},{"damage":0.0,"enemies":"Cultist","floor":4.0,"turns":2.0},{"damage":0.0,"enemies":"Small Slimes","floor":5.0,"turns":3.0},{"damage":29.0,"enemies":"Lagavulin","floor":6.0,"turns":4.0},{"damage":3.0,"enemies":"3 Louse","floor":7.0,"turns":2.0},{"damage":7.0,"enemies":"Blue Slaver","floor":8.0,"turns":3.0},{"damage":1.0,"enemies":"Gremlin Gang","floor":11.0,"turns":3.0},{"damage":0.0,"enemies":"Exordium Thugs","floor":13.0,"turns":4.0},{"damage":0.0,"enemies":"Large Slime","floor":14.0,"turns":2.0},{"damage":16.0,"enemies":"Slime Boss","floor":16.0,"turns":9.0},{"damage":0.0,"enemies":"Chosen","floor":18.0,"turns":4.0},{"damage":3.0,"enemies":"Shell Parasite","floor":22.0,"turns":4.0},{"damage":0.0,"enemies":"3 Cultists","floor":24.0,"turns":3.0},{"damage":2.0,"enemies":"Snecko","floor":25.0,"turns":4.0},{"damage":0,"enemies":"Snake Plant","floor":27,"turns":2},{"damage":0,"enemies":"Sentry and Sphere","floor":28,"turns":2},{"damage":14,"enemies":"Collector","floor":33,"turns":5},{"damage":4,"enemies":"3 Darklings","floor":35,"turns":4},{"damage":0,"enemies":"3 Shapes","floor":37,"turns":2},{"damage":23,"enemies":"3 Darklings","floor":41,"turns":3},{"damage":0,"enemies":"4 Shapes","floor":45,"turns":3},{"damage":0,"enemies":"Spire Growth","floor":46,"turns":4},{"damage":0,"enemies":"Transient","floor":47,"turns":5},{"damage":0,"enemies":"Maw","floor":48,"turns":2},{"damage":0,"enemies":"Time Eater","floor":50,"turns":12}],"seed_played":"-7673415648944366016","potions_obtained":[{"floor":4.0,"key":"BlessingOfTheForge"},{"floor":7.0,"key":"BlessingOfTheForge"},{"floor":11.0,"key":"SpeedPotion"},{"floor":14.0,"key":"Dexterity Potion"},{"floor":16.0,"key":"Swift Potion"},{"floor":22.0,"key":"LiquidMemories"},{"floor":28,"key":"SmokeBomb"},{"floor":41,"key":"Ancient Potion"},{"floor":45,"key":"FairyPotion"}],"is_trial":false,"path_per_floor":["M","$","?","M","M","E","M","M","T","R","M","R","M","M","R","B",null,"M","?","?","$","M","R","M","M","T","M","M","R","$","?","R","B",null,"M","?","M","?","$","R","M","R","T","R","M","M","M","M","R","B",null],"character_chosen":"THE_WITCHER","items_purchased":["SnafuTest:PayBank","hubris:Potato","REME_MawOfCthun","halation:Thesaurus","REME_AllRoundStrike"],"campfire_rested":2,"item_purchase_floors":[2,21,30,39,39],"current_hp_per_floor":[71,71,71,71,71,42,39,32,32,54,53,53,53,53,53,37,40,40,40,40,40,37,37,37,35,35,35,35,35,35,35,35,21,40,36,36,36,36,36,36,19,31,31,31,37,40,40,40,40,40],"gold":67,"neow_bonus":"RANDOM_COMMON_RELIC","is_daily":false,"chose_seed":false,"campfire_upgraded":8,"win_rate":0.0,"timestamp":1609439022,"path_taken":["M","$","?","?","?","E","M","M","T","R","M","R","M","M","R","BOSS","M","?","?","$","M","R","M","M","T","?","M","R","?","?","R","BOSS","M","?","?","?","$","R","M","R","T","R","M","M","M","M","R","BOSS"],"items_purchased_type":["Card","Relic","Card","Relic","Card"],"build_version":"2020-12-22","purchased_purges":1,"victory":true,"max_hp_per_floor":[75,75,75,75,75,75,75,75,75,75,75,75,75,75,75,75,40,40,40,40,40,40,40,40,40,40,40,40,40,40,40,40,40,40,40,40,40,40,40,40,40,40,40,40,40,40,40,40,40,40],"card_choices":[{"not_picked":["SnafuTest:BombNorthernWind","SnafuTest:SwiftAssault"],"picked":"SnafuTest:PayHappyHour","floor":1.0},{"not_picked":["SnafuTest:SmashingSlash","SnafuTest:GetPaid"],"picked":"SnafuTest:Offering","floor":4.0},{"not_picked":["SnafuTest:PowerVainGlory","SnafuTest:ShieldUp"],"picked":"SnafuTest:SwiftAssault","floor":5.0},{"not_picked":["SnafuTest:PowerHangmenTree","SnafuTest:PowerFireDamnation"],"picked":"SnafuTest:TradeOrTrick","floor":6.0},{"not_picked":["SnafuTest:MCMockAndRun","SnafuTest:CareTaker"],"picked":"SnafuTest:BombDimeritium","floor":7.0},{"not_picked":["SnafuTest:PowerAlwaysOnRoads","SnafuTest:SpellTortoise"],"picked":"SnafuTest:DesperateRemediation","floor":8.0},{"not_picked":["SnafuTest:BattleCry","SnafuTest:PowerAlwaysAWay"],"picked":"SnafuTest:PayBank","floor":11.0},{"not_picked":["SnafuTest:NoPass","SnafuTest:WorldMap"],"picked":"SnafuTest:BoxingChampion","floor":13.0},{"not_picked":["SnafuTest:BombSamum","SnafuTest:SpellDispellingPush","SnafuTest:BattleCry"],"picked":"SKIP","floor":14.0},{"not_picked":["SnafuTest:PowerContactIsContract","SnafuTest:PowerRhymeBeyondTime"],"picked":"SnafuTest:LeadingCharge","floor":16.0},{"not_picked":["SnafuTest:SneakKill","SnafuTest:SmashingSlash"],"picked":"SnafuTest:SpellLifeDrain+1","floor":18.0},{"not_picked":["SnafuTest:UndefeatedNarcissism+1","SnafuTest:Shooting"],"picked":"SnafuTest:SpellIncendiaryShower+1","floor":22.0},{"not_picked":["SnafuTest:SpellLivingArmor+1","SnafuTest:UndefeatedNarcissism"],"picked":"SnafuTest:BombDancingStar+1","floor":24.0},{"not_picked":["SnafuTest:MCFeignDeath","SnafuTest:PowerAlwaysOnRoads"],"picked":"SnafuTest:PayAlchemyMaster","floor":25.0},{"not_picked":["SnafuTest:Portal","SnafuTest:PayBank+1"],"picked":"SnafuTest:Siege","floor":27},{"not_picked":["SnafuTest:PayArmorSmith","SnafuTest:PowerAlwaysAWay"],"picked":"SnafuTest:SwiftAssault","floor":28},{"not_picked":["SnafuTest:PayAlchemyMaster","SnafuTest:MelitelesCare"],"picked":"SnafuTest:IndifferentImmortality","floor":33},{"not_picked":["SnafuTest:HermitsErudition","SnafuTest:Meditation"],"picked":"SnafuTest:Oriole+1","floor":35},{"not_picked":["SnafuTest:WorldMap","SnafuTest:SpellIncendiaryShower"],"picked":"SnafuTest:SpellBlindFury","floor":37},{"not_picked":["SnafuTest:MCPlayGwent+1","SnafuTest:BombDancingStar","SnafuTest:ScholarsIntrigue+1"],"picked":"SKIP","floor":41},{"not_picked":["SnafuTest:ShieldUp","SnafuTest:SpellTelekinesis"],"picked":"SnafuTest:PaySmithWorkshop+1","floor":45},{"not_picked":["SnafuTest:MCFeignDeath","SnafuTest:ShieldUp+1"],"picked":"SnafuTest:PowerTrialOfGrasses","floor":46},{"not_picked":["SnafuTest:MCFeignDeath","SnafuTest:BombSamum"],"picked":"SnafuTest:SmashingSlash+1","floor":47}],"player_experience":752508,"relics_obtained":[{"floor":6.0,"key":"aspiration:FetidBarrel"},{"floor":9.0,"key":"Dota2Spire:BattleFury"},{"floor":26.0,"key":"Dota2Spire:MantaStyle"},{"floor":43,"key":"Regal Pillow"}],"event_choices":[{"damage_healed":0.0,"max_hp_gain":0.0,"max_hp_loss":0.0,"gold_gain":0.0,"cards_transformed":["SnafuTest:DefaultCommonAttack"],"event_name":"Transmorgrifier","player_choice":"Transformed","floor":3.0,"gold_loss":0.0,"damage_taken":0.0,"cards_obtained":["SnafuTest:SpellLivingArmor"]},{"damage_healed":0.0,"max_hp_gain":0.0,"max_hp_loss":0.0,"gold_gain":0.0,"event_name":"WeMeetAgain","player_choice":"Gave Potion","floor":19.0,"gold_loss":0.0,"damage_taken":0.0,"relics_obtained":["Dota2Spire:DrumOfEndurance"]},{"damage_healed":0.0,"max_hp_gain":0.0,"max_hp_loss":0.0,"gold_gain":0.0,"event_name":"Upgrade Shrine","player_choice":"Upgraded","floor":20.0,"gold_loss":0.0,"damage_taken":0.0,"cards_upgraded":["SnafuTest:LeadingCharge"]},{"cards_removed":["SnafuTest:DefaultCommonAttack"],"damage_healed":0,"gold_gain":0,"player_choice":"Purged","damage_taken":0,"max_hp_gain":0,"max_hp_loss":0,"event_name":"Purifier","floor":31,"gold_loss":0},{"cards_removed":["SnafuTest:DefaultCommonSkill"],"damage_healed":0,"gold_gain":0,"player_choice":"Purged","damage_taken":0,"max_hp_gain":0,"max_hp_loss":0,"event_name":"Purifier","floor":36,"gold_loss":0},{"damage_healed":0,"gold_gain":275,"player_choice":"Desecrate","damage_taken":0,"max_hp_gain":0,"max_hp_loss":0,"event_name":"Golden Shrine","floor":38,"gold_loss":0,"cards_obtained":["Regret"]}],"is_beta":false,"boss_relics":[{"not_picked":["Sozu","SacredBark"],"picked":"halation:Prosthetics"},{"not_picked":["Calling Bell","aspiration:SecretTechniqueScroll"],"picked":"vexMod:EndlessSickness"}],"items_purged_floors":[39],"is_endless":false,"potions_floor_spawned":[4,7,11,14,16,22,28,41,45,48],"ascension_level":0}}