{"host":"gxp0rwo55f0x6g4s","time":1609375680,"event":{"mods":["BaseMod","Colored Powertips","Marisa????????","Minty Spire (QoL Compilation)","Prisma Mod","Replay The Spire","StSLib","The Disciple","The Servant 0.9.4"],"gold_per_floor":[113,163,230,50,50,84,84,119,144,163,163,78,109,134,134,263,263,277,313,50,150,173,173,209,230,254,8,8,47,61,79,79,209,209,234,109,122,135,204,245,260,260,260,304,304,329,364,66,66,66,66,66,17,50,50],"floor_reached":56,"playtime":4597,"items_purged":["Voices","Strike_S","Strike_S","Defend_S"],"score":1701,"play_id":"732e0d38-af3d-4d35-90e5-0edf23e817a9","local_time":"20201230164800","is_ascension_mode":true,"campfire_choices":[{"floor":7,"key":"REST"},{"data":"Defy","floor":11,"key":"SMITH"},{"data":"Spin","floor":15,"key":"SMITH"},{"data":"BestPractice","floor":23,"key":"SMITH"},{"data":"MoonPhase","floor":28,"key":"SMITH"},{"data":"DoubleEdge","floor":32,"key":"SMITH"},{"data":"Languid","floor":42,"key":"PURGE"},{"floor":45,"key":"REST"},{"floor":49,"key":"RECALL"},{"data":"Spin","floor":52,"key":"SMITH"}],"circlet_count":0,"master_deck":["Strike_S","Strike_S","Defend_S","Defend_S","Defend_S","KidneyShot","Exchange","DoubleEdge+1","FlawlessForm+1","MoonPhase+1","Unruled+1","DoubleEdge","Spin+1","Defy+1","BottledTime","BestPractice+1","Shame","MurderousAura+1","MoonPhase+1","InstantArmor+1","Replay:Sluggish","SurpressingFire+1","Luminosity+1","Clumsy","Sabotage","Dilation+1","Spin+1","Sabotage+1","MurderousAura+1","SwitchThreat","Luminosity+1","MoonPhase+1","DoubleEdge+1","Hallucinations","LightFlow+1","BottledTime+1","Spin+1","MoonPhase+1","MoonPhase+1","Defy+1"],"relics":["Uniform","NeowsBlessing","Ring of Greed","Golden Egg","MawBank","PaperSwan","Replay:Wax Seal","Golden Idol","Prayer Wheel","ReplayTheSpireMod:Lightbulb","MealTicket","Pear","Philosopher\u0027s Stone","Red Mask","ClockworkSouvenir","HandDrill","Bag of Preparation","MysterySword","Peace Pipe","Replay:Baseball","Replay:Accelerometer","Happy Flower","Omamori","Simple Rune","ReplayTheSpireMod:TigerMarble"],"acts_visited":["Exordium","TheCity","TheBeyond","TheEnding"],"potions_floor_usage":[29,41,41,54],"damage_taken":[{"damage":0,"enemies":"Jaw Worm","floor":1,"turns":1},{"damage":0,"enemies":"3 Sentries","floor":6,"turns":2},{"damage":0,"enemies":"Gremlin Nob","floor":8,"turns":1},{"damage":1,"enemies":"Small Slimes","floor":10,"turns":2},{"damage":2,"enemies":"2 Louse","floor":12,"turns":2},{"damage":0,"enemies":"Replay:BlueRogue","floor":13,"turns":5},{"damage":3,"enemies":"Exordium Wildlife","floor":14,"turns":6},{"damage":4,"enemies":"Fading Forest","floor":16,"turns":11},{"damage":7,"enemies":"Chosen","floor":18,"turns":5},{"damage":0,"enemies":"Masked Bandits","floor":19,"turns":3},{"damage":0,"enemies":"2 Thieves","floor":22,"turns":4},{"damage":2,"enemies":"Book of Stabbing","floor":24,"turns":5},{"damage":19,"enemies":"Shelled Parasite and Fungi","floor":25,"turns":4},{"damage":0,"enemies":"Replay:Snechameleon","floor":29,"turns":6},{"damage":3,"enemies":"Centurion and Healer","floor":30,"turns":3},{"damage":0,"enemies":"Snake Plant","floor":31,"turns":3},{"damage":0,"enemies":"Collector","floor":33,"turns":7},{"damage":0,"enemies":"3 Shapes","floor":35,"turns":5},{"damage":0,"enemies":"Orb Walker","floor":37,"turns":3},{"damage":0,"enemies":"Spire Growth","floor":38,"turns":4},{"damage":9,"enemies":"2 Orb Walkers","floor":39,"turns":4},{"damage":14,"enemies":"R_Hoarder","floor":40,"turns":8},{"damage":2,"enemies":"Transient","floor":41,"turns":5},{"damage":3,"enemies":"Nemesis","floor":44,"turns":9},{"damage":4,"enemies":"3 Darklings","floor":46,"turns":5},{"damage":0,"enemies":"Giant Head","floor":47,"turns":6},{"damage":5,"enemies":"Awakened One","floor":50,"turns":10},{"damage":1,"enemies":"Shield and Spear","floor":54,"turns":6},{"damage":1,"enemies":"The Heart","floor":55,"turns":10}],"seed_played":"459886942151105721","potions_obtained":[{"floor":3,"key":"Dexterity Potion"},{"floor":6,"key":"Block Potion"},{"floor":8,"key":"Adrenaline Potion"},{"floor":29,"key":"Strength Potion"},{"floor":44,"key":"Ancient Potion"},{"floor":46,"key":"Fire Potion"}],"is_trial":false,"path_per_floor":["M","?","?","$","?","E","R","E","T","M","R","M","E","M","R","B",null,"M","?","$","?","M","R","E","M","T","$","R","E","M","M","R","B",null,"M","$","M","M","?","E","M","R","T","E","R","M","E","$","R","B",null,"R","$","E","B",null],"character_chosen":"THE_SERVANT","items_purchased":["Replay:Wax Seal","MoonPhase","Unruled+1","ClockworkSouvenir","Luminosity","HandDrill","Simple Rune","Defy"],"campfire_rested":2,"item_purchase_floors":[4,4,4,20,20,27,48,53],"current_hp_per_floor":[65,65,39,39,39,39,57,57,57,56,56,54,64,61,61,57,70,63,63,70,70,70,70,68,49,49,64,64,64,61,61,61,61,70,70,70,70,70,61,47,45,45,45,42,63,59,59,70,70,65,70,70,70,69,68],"gold":50,"neow_bonus":"THREE_ENEMY_KILL","is_daily":false,"chose_seed":false,"campfire_upgraded":6,"win_rate":0.0,"timestamp":1609375680,"path_taken":["M","?","?","$","?","E","R","E","T","M","R","M","E","M","R","BOSS","M","?","$","?","M","R","E","M","T","$","R","E","M","M","R","BOSS","M","$","?","M","?","E","M","R","T","E","R","M","E","?","R","BOSS","R","$","E","BOSS"],"items_purchased_type":["Relic","Card","Card","Relic","Card","Relic","Relic","Card"],"build_version":"2020-12-22","purchased_purges":4,"victory":true,"max_hp_per_floor":[65,65,65,65,60,60,60,60,60,60,60,60,70,70,70,70,70,70,70,70,70,70,70,70,70,70,70,70,70,70,70,70,70,70,70,70,70,70,70,70,70,70,70,70,70,70,70,70,70,70,70,70,70,70,70],"card_choices":[{"not_picked":["Manipulate","BottledTime"],"picked":"DoubleEdge","floor":1},{"not_picked":["Rewind","Unruled"],"picked":"FlawlessForm","floor":3},{"not_picked":["StarChef","Defy"],"picked":"DoubleEdge","floor":6},{"not_picked":["Potential","Replace"],"picked":"Spin","floor":8},{"not_picked":["Revamp","Replace"],"picked":"Defy","floor":10},{"not_picked":["SilverMatrix","Rewind","Moondial"],"picked":"SKIP","floor":10},{"not_picked":["Spin","FastForward"],"picked":"BottledTime","floor":12},{"not_picked":["Read","Replace"],"picked":"BestPractice","floor":12},{"not_picked":["Rewind","Replace","Ricochet"],"picked":"SKIP","floor":13},{"not_picked":["FastForward","Starlight","Defy"],"picked":"SKIP","floor":14},{"not_picked":["Revamp","DoubleEdge","ShatteredReality"],"picked":"SKIP","floor":14},{"not_picked":["Sunlight","PendulumOfEternity"],"picked":"MurderousAura","floor":16},{"not_picked":["Ricochet","ReturningBlade+1"],"picked":"MoonPhase","floor":18},{"not_picked":["FastForward","Starlight"],"picked":"InstantArmor+1","floor":18},{"not_picked":["Collapse+1","DoubleEdge"],"picked":"SurpressingFire+1","floor":19},{"not_picked":["TimeTheft","ShatteredReality"],"picked":"Sabotage","floor":22},{"not_picked":["Alleviate","TimeWarp","BottledTime"],"picked":"SKIP","floor":22},{"not_picked":["FastForward","Shuttle","Comet"],"picked":"SKIP","floor":24},{"not_picked":["ShatteredReality","Revamp"],"picked":"Dilation","floor":25},{"not_picked":["Unruled","Potential"],"picked":"Spin","floor":25},{"not_picked":["StarChef+1","Rewind"],"picked":"Sabotage+1","floor":29},{"not_picked":["Starlight+1","ShatteredReality"],"picked":"MurderousAura","floor":30},{"not_picked":["TimeWarp","BottledTime","Manipulate"],"picked":"SKIP","floor":30},{"not_picked":["Rewind","Replace"],"picked":"Luminosity+1","floor":31},{"not_picked":["Advance","BottledTime","Alleviate"],"picked":"SKIP","floor":31},{"not_picked":["DoubleEdge","Spin+1"],"picked":"MoonPhase+1","floor":35},{"not_picked":["Revamp+1","Ricochet"],"picked":"DoubleEdge+1","floor":35},{"not_picked":["SurpressingFire","Spin","FastForward+1"],"picked":"SKIP","floor":37},{"not_picked":["DancingSilver+1","Replace+1","Alleviate"],"picked":"SKIP","floor":37},{"not_picked":["Barrier+1","Potential","DoubleEdge+1"],"picked":"SKIP","floor":38},{"not_picked":["Advance+1","Deadline","Misdirection+1"],"picked":"SKIP","floor":38},{"not_picked":["StarChef+1","Replace+1","Comet+1"],"picked":"SKIP","floor":40},{"not_picked":["ShatteredReality+1","Replace"],"picked":"LightFlow","floor":41},{"not_picked":["Sabotage","Read","Orbit"],"picked":"SKIP","floor":41},{"not_picked":["Read","Snipe+1"],"picked":"BottledTime+1","floor":44},{"not_picked":["Starlight+1","Potential"],"picked":"Spin+1","floor":46},{"not_picked":["Starlight","ShatteredReality+1"],"picked":"MoonPhase+1","floor":46},{"not_picked":["Rearm","GearUp+1"],"picked":"MoonPhase+1","floor":47},{"not_picked":["TimeWarp+1","Rewind","Duplication"],"picked":"SKIP","floor":54}],"player_experience":757355,"relics_obtained":[{"floor":2,"key":"Ring of Greed"},{"floor":2,"key":"Golden Egg"},{"floor":2,"key":"MawBank"},{"floor":3,"key":"PaperSwan"},{"floor":6,"key":"Prayer Wheel"},{"floor":8,"key":"ReplayTheSpireMod:Lightbulb"},{"floor":9,"key":"MealTicket"},{"floor":13,"key":"Pear"},{"floor":19,"key":"Red Mask"},{"floor":29,"key":"Bag of Preparation"},{"floor":39,"key":"Peace Pipe"},{"floor":40,"key":"Replay:Baseball"},{"floor":43,"key":"Replay:Accelerometer"},{"floor":44,"key":"Happy Flower"},{"floor":47,"key":"Omamori"},{"floor":54,"key":"ReplayTheSpireMod:TigerMarble"}],"event_choices":[{"damage_healed":0,"gold_gain":0,"player_choice":"Lose Max HP","damage_taken":0,"relics_obtained":["Golden Idol"],"max_hp_gain":0,"max_hp_loss":5,"event_name":"Golden Idol","floor":5,"gold_loss":0},{"damage_healed":0,"gold_gain":0,"player_choice":"Fought Bandits","damage_taken":0,"max_hp_gain":0,"max_hp_loss":0,"event_name":"Masked Bandits","floor":19,"gold_loss":0},{"damage_healed":0,"gold_gain":100,"player_choice":"Pray","damage_taken":0,"max_hp_gain":0,"max_hp_loss":0,"event_name":"Golden Shrine","floor":21,"gold_loss":0},{"damage_healed":0,"gold_gain":0,"player_choice":"Fight","damage_taken":0,"max_hp_gain":0,"max_hp_loss":0,"event_name":"Mysterious Sphere","floor":39,"gold_loss":0}],"is_beta":false,"boss_relics":[{"not_picked":["Tiny House","ChewingGum"],"picked":"Philosopher\u0027s Stone"},{"not_picked":["Sozu","Runic Dome"],"picked":"MysterySword"}],"items_purged_floors":[20,27,36,48],"is_endless":false,"potions_floor_spawned":[6,8,12,16,18,24,25,29,35,38,44,46,47],"ascension_level":1}}