{"host":"963ykkbusvcbqwtq","time":1609415334,"event":{"mods":["2.2 Compatiblity","AchievementEnabler","Arknights The Spire","BaseMod","Colored Map","GifTheSpireLib","GungeonMod","Lobotomy","Luminous","Minty Spire (QoL Compilation)","StSLib","SuperFastMode","The Bug Knight"],"gold_per_floor":[1111,1061,1073,1073,973,1001,1001,1046,1071,663,694,709,723,742,742,844,844,865,22,42,148,148,148,161,204,204,204,227,254,269,269],"floor_reached":30,"playtime":1363,"items_purged":["DemoMod:Strike_Huntress","DemoMod:Strike_Huntress","CherryBlossoms","DemoMod:Defend_Huntress"],"score":418,"play_id":"bf66a2ce-8946-4e1e-ab8e-4878dfd1879e","local_time":"20201231204854","is_ascension_mode":true,"campfire_choices":[{"floor":7,"key":"REST"},{"data":"DemoMod:CombinedRifle","floor":15,"key":"SMITH"},{"floor":23,"key":"RECALL"},{"floor":27,"key":"REST"}],"circlet_count":0,"master_deck":["DemoMod:Defend_Huntress","DemoMod:Defend_Huntress","DemoMod:Defend_Huntress","DemoMod:Roll+1","DemoMod:ManualReload","DemoMod:RustySidearm","DemoMod:CrossBow","RedShoes","DemoMod:MegaHand","DemoMod:TeaPot","DemoMod:ConditionalReflex","DemoMod:FullFirepower+1","DemoMod:BalloonGun","DemoMod:GunShield","VoidDream","DemoMod:TableSutra","DemoMod:ProbeStrike","UniverseFragment","DemoMod:CombinedRifle+1","DemoMod:Eureka","DemoMod:FortunesFavor+1","DemoMod:HungryBullets","DemoMod:Gungine","LaLuna","DemoMod:FinishedGun","DemoMod:GunShield+1","DemoMod:BattleInHaste+1"],"relics":["DemoMod:Dog","CogitoBucket","RabbitCall","DemoMod:Bottle","Strange Spoon","Bronze Scales","Letter Opener","ats:Originium","HollowMod:PaleOreRelic","MealTicket","DemoMod:WhiteGuonStone","War Paint","BehaviorAdjustment","Fusion Hammer","Kunai","Toxic Egg 2","HellTrain","DemoMod:SilverBullets","DemoMod:SerJunkan","OrangePellets","DemoMod:Junk","Shuriken","Ornamental Fan"],"acts_visited":["Exordium","TheCity","DemoMod:Maze"],"potions_floor_usage":[6,8,30,30],"damage_taken":[{"damage":8,"enemies":"Small Slimes","floor":1,"turns":6},{"damage":11,"enemies":"Jaw Worm","floor":3,"turns":4},{"damage":24,"enemies":"Lagavulin","floor":6,"turns":6},{"damage":9,"enemies":"3 Sentries","floor":8,"turns":6},{"damage":5,"enemies":"2 Louse","floor":11,"turns":3},{"damage":17,"enemies":"Gremlin Gang","floor":12,"turns":5},{"damage":1,"enemies":"Large Slime","floor":13,"turns":5},{"damage":4,"enemies":"Blue Slaver","floor":14,"turns":1},{"damage":23,"enemies":"Hexaghost","floor":16,"turns":7},{"damage":5,"enemies":"3 Byrds","floor":18,"turns":3},{"damage":8,"enemies":"Spheric Guardian","floor":20,"turns":5},{"damage":2,"enemies":"Snake Plant","floor":24,"turns":2},{"damage":0,"enemies":"Book of Stabbing","floor":25,"turns":5},{"damage":57,"enemies":"DemoMod:Veteran_shot_gun_kin_and_red_shotgun_kin","floor":28,"turns":2},{"damage":3,"enemies":"DemoMod:Veteran_shot_gun_kin_and_bullet_kin","floor":29,"turns":2},{"damage":24,"enemies":"DemoMod:Veteran_shot_gun_kin_and_blue_shotgun_kin_with_gunsinger","floor":30,"turns":9}],"seed_played":"6708419965342484165","potions_obtained":[{"floor":11,"key":"Energy Potion"},{"floor":13,"key":"PowerPotion"}],"is_trial":false,"path_per_floor":["M","?","M","?","$","E","R","E","T","$","M","M","M","M","R","B",null,"M","$","M","$","?","R","M","E","T","R","M","M","M"],"character_chosen":"HUNTRESS","items_purchased":["DemoMod:GnawedKey","DemoMod:Bottle","Strange Spoon","Bronze Scales","DemoMod:FullFirepower","DemoMod:BalloonGun","DemoMod:GunShield","DemoMod:WhiteGuonStone","War Paint","Kunai","Toxic Egg 2","DemoMod:HungryBullets","DemoMod:Gungine","DemoMod:SilverBullets","DemoMod:SerJunkan","OrangePellets","DemoMod:GunShield+1"],"campfire_rested":2,"item_purchase_floors":[5,5,5,5,5,5,5,10,10,19,19,19,19,21,21,21,21],"current_hp_per_floor":[62,62,51,51,51,27,48,39,39,54,49,32,37,36,36,13,70,65,70,62,70,70,70,68,68,70,70,13,13,0,0],"gold":269,"neow_bonus":"","is_daily":false,"chose_seed":false,"campfire_upgraded":1,"win_rate":0.0,"timestamp":1609415334,"path_taken":["M","?","M","?","$","E","R","E","T","?","M","M","M","M","R","BOSS","M","$","?","$","?","R","M","E","T","R","M","M","M"],"items_purchased_type":["Relic","Relic","Relic","Relic","Card","Card","Card","Relic","Relic","Relic","Relic","Card","Card","Relic","Relic","Relic","Card"],"build_version":"2020-12-22","purchased_purges":4,"victory":false,"max_hp_per_floor":[70,70,70,70,70,70,70,70,70,70,70,70,70,70,70,70,70,70,70,70,70,70,70,70,70,70,70,70,70,70,70],"card_choices":[{"not_picked":["CrumblingArmor","FairyFestival"],"picked":"RedShoes","floor":1},{"not_picked":["DemoMod:SpreadAmmo","DemoMod:AbyssalTentacle"],"picked":"DemoMod:MegaHand","floor":1},{"not_picked":["DemoMod:DoubleSwitch","DemoMod:Casey"],"picked":"DemoMod:TeaPot","floor":3},{"not_picked":["DemoMod:MachoBrace","DemoMod:BattleInHaste"],"picked":"DemoMod:ConditionalReflex","floor":3},{"not_picked":["ShyLook","CrumblingArmor"],"picked":"VoidDream","floor":6},{"not_picked":["DemoMod:SAA","DemoMod:Polaris"],"picked":"DemoMod:TableSutra","floor":6},{"not_picked":["BigBird","Wellcheers"],"picked":"CherryBlossoms","floor":8},{"not_picked":["DemoMod:Ejector","DemoMod:DoubleSwitch","DemoMod:Replace"],"picked":"SKIP","floor":8},{"not_picked":["DemoMod:LifeOrb","DemoMod:DirectionalPad"],"picked":"DemoMod:ProbeStrike","floor":11},{"not_picked":["ShyLook","Murderer"],"picked":"UniverseFragment","floor":12},{"not_picked":["DemoMod:DirectionalPad","DemoMod:PotionOfGunFriendShip","DemoMod:DoubleSwitch"],"picked":"SKIP","floor":12},{"not_picked":["DemoMod:Unity","DemoMod:SAA","DemoMod:ShadowBullets"],"picked":"SKIP","floor":13},{"not_picked":["DemoMod:Evolver","DemoMod:SAA","DemoMod:Camera"],"picked":"SKIP","floor":13},{"not_picked":["DemoMod:LifeOrb","DemoMod:CombinedRifle","DemoMod:DirectionalPad"],"picked":"SKIP","floor":14},{"not_picked":["DemoMod:LifeOrb","DemoMod:DirectionalPad"],"picked":"DemoMod:CombinedRifle","floor":14},{"not_picked":["DemoMod:Slinger","DemoMod:BlackHoleGun"],"picked":"DemoMod:Eureka","floor":16},{"not_picked":["DemoMod:BattleInHaste","DemoMod:GunstockTap"],"picked":"DemoMod:FortunesFavor+1","floor":18},{"not_picked":["Murderer","CherryBlossoms"],"picked":"LaLuna","floor":20},{"not_picked":["DemoMod:StrategicReserve+1","DemoMod:ZorGun"],"picked":"DemoMod:FinishedGun","floor":20},{"not_picked":["DemoMod:EasyReloadBullets","DemoMod:SAA","DemoMod:MachoBrace+1"],"picked":"SKIP","floor":24},{"not_picked":["DemoMod:GunstockTap+1","DemoMod:DirectionalPad+1","DemoMod:ChanceBullets+1"],"picked":"SKIP","floor":25},{"not_picked":["DemoMod:HuntsMan+1","DemoMod:DirectionalPad"],"picked":"DemoMod:BattleInHaste+1","floor":28},{"not_picked":["DemoMod:JK47","DemoMod:TeaPot+1","DemoMod:FeignSurrender+1"],"picked":"SKIP","floor":29}],"player_experience":224556,"relics_obtained":[{"floor":6,"key":"Letter Opener"},{"floor":8,"key":"ats:Originium"},{"floor":8,"key":"HollowMod:PaleOreRelic"},{"floor":9,"key":"MealTicket"},{"floor":25,"key":"DemoMod:Junk"},{"floor":25,"key":"Shuriken"},{"floor":29,"key":"Ornamental Fan"}],"event_choices":[{"cards_removed":["DemoMod:Strike_Huntress"],"damage_healed":0,"gold_gain":0,"player_choice":"Card Removal","damage_taken":0,"max_hp_gain":0,"max_hp_loss":0,"event_name":"The Cleric","floor":2,"gold_loss":50},{"damage_healed":0,"gold_gain":0,"player_choice":"Ignored","damage_taken":0,"max_hp_gain":0,"max_hp_loss":0,"event_name":"Ghosts","floor":22,"gold_loss":0}],"is_beta":false,"boss_relics":[{"not_picked":["SlaversCollar","Sozu"],"picked":"Fusion Hammer"}],"items_purged_floors":[5,10,19,21],"is_endless":false,"potions_floor_spawned":[11,12,13,16,24,28],"killed_by":"DemoMod:Veteran_shot_gun_kin_and_blue_shotgun_kin_with_gunsinger","ascension_level":2}}