{"host":"w3x3n9s6mrz4xpf0","time":1609441191,"event":{"mods":["BaseMod","Minty Spire (QoL Compilation)","StSLib","SuperFastMode"],"gold_per_floor":[115,115,130,147,147,147,178,178,229,239,239,239,268,296,296,394,394,406,406,406,331,342,373,373,404,477,504,504,519,186,199,199,295,295,312,332,382,399,450,450,461,487,563,598,617,643,117,129,129,129],"floor_reached":51,"playtime":2227,"items_purged":["Strike_G","Strike_G","Endless Agony+1"],"score":1475,"play_id":"07369b65-526d-462b-bc9c-2264e689c385","local_time":"20210101035951","is_ascension_mode":true,"campfire_choices":[{"data":"Terror","floor":6.0,"key":"SMITH"},{"data":"Neutralize","floor":11.0,"key":"SMITH"},{"floor":15.0,"key":"RECALL"},{"data":"Phantasmal Killer","floor":24,"key":"SMITH"},{"data":"Acrobatics","floor":28,"key":"SMITH"},{"data":"Purity","floor":32,"key":"SMITH"},{"floor":40,"key":"REST"},{"floor":49,"key":"REST"}],"circlet_count":0,"master_deck":["AscendersBane","Defend_G+1","Defend_G+1","Defend_G","Survivor","Neutralize+1","Dash+1","Heel Hook+1","Terror+1","Phantasmal Killer+1","Acrobatics+1","Necronomicurse","Purity+1","WheelKick+1","Reprogram+1"],"relics":["Astrolabe","WarpedTongs","Bag of Preparation","Blue Candle","Art of War","Bottled Lightning","Odd Mushroom","Orichalcum","Sozu","Necronomicon","MealTicket","Mummified Hand","HornCleat","Regal Pillow","PrismaticShard","Empty Cage","StoneCalendar","Potion Belt","Shuriken","War Paint","Pen Nib","Sling","Singing Bowl"],"acts_visited":["Exordium","TheCity","TheBeyond"],"potions_floor_usage":[16,23],"damage_taken":[{"damage":0.0,"enemies":"Small Slimes","floor":1.0,"turns":3.0},{"damage":4.0,"enemies":"Cultist","floor":3.0,"turns":4.0},{"damage":1.0,"enemies":"2 Louse","floor":4.0,"turns":3.0},{"damage":4.0,"enemies":"3 Sentries","floor":7.0,"turns":10.0},{"damage":0.0,"enemies":"Blue Slaver","floor":10.0,"turns":3.0},{"damage":0.0,"enemies":"The Mushroom Lair","floor":13.0,"turns":3.0},{"damage":0.0,"enemies":"Gremlin Nob","floor":14.0,"turns":3.0},{"damage":21,"enemies":"Slime Boss","floor":16,"turns":10},{"damage":0,"enemies":"3 Byrds","floor":18,"turns":5},{"damage":0,"enemies":"Spheric Guardian","floor":22,"turns":3},{"damage":17,"enemies":"Slavers","floor":23,"turns":7},{"damage":2,"enemies":"Gremlin Leader","floor":25,"turns":8},{"damage":0,"enemies":"Book of Stabbing","floor":27,"turns":4},{"damage":0,"enemies":"Snecko","floor":29,"turns":3},{"damage":0,"enemies":"Snake Plant","floor":31,"turns":2},{"damage":6,"enemies":"Automaton","floor":33,"turns":9},{"damage":6,"enemies":"3 Darklings","floor":35,"turns":3},{"damage":0,"enemies":"Orb Walker","floor":36,"turns":3},{"damage":0,"enemies":"Mind Bloom Boss Battle","floor":37,"turns":4},{"damage":29,"enemies":"3 Darklings","floor":38,"turns":6},{"damage":16,"enemies":"2 Orb Walkers","floor":39,"turns":5},{"damage":0,"enemies":"Sphere and 2 Shapes","floor":41,"turns":5},{"damage":3,"enemies":"Giant Head","floor":42,"turns":4},{"damage":12,"enemies":"Reptomancer","floor":44,"turns":5},{"damage":0,"enemies":"Transient","floor":45,"turns":5},{"damage":17,"enemies":"Nemesis","floor":46,"turns":5},{"damage":0,"enemies":"3 Darklings","floor":48,"turns":6},{"damage":28,"enemies":"Time Eater","floor":50,"turns":7}],"seed_played":"-7061704318457231676","potions_obtained":[{"floor":1.0,"key":"BlessingOfTheForge"},{"floor":7.0,"key":"Poison Potion"},{"floor":10.0,"key":"CunningPotion"}],"is_trial":false,"path_per_floor":["M","?","M","M","?","R","E","?","T","M","R","T","?","E","R","B",null,"M","?","?","$","M","E","R","E","T","E","R","M","$","M","R","B",null,"M","M","?","M","?","R","M","E","T","E","M","E","$","M","R","B",null],"character_chosen":"THE_SILENT","items_purchased":["PrismaticShard","Purity","Sling","Singing Bowl"],"campfire_rested":2,"item_purchase_floors":[30,30,47,47],"current_hp_per_floor":[63,63,59,58,58,58,54,54,54,54,54,54,54,54,54,33,61,61,61,45,45,45,28,28,26,26,26,26,26,41,41,41,35,61,55,55,55,26,10,46,46,43,43,31,31,14,29,31,67,39],"gold":129,"neow_bonus":"BOSS_RELIC","is_daily":false,"chose_seed":false,"campfire_upgraded":5,"win_rate":0.0,"timestamp":1609441191,"path_taken":["M","?","?","M","?","R","E","?","T","?","R","?","?","E","R","BOSS","M","?","?","$","M","E","R","E","T","E","R","M","?","M","R","BOSS","M","M","?","M","?","R","M","E","T","E","M","E","$","M","R","BOSS"],"items_purchased_type":["Relic","Card","Relic","Relic"],"build_version":"2020-12-22","purchased_purges":3,"victory":true,"max_hp_per_floor":[70,70,70,70,70,70,70,70,70,70,70,70,70,70,70,70,70,70,70,70,70,70,70,70,70,70,70,70,70,70,70,70,70,70,70,70,70,70,70,70,70,70,70,70,70,70,70,72,72,72],"card_choices":[{"not_picked":["Masterful Stab","Flying Knee","Dodge and Roll"],"picked":"SKIP","floor":1.0},{"not_picked":["Flying Knee","Leg Sweep","Accuracy"],"picked":"SKIP","floor":3.0},{"not_picked":["Prepared","Acrobatics"],"picked":"Terror","floor":4.0},{"not_picked":["Riddle With Holes","Reflex","Deadly Poison"],"picked":"SKIP","floor":7.0},{"not_picked":["Escape Plan","Setup","All Out Attack"],"picked":"SKIP","floor":10.0},{"not_picked":["PiercingWail","Quick Slash","Eviscerate"],"picked":"SKIP","floor":14.0},{"not_picked":["A Thousand Cuts","Glass Knife"],"picked":"Phantasmal Killer","floor":16},{"not_picked":["Sucker Punch","Outmaneuver"],"picked":"Acrobatics","floor":18},{"not_picked":["Quick Slash","Acrobatics+1","Poisoned Stab"],"picked":"SKIP","floor":22},{"not_picked":["Skewer","Underhanded Strike+1","Accuracy"],"picked":"SKIP","floor":23},{"not_picked":["Tools of the Trade","All Out Attack","Quick Slash"],"picked":"SKIP","floor":25},{"not_picked":["Underhanded Strike","Noxious Fumes","Eviscerate"],"picked":"SKIP","floor":27},{"not_picked":["Endless Agony","Backstab+1","Catalyst"],"picked":"SKIP","floor":29},{"not_picked":["Escape Plan","Cold Snap","Dagger Spray"],"picked":"SKIP","floor":31},{"not_picked":["True Grit","Anger","Underhanded Strike"],"picked":"SKIP","floor":35},{"not_picked":["Fusion","Acrobatics","Consume"],"picked":"SKIP","floor":36},{"not_picked":["Havoc","Feel No Pain","Dagger Throw"],"picked":"SKIP","floor":38},{"not_picked":["Fusion","Chill+1","Flying Knee"],"picked":"SKIP","floor":41},{"not_picked":["Die Die Die","Outmaneuver","Dark Embrace"],"picked":"SKIP","floor":42},{"not_picked":["Sweeping Beam","Demon Form"],"picked":"WheelKick+1","floor":44},{"not_picked":["ThirdEye","Whirlwind","Bane"],"picked":"SKIP","floor":45},{"not_picked":["Evaluate+1","Perfected Strike+1"],"picked":"Reprogram+1","floor":46},{"not_picked":["EmptyFist","Sanctity","Metallicize"],"picked":"Singing Bowl","floor":48}],"player_experience":87177,"relics_obtained":[{"floor":7.0,"key":"Bag of Preparation"},{"floor":9.0,"key":"Art of War"},{"floor":12.0,"key":"Bottled Lightning"},{"floor":13.0,"key":"Odd Mushroom"},{"floor":14.0,"key":"Orichalcum"},{"floor":20,"key":"Necronomicon"},{"floor":23,"key":"MealTicket"},{"floor":25,"key":"Mummified Hand"},{"floor":26,"key":"HornCleat"},{"floor":27,"key":"Regal Pillow"},{"floor":37,"key":"StoneCalendar"},{"floor":42,"key":"Potion Belt"},{"floor":43,"key":"Shuriken"},{"floor":44,"key":"War Paint"},{"floor":46,"key":"Pen Nib"}],"event_choices":[{"damage_healed":0.0,"max_hp_gain":0.0,"max_hp_loss":0.0,"gold_gain":0.0,"event_name":"Accursed Blacksmith","player_choice":"Rummage","floor":2.0,"gold_loss":0.0,"damage_taken":0.0,"relics_obtained":["WarpedTongs"],"cards_obtained":["Pain"]},{"cards_removed":["Pain"],"damage_healed":0.0,"max_hp_gain":0.0,"max_hp_loss":0.0,"gold_gain":0.0,"event_name":"Living Wall","player_choice":"Forget","floor":5.0,"gold_loss":0.0,"damage_taken":0.0},{"damage_healed":0.0,"max_hp_gain":0.0,"max_hp_loss":0.0,"gold_gain":0.0,"event_name":"WeMeetAgain","player_choice":"Gave Potion","floor":8.0,"gold_loss":0.0,"damage_taken":0.0,"relics_obtained":["Blue Candle"]},{"damage_healed":0.0,"max_hp_gain":0.0,"max_hp_loss":0.0,"gold_gain":0.0,"event_name":"Mushrooms","player_choice":"Fought Mushrooms","floor":13.0,"gold_loss":0.0,"damage_taken":0.0},{"damage_healed":0,"gold_gain":0,"player_choice":"Ignored","damage_taken":0,"max_hp_gain":0,"max_hp_loss":0,"event_name":"Vampires","floor":19,"gold_loss":0},{"damage_healed":0,"gold_gain":0,"player_choice":"Obtained Book","damage_taken":16,"max_hp_gain":0,"max_hp_loss":0,"event_name":"Cursed Tome","floor":20,"gold_loss":0},{"damage_healed":0,"gold_gain":0,"player_choice":"Fight","damage_taken":0,"max_hp_gain":0,"max_hp_loss":0,"event_name":"MindBloom","floor":37,"gold_loss":0},{"damage_healed":0,"gold_gain":0,"player_choice":"Fight","damage_taken":0,"max_hp_gain":0,"max_hp_loss":0,"event_name":"Mysterious Sphere","floor":39,"gold_loss":0}],"is_beta":false,"boss_relics":[{"not_picked":["Runic Pyramid","Snecko Eye"],"picked":"Sozu"},{"not_picked":["SlaversCollar","Busted Crown"],"picked":"Empty Cage"}],"items_purged_floors":[21,30,47],"is_endless":false,"potions_floor_spawned":[1,7,10,13,14,18,25,31,33,35,37,41,42,44,45],"ascension_level":12}}