{"host":"ifkniheryhug0h86","time":1609387128,"event":{"mods":["AchievementEnabler","BaseMod","Block Reminder","Colored Map","Colored Powertips","DeckTracker","Downfall","Googly Eyes","Highlight Path","Hubris","Infinite Spire","Minty Spire (QoL Compilation)","Quick Restart","Relic Sorter","Relic Stats","StSLib","The Construct","The Necromancer"],"gold_per_floor":[113,127,146,157,13,44,44,77,123,139,139,153,153,169,169,269,269,284,209,223,223,242,242,273,285,297,309,333,345,49,62,62,160,160,173,133,152,52,64,64,64],"floor_reached":40,"playtime":2595,"items_purged":["Strike_W","Defend_W"],"score":445,"play_id":"4b00f030-11b2-438c-9b64-0a7c14a276c9","local_time":"20201230225848","is_ascension_mode":false,"campfire_choices":[{"data":"Summon_Undead_Army","floor":7,"key":"SMITH"},{"floor":13,"key":"REST"},{"data":"Finger_Of_Death","floor":15,"key":"SMITH"},{"data":"Bone_Shift","floor":23,"key":"SMITH"},{"data":"Bone_Bullets","floor":25,"key":"SMITH"},{"floor":27,"key":"REST"},{"floor":32,"key":"REST"},{"data":"Summon_Undead_Army","floor":32,"key":"SMITH"}],"circlet_count":0,"master_deck":["Strike_W","Defend_W","Negative_Energy_Arrows","Bone_Wall","Negative_Energy_Mist","Bone_Armory","Finger_Of_Death+1","Bone_Shift+1","Finger_Of_Death","Blood_Whip","Summon_Undead_Army+1","Blood_for_Blood","Death_Knell","Shackles_Of_Pain","Negative_Energy_Shield","Summon_Vampire_Lady","Siphon_Strength+1","Life_Tap+1","Bone_Prison+1","Finger_Of_Death","Flesh_Made_Foul+1","Summon_Undead_Army+1","Blood_Whip","Bone_Bullets+1","Summon_Undead_Army+1","Panacea","Negative_Energy_Sphere","Bone_Spikes","Slay_Living+1","Detonate_Bones+1","Toxic_Smoke_Screen","Bone_Armor+1","Bones_to_Steel+1"],"relics":["Vampire_Amulet","Lantern","Bottled Flame","Ancient Tea Set","hubris:Potato","Astrolabe","MawBank","Unceasing Top","infinitespire:Magic Flask","construct:WeddingRing"],"acts_visited":["Exordium","TheCity","TheBeyond"],"potions_floor_usage":[6,16,33,40,40],"damage_taken":[{"damage":18,"enemies":"infinitespire:Voidling","floor":1,"turns":5},{"damage":0,"enemies":"2 Louse","floor":2,"turns":3},{"damage":0,"enemies":"Small Slimes","floor":3,"turns":3},{"damage":12,"enemies":"Looter","floor":4,"turns":4},{"damage":24,"enemies":"Gremlin Nob","floor":6,"turns":5},{"damage":19,"enemies":"Lagavulin","floor":8,"turns":6},{"damage":6,"enemies":"Red Slaver","floor":10,"turns":2},{"damage":16,"enemies":"2 Fungi Beasts","floor":12,"turns":3},{"damage":0,"enemies":"Lots of Slimes","floor":14,"turns":2},{"damage":7,"enemies":"The Guardian","floor":16,"turns":9},{"damage":10,"enemies":"3 Byrds","floor":18,"turns":5},{"damage":27,"enemies":"2 Thieves","floor":20,"turns":5},{"damage":17,"enemies":"Cultist and Chosen","floor":22,"turns":5},{"damage":50,"enemies":"Book of Stabbing","floor":24,"turns":6},{"damage":18,"enemies":"Centurion and Healer","floor":28,"turns":6},{"damage":9,"enemies":"Snake Plant","floor":31,"turns":4},{"damage":25,"enemies":"hubris:MusketHawk","floor":33,"turns":7},{"damage":15,"enemies":"Orb Walker","floor":35,"turns":4},{"damage":46,"enemies":"3 Shapes","floor":37,"turns":4},{"damage":42,"enemies":"Maw","floor":39,"turns":7},{"damage":22,"enemies":"Giant Head","floor":40,"turns":6}],"seed_played":"5687825092759986328","potions_obtained":[{"floor":4,"key":"champ:CounterPotion"},{"floor":8,"key":"SteroidPotion"},{"floor":10,"key":"ColorlessPotion"},{"floor":14,"key":"Dexterity Potion"},{"floor":16,"key":"PowerPotion"},{"floor":33,"key":"Explosive Potion"}],"is_trial":false,"path_per_floor":["M","M","M","M","$","E","R","E","T","M","?","M","R","M","R","B",null,"M","?","M","?","M","R","E","R","T","R","M","?","$","M","R","B",null,"M","?","M","$","M","E"],"character_chosen":"NECROMANCER","items_purchased":["Finger_Of_Death","Blood_Whip","infinitespire:Magic Flask","Bone_Spikes"],"campfire_rested":3,"item_purchase_floors":[5,5,30,30],"current_hp_per_floor":[73,77,81,71,71,49,49,32,32,28,25,13,37,47,47,42,82,81,81,64,64,51,51,15,15,15,39,40,40,40,36,60,46,82,78,78,38,38,13,0,0],"gold":64,"neow_bonus":"TEN_PERCENT_HP_BONUS","is_daily":false,"chose_seed":false,"campfire_upgraded":5,"win_rate":0.0,"timestamp":1609387128,"path_taken":["M","M","?","M","$","E","R","E","T","M","?","M","R","M","R","BOSS","M","?","M","?","?","R","E","R","T","R","M","?","$","M","R","BOSS","M","?","?","$","M","E"],"items_purchased_type":["Card","Card","Relic","Card"],"build_version":"2020-12-22","purchased_purges":2,"victory":false,"max_hp_per_floor":[82,82,82,82,82,82,82,82,82,82,82,82,82,82,82,82,82,82,82,82,82,82,82,82,82,82,82,82,82,82,82,82,82,82,82,82,82,82,82,82,82],"relic_stats":{"counters":[21,101],"Astrolabe":["Siphon_Strength","Life_Tap","Bone_Prison"],"MawBank":72,"obtain_stats":[{"Lantern":6,"Bottled Flame":8,"construct:WeddingRing":34,"Astrolabe":17,"Vampire_Amulet":0,"infinitespire:Magic Flask":30,"Ancient Tea Set":9,"MawBank":24,"hubris:Potato":11,"Unceasing Top":26},{"Lantern":5,"Bottled Flame":6,"construct:WeddingRing":17,"Astrolabe":10,"Vampire_Amulet":0,"infinitespire:Magic Flask":15,"Ancient Tea Set":6,"MawBank":14,"hubris:Potato":7,"Unceasing Top":14},{"Lantern":20,"Bottled Flame":26,"construct:WeddingRing":80,"Astrolabe":42,"Vampire_Amulet":0,"infinitespire:Magic Flask":69,"Ancient Tea Set":26,"MawBank":63,"hubris:Potato":28,"Unceasing Top":63}],"Unceasing Top":[6]},"card_choices":[{"not_picked":["Blood_Curse","Negative_Energy_Shield"],"picked":"Negative_Energy_Mist","floor":1},{"not_picked":["Bone_Bullets","Consume_Illness"],"picked":"Bone_Armory","floor":2},{"not_picked":["Negative_Energy_Shield","Negative_Energy_Mist"],"picked":"Finger_Of_Death","floor":3},{"not_picked":["Acid_Javelin","Blood_Magic"],"picked":"Bone_Shift","floor":4},{"not_picked":["Necromantic_Selection","Blood_Shield"],"picked":"Summon_Undead_Army","floor":6},{"not_picked":["Cloudkill","Scare"],"picked":"Blood_for_Blood","floor":8},{"not_picked":["Bone_Armor","Violent_Necrosis"],"picked":"Death_Knell","floor":10},{"not_picked":["Bone_Shift","Blood_for_Blood"],"picked":"Shackles_Of_Pain","floor":12},{"not_picked":["Spectral_Walk","Shackles_Of_Pain"],"picked":"Negative_Energy_Shield","floor":14},{"not_picked":["Blood_Magic","Detonate_Bones"],"picked":"Summon_Vampire_Lady","floor":16},{"not_picked":["Toxic_Smoke_Screen+1","Bone_Spikes"],"picked":"Finger_Of_Death","floor":18},{"not_picked":["Death_March_Dance","Negative_Energy_Shield+1"],"picked":"Flesh_Made_Foul+1","floor":20},{"not_picked":["Bone_Armor","Necromantic_Selection"],"picked":"Blood_Whip","floor":22},{"not_picked":["Shackles_Of_Pain","Spectral_Walk"],"picked":"Bone_Bullets","floor":24},{"not_picked":["Bone_Bullets","Cloudkill"],"picked":"Summon_Undead_Army","floor":28},{"not_picked":["Life_Tap","Corrupt"],"picked":"Slay_Living+1","floor":31},{"not_picked":["Hellfire","Reap_The_Weak"],"picked":"Detonate_Bones","floor":33},{"not_picked":["Consume_Illness","Finger_Of_Death+1"],"picked":"Toxic_Smoke_Screen","floor":35},{"not_picked":["Blood_Is_Power","Vampiric_Strike+1"],"picked":"Bone_Armor+1","floor":37},{"not_picked":["Negative_Energy_Shield","Bone_Armor"],"picked":"Bones_to_Steel+1","floor":39}],"player_experience":0,"relics_obtained":[{"floor":6,"key":"Lantern"},{"floor":8,"key":"Bottled Flame"},{"floor":9,"key":"Ancient Tea Set"},{"floor":24,"key":"MawBank"},{"floor":26,"key":"Unceasing Top"}],"event_choices":[{"damage_healed":0,"gold_gain":0,"player_choice":"Success","damage_taken":3,"relics_obtained":["hubris:Potato"],"max_hp_gain":0,"max_hp_loss":0,"event_name":"Scrap Ooze","floor":11,"gold_loss":0},{"cards_removed":["Defend_W"],"damage_healed":0,"gold_gain":0,"player_choice":"Gave Gold","damage_taken":0,"max_hp_gain":0,"max_hp_loss":0,"event_name":"Beggar","floor":19,"gold_loss":75},{"damage_healed":0,"gold_gain":0,"player_choice":"Copied","damage_taken":0,"max_hp_gain":0,"max_hp_loss":0,"event_name":"Duplicator","floor":21,"gold_loss":0,"cards_obtained":["Summon_Undead_Army"]},{"damage_healed":0,"gold_gain":0,"player_choice":"2 cards matched","damage_taken":0,"max_hp_gain":0,"max_hp_loss":0,"event_name":"Match and Keep!","floor":29,"gold_loss":0,"cards_obtained":["Panacea","Negative_Energy_Sphere"]},{"damage_healed":0,"gold_gain":0,"player_choice":"Upgrade","damage_taken":0,"max_hp_gain":0,"max_hp_loss":0,"event_name":"Designer","floor":36,"gold_loss":40,"cards_upgraded":["Detonate_Bones"]}],"is_beta":false,"boss_relics":[{"not_picked":["hubris:BlackHole","infinitespire:Cupcake"],"picked":"Astrolabe"},{"not_picked":["Snecko Eye","Busted Crown"],"picked":"construct:WeddingRing"}],"items_purged_floors":[5,38],"is_endless":false,"potions_floor_spawned":[4,8,10,14,16,18,20,33,39],"killed_by":"Giant Head","ascension_level":0}}