{"host":"6z6y4ky8uzsz1dpj","time":1609420674,"event":{"mods":["AchievementEnabler","BaseMod","BetterRewards","Challenge The Spire","Colored Map","Custom Start","Hubris","Mad Scientist","Minty Spire (QoL Compilation)","Quick Restart","Relic Stats","Replay The Spire","StSLib","The Jungle"],"gold_per_floor":[119,134,144,144,144,173,185,185,185,205,205,230,262,277,277,277,277],"floor_reached":16,"playtime":713,"items_purged":[],"score":137,"play_id":"4b3156ad-7d5b-4020-8e0f-215547ebe8db","local_time":"20201231081754","is_ascension_mode":false,"campfire_choices":[{"data":"MadScienceMod:LightOnFire","floor":8,"key":"SMITH"},{"floor":11,"key":"REST"},{"data":"MadScienceMod:OilDrum","floor":15,"key":"SMITH"}],"circlet_count":0,"master_deck":["MadScienceMod:Strike_MadScience","MadScienceMod:Strike_MadScience","MadScienceMod:Strike_MadScience","MadScienceMod:Strike_MadScience","MadScienceMod:Defend_MadScience","MadScienceMod:Defend_MadScience","MadScienceMod:Defend_MadScience","MadScienceMod:Defend_MadScience","MadScienceMod:PoweredStrike","MadScienceMod:HideBehindJunk","MadScienceMod:OilDrum","MadScienceMod:EnergyBarrier","MadScienceMod:ExtractOil","MadScienceMod:Strafe","MadScienceMod:LightOnFire+1","MadScienceMod:Weaponize","MadScienceMod:Refuel","MadScienceMod:RadioactiveSword","MadScienceMod:MechanicalClaw","MadScienceMod:OilDrum+1","MadScienceMod:OilDrum"],"relics":["MadScienceMod:FuelTank","CaptainsWheel","hubris:Icosahedron","Counterbalance","Lantern","Du-Vu Doll","Akabeko"],"acts_visited":["Exordium"],"potions_floor_usage":[13,16],"damage_taken":[{"damage":18,"enemies":"Jaw Worm","floor":1,"turns":8},{"damage":1,"enemies":"Small Slimes","floor":2,"turns":4},{"damage":5,"enemies":"2 Louse","floor":3,"turns":3},{"damage":26,"enemies":"3 Sentries","floor":6,"turns":13},{"damage":0,"enemies":"Blue Slaver","floor":7,"turns":5},{"damage":24,"enemies":"Lots of Slimes","floor":10,"turns":7},{"damage":12,"enemies":"Lagavulin","floor":13,"turns":2},{"damage":0,"enemies":"Gremlin Gang","floor":14,"turns":5},{"damage":14,"enemies":"Slime Boss","floor":16,"turns":8}],"seed_played":"445744573629686981","potions_obtained":[{"floor":2,"key":"SpeedPotion"},{"floor":6,"key":"Death Potion"},{"floor":10,"key":"Milkshake"}],"is_trial":false,"path_per_floor":["M","M","M","?","?","E","M","R","T","M","R","?","E","M","R","B"],"character_chosen":"MAD_SCIENTIST","items_purchased":["MadScienceMod:OilDrum","MadScienceMod:EnergyBarrier"],"campfire_rested":1,"item_purchase_floors":[0,0],"current_hp_per_floor":[57,56,51,51,56,30,30,30,30,6,30,30,18,18,18,4,4],"gold":277,"neow_bonus":"","is_daily":false,"chose_seed":false,"campfire_upgraded":2,"win_rate":0.0,"timestamp":1609420674,"path_taken":["M","M","M","?","?","E","M","R","T","M","R","?","E","M","R","BOSS"],"items_purchased_type":["Card","Card"],"build_version":"2020-12-22","purchased_purges":0,"victory":false,"max_hp_per_floor":[75,75,75,75,80,80,80,80,80,80,80,80,80,80,80,80,80],"relic_stats":{"counters":[33,179],"obtain_stats":[{"MadScienceMod:FuelTank":0,"Lantern":9,"Ginger":0,"Replay:Wanted Poster":34,"hubris:Icosahedron":4,"hubris:AstralHammer":0,"theJungle:BirthdayCakeSlice":20,"hubris:Stopwatch":34,"Philosopher\u0027s Stone":34,"Kunai":11,"Replay:Wax Seal":6,"Potion Belt":23,"Quantum Egg":0,"Replay:Grab Bag":34,"Astrolabe":34,"Counterbalance":6,"Oddly Smooth Stone":0,"Pen Nib":9,"Akabeko":13,"Peace Pipe":0,"Du-Vu Doll":12,"CaptainsWheel":0,"Ornamental Fan":26,"Simple Rune":29,"hubris:BundleOfHerbs":0,"Coffee Dripper":17,"theJungle:ParSnip":30},{"MadScienceMod:FuelTank":0,"Lantern":6,"Ginger":24,"Replay:Wanted Poster":21,"hubris:Icosahedron":9,"hubris:AstralHammer":0,"theJungle:BirthdayCakeSlice":16,"hubris:Stopwatch":21,"Philosopher\u0027s Stone":21,"Kunai":12,"Replay:Wax Seal":11,"Potion Belt":17,"Quantum Egg":7,"Replay:Grab Bag":21,"Astrolabe":21,"Counterbalance":28,"Oddly Smooth Stone":0,"Pen Nib":11,"Akabeko":31,"Peace Pipe":0,"Du-Vu Doll":30,"CaptainsWheel":24,"Ornamental Fan":18,"Simple Rune":19,"hubris:BundleOfHerbs":7,"Coffee Dripper":15,"theJungle:ParSnip":19},{"MadScienceMod:FuelTank":0,"Lantern":31,"Ginger":124,"Replay:Wanted Poster":109,"hubris:Icosahedron":43,"hubris:AstralHammer":0,"theJungle:BirthdayCakeSlice":82,"hubris:Stopwatch":109,"Philosopher\u0027s Stone":109,"Kunai":61,"Replay:Wax Seal":57,"Potion Belt":87,"Quantum Egg":36,"Replay:Grab Bag":109,"Astrolabe":109,"Counterbalance":152,"Oddly Smooth Stone":0,"Pen Nib":57,"Akabeko":166,"Peace Pipe":0,"Du-Vu Doll":164,"CaptainsWheel":124,"Ornamental Fan":90,"Simple Rune":96,"hubris:BundleOfHerbs":36,"Coffee Dripper":78,"theJungle:ParSnip":96}]},"card_choices":[{"not_picked":["MadScienceMod:NowOrNever","MadScienceMod:MakeOrBreak"],"picked":"MadScienceMod:ExtractOil","floor":1},{"not_picked":["MadScienceMod:TimeDilationField","MadScienceMod:AntimatterBomb"],"picked":"MadScienceMod:Strafe","floor":2},{"not_picked":["MadScienceMod:Refuel","MadScienceMod:Detonate"],"picked":"MadScienceMod:LightOnFire","floor":3},{"not_picked":["MadScienceMod:AntimatterBomb","MadScienceMod:Tune"],"picked":"MadScienceMod:Weaponize","floor":6},{"not_picked":["MadScienceMod:RecyclingStation","MadScienceMod:Detonate"],"picked":"MadScienceMod:Refuel","floor":7},{"not_picked":["MadScienceMod:Retarget","MadScienceMod:ImposingConstruct"],"picked":"MadScienceMod:RadioactiveSword","floor":10},{"not_picked":["MadScienceMod:OilDrum","MadScienceMod:FlexibleSpear"],"picked":"MadScienceMod:MechanicalClaw","floor":12},{"not_picked":["MadScienceMod:Poke","MadScienceMod:Inflate"],"picked":"MadScienceMod:OilDrum","floor":13},{"not_picked":["MadScienceMod:NowOrNever","MadScienceMod:GatherParts"],"picked":"MadScienceMod:OilDrum","floor":14}],"player_experience":220705,"relics_obtained":[{"floor":6,"key":"Counterbalance"},{"floor":9,"key":"Lantern"},{"floor":12,"key":"Du-Vu Doll"},{"floor":13,"key":"Akabeko"}],"event_choices":[{"damage_healed":0,"gold_gain":0,"player_choice":"Donut","damage_taken":0,"max_hp_gain":5,"max_hp_loss":0,"event_name":"Big Fish","floor":5,"gold_loss":0}],"is_beta":false,"boss_relics":[],"items_purged_floors":[],"is_endless":false,"potions_floor_spawned":[2,6,10],"killed_by":"Slime Boss","ascension_level":0}}