{"host":"dntw6kil9p09eemm","time":1609448962,"event":{"mods":["Alarm Clock","Aspiration","BaseMod","Downfall","Hermit","Hubris","Minty Spire (QoL Compilation)","Permanent Neow","Replay The Spire","Shop Mod","StSLib"],"gold_per_floor":[116,116,133,144,156,186,186,215,215,225,76,89,99,112,112,217,217,232,248,264,280,225,225,242,242,242,262,279,279,279,279,291,307,307,404,404,415,415,434,444,444,444,455,455,455,52,63,77,77,77,77,77,77,77],"floor_reached":52,"playtime":3690,"items_purged":["hexamod:Defend","hexamod:Defend"],"score":501,"play_id":"1855ad28-0626-42b7-b488-88fde310b746","local_time":"20210101060922","is_ascension_mode":false,"campfire_choices":[{"floor":7.0,"key":"REST"},{"data":"hexamod:Float","floor":15,"key":"SMITH"},{"floor":23,"key":"REST"},{"floor":25,"key":"REST"},{"data":"hexamod:FastForward","floor":31,"key":"SMITH"},{"floor":34,"key":"REST"},{"floor":42,"key":"REST"},{"data":"hexamod:Again","floor":44,"key":"SMITH"}],"circlet_count":0,"master_deck":["hexamod:Strike","hexamod:Strike","hexamod:Defend","hexamod:Sear","hexamod:Float+1","hexamod:FastForward+1","hexamod:PhantomFireball","hexamod:SuperheatedStrike","hexamod:FastForward+1","hexamod:GhostOfSpireFuture","hexamod:FirstSeal","hexamod:ExtraCrispy","hexamod:NecessarySacrifice+1","hexamod:GhostOfSpireFuture+1","hexamod:GhostOfSpirePast+1","hexamod:BurningTouch+1","hexamod:FastForward+1","hexamod:SpectralSpark","hexamod:StepThrough","hexamod:Again+1","hexamod:EmpoweredFlame","hexamod:ThermalTransfer","hexamod:VolcanoVisage","hexamod:PhantomFireball","hexamod:DynamicBlow","hexamod:SoulSteal+1","hexamod:ThermalTransfer+1","hexamod:PhantomFireball"],"relics":["hexamod:SpiritBrand","MerchantsRug","Astrolabe","hubris:PeanutButter","SlaversCollar","HornCleat","hexamod:JarOfFuel","Vajra"],"acts_visited":["Exordium","TheCity","TheBeyond"],"potions_floor_usage":[11,21,21,28,35,35,40,47,52],"damage_taken":[{"damage":0.0,"enemies":"Small Slimes","floor":1.0,"turns":3.0},{"damage":0.0,"enemies":"Cultist","floor":3.0,"turns":3.0},{"damage":1.0,"enemies":"2 Louse","floor":4.0,"turns":3.0},{"damage":0.0,"enemies":"Looter","floor":5.0,"turns":3.0},{"damage":10.0,"enemies":"3 Sentries","floor":6.0,"turns":10.0},{"damage":22,"enemies":"Lagavulin","floor":8,"turns":6},{"damage":1,"enemies":"2 Fungi Beasts","floor":10,"turns":4},{"damage":6,"enemies":"Exordium Wildlife","floor":12,"turns":4},{"damage":0,"enemies":"Exordium Thugs","floor":13,"turns":4},{"damage":6,"enemies":"Blue Slaver","floor":14,"turns":3},{"damage":23,"enemies":"The Guardian","floor":16,"turns":8},{"damage":25,"enemies":"2 Thieves","floor":18,"turns":4},{"damage":26,"enemies":"3 Byrds","floor":19,"turns":4},{"damage":2,"enemies":"3 Cultists","floor":20,"turns":5},{"damage":37,"enemies":"Cultist and Chosen","floor":21,"turns":6},{"damage":22,"enemies":"Snake Plant","floor":24,"turns":4},{"damage":8,"enemies":"3 Cultists","floor":27,"turns":5},{"damage":2,"enemies":"Shelled Parasite and Fungi","floor":28,"turns":6},{"damage":21,"enemies":"Sentry and Sphere","floor":32,"turns":6},{"damage":0,"enemies":"Cultist and Chosen","floor":33,"turns":6},{"damage":53,"enemies":"Automaton","floor":35,"turns":8},{"damage":2,"enemies":"3 Shapes","floor":37,"turns":5},{"damage":16,"enemies":"Orb Walker","floor":39,"turns":5},{"damage":34,"enemies":"Spire Growth","floor":40,"turns":5},{"damage":11,"enemies":"4 Shapes","floor":43,"turns":8},{"damage":39,"enemies":"Jaw Worm Horde","floor":47,"turns":5},{"damage":28,"enemies":"Transient","floor":48,"turns":5},{"damage":79,"enemies":"Time Eater","floor":52,"turns":9}],"seed_played":"-2512733337801629510","potions_obtained":[{"floor":3.0,"key":"Ancient Potion"},{"floor":4.0,"key":"Milkshake"},{"floor":10,"key":"EntropicBrew"},{"floor":14,"key":"LiquidMemories"},{"floor":18,"key":"PowerPotion"},{"floor":21,"key":"sneckomod:MuddlingPotion"},{"floor":24,"key":"Fire Potion"},{"floor":27,"key":"Energy Potion"},{"floor":32,"key":"Venom Potion"},{"floor":37,"key":"DistilledChaos"},{"floor":39,"key":"champ:CounterPotion"},{"floor":48,"key":"hexamod:DoubleChargePotion"}],"is_trial":false,"path_per_floor":["M","?","M","M","M","E","R","E","T","M","$","M","M","M","R","B",null,"M","M","M","M","$","R","M","R","T","M","M","PTL","PTL","R","M","M","R","B",null,"M","?","M","M","?","R","M","R","T","$","M","M","?","?","R","B"],"character_chosen":"THE_SPIRIT","items_purchased":["MerchantsRug","hexamod:PhantomFireball","hexamod:SuperheatedStrike","hexamod:FastForward","hexamod:GhostOfSpireFuture","hexamod:StepThrough","hexamod:JarOfFuel","Vajra"],"campfire_rested":5,"item_purchase_floors":[11,11,11,11,11,22,46,46],"current_hp_per_floor":[49,49,49,48,48,38,59,39,39,40,55,49,56,57,57,34,74,56,37,42,12,12,34,19,41,41,40,45,45,45,45,31,38,60,7,74,74,74,65,38,45,67,63,63,63,63,31,10,65,65,65,0,0,0],"gold":77,"neow_bonus":"ONE_RARE_RELIC","is_daily":false,"chose_seed":false,"campfire_upgraded":3,"win_rate":0.0,"timestamp":1609448962,"path_taken":["M","?","M","M","M","E","R","E","T","M","$","?","M","M","R","BOSS","M","?","M","M","$","R","M","R","T","M","M","PTL","PTL","R","?","M","R","BOSS","M","?","M","M","?","R","M","R","T","$","M","M","?","?","R","BOSS"],"items_purchased_type":["Relic","Card","Card","Card","Card","Card","Relic","Relic"],"build_version":"2020-12-22","purchased_purges":2,"victory":false,"max_hp_per_floor":[70,70,70,70,70,70,70,72,72,74,74,74,74,74,74,74,74,74,74,74,74,74,74,74,74,74,74,74,74,74,74,74,74,74,74,74,74,74,74,74,74,74,74,74,74,74,74,74,65,65,65,65,65,65],"card_choices":[{"not_picked":["hexamod:NightmareGuise","hexamod:Incineration"],"picked":"hexamod:FastForward","floor":1.0},{"not_picked":["hexamod:GhostShield","hexamod:ShieldOfDarkness","hexamod:RainOfEmbers"],"picked":"SKIP","floor":3.0},{"not_picked":["hexamod:GhostLash","hexamod:GhostShield","hexamod:BacktrackSmack"],"picked":"SKIP","floor":4.0},{"not_picked":["hexamod:HauntingEcho","hexamod:PowerFromBeyond","hexamod:EtherealExpedition"],"picked":"SKIP","floor":5.0},{"not_picked":["hexamod:PhantomCloak","hexamod:NightmareGuise","hexamod:ChargedBarrage"],"picked":"SKIP","floor":6.0},{"not_picked":["hexamod:HauntingEcho","hexamod:ChargedBarrage","hexamod:HeatShield"],"picked":"Singing Bowl","floor":8},{"not_picked":["hexamod:HeatMetal","hexamod:HauntingEcho","hexamod:Firestarter"],"picked":"Singing Bowl","floor":10},{"not_picked":["hexamod:NecessarySacrifice","hexamod:SwordOfDarkness"],"picked":"hexamod:FirstSeal","floor":12},{"not_picked":["hexamod:SwordOfDarkness","hexamod:SecondSeal"],"picked":"hexamod:ExtraCrispy","floor":13},{"not_picked":["hexamod:SwordOfDarkness","hexamod:HauntingEcho","hexamod:GhostLash"],"picked":"SKIP","floor":14},{"not_picked":["hexamod:HeatCrush","hexamod:ThirdSeal"],"picked":"hexamod:BurningTouch+1","floor":18},{"not_picked":["hexamod:NightmareGuise","hexamod:SkipABeat","hexamod:PhantomCloak"],"picked":"SKIP","floor":19},{"not_picked":["hexamod:ExtraCrispy+1","hexamod:SuperheatedStrike"],"picked":"hexamod:FastForward+1","floor":20},{"not_picked":["hexamod:GhostLash","hexamod:SpectersWail"],"picked":"hexamod:SpectralSpark","floor":21},{"not_picked":["hexamod:DynamicBlow","hexamod:GhostShield"],"picked":"hexamod:Again","floor":24},{"not_picked":["hexamod:BurningTouch+1","hexamod:SwordOfDarkness+1","hexamod:NightmareStrike"],"picked":"SKIP","floor":27},{"not_picked":["hexamod:RainOfEmbers+1","hexamod:Firestarter"],"picked":"hexamod:EmpoweredFlame","floor":28},{"not_picked":["hexamod:ThirdSeal","hexamod:CrushingStance"],"picked":"hexamod:ThermalTransfer","floor":32},{"not_picked":["hexamod:ThirdSeal","hexamod:BacktrackSmack","hexamod:Hexaguard+1"],"picked":"SKIP","floor":33},{"not_picked":["hexamod:UnlimitedPower","hexamod:CrushingStance"],"picked":"hexamod:VolcanoVisage","floor":35},{"not_picked":["hexamod:NightmareGuise+1","hexamod:RadiantFlame"],"picked":"hexamod:PhantomFireball","floor":37},{"not_picked":["hexamod:SwordOfDarkness+1","hexamod:HauntingEcho+1","hexamod:SpectersWail+1"],"picked":"SKIP","floor":39},{"not_picked":["hexamod:NightmareStrike+1","hexamod:GhostLash"],"picked":"hexamod:DynamicBlow","floor":40},{"not_picked":["hexamod:GhostLash+1","hexamod:ApocalypseNow"],"picked":"hexamod:SoulSteal+1","floor":43},{"not_picked":["hexamod:GhostShield","hexamod:RainOfEmbers"],"picked":"hexamod:ThermalTransfer+1","floor":47},{"not_picked":["hexamod:ExtraCrispy","hexamod:SecondSeal"],"picked":"hexamod:PhantomFireball","floor":48}],"player_experience":504462,"relics_obtained":[{"floor":6.0,"key":"Replay:Mystery Machine"},{"floor":8,"key":"Singing Bowl"},{"floor":9,"key":"MealTicket"},{"floor":26,"key":"hubris:PeanutButter"},{"floor":45,"key":"HornCleat"}],"event_choices":[{"damage_healed":0.0,"max_hp_gain":0.0,"max_hp_loss":0.0,"gold_gain":0.0,"event_name":"The Woman in Blue","player_choice":"Bought 0 Potions","floor":2.0,"gold_loss":0.0,"damage_taken":0.0},{"damage_healed":65,"gold_gain":0,"player_choice":"Heal","damage_taken":0,"max_hp_gain":0,"max_hp_loss":9,"event_name":"The Moai Head","floor":49,"gold_loss":0},{"damage_healed":0,"gold_gain":0,"player_choice":"Memory 1","damage_taken":0,"max_hp_gain":0,"max_hp_loss":0,"event_name":"SensoryStone","floor":50,"gold_loss":0}],"is_beta":false,"boss_relics":[{"not_picked":["Busted Crown","Runic Pyramid"],"picked":"Astrolabe"},{"not_picked":["Snecko Eye","aspiration:PoetsPen_weak"],"picked":"SlaversCollar"}],"items_purged_floors":[11,46],"is_endless":false,"potions_floor_spawned":[3,4,10,14,18,21,24,27,32,37,39,48],"killed_by":"Time Eater","ascension_level":0}}