{"host":"ephzq12rl18r5ewu","time":1609399561,"event":{"mods":["BaseMod","Minty Spire (QoL Compilation)"],"gold_per_floor":[114,129,129,18,33,33,48,48,73,88,118,133,133,148,148,148,148],"floor_reached":16,"playtime":1014,"items_purged":[],"score":104,"play_id":"c67bfddd-f466-454c-ad81-660e58fad142","local_time":"20201230232601","daily_mods":["Heirloom","Time Dilation","Lethality"],"is_ascension_mode":false,"campfire_choices":[{"data":"Static Discharge","floor":6,"key":"SMITH"},{"data":"Double Energy","floor":8,"key":"SMITH"},{"data":"Multi-Cast","floor":13,"key":"SMITH"},{"floor":15,"key":"REST"}],"circlet_count":0,"master_deck":["Strike_B","Strike_B","Strike_B","Strike_B","Defend_B","Defend_B","Defend_B","Zap","Dualcast","Turbo","Aggregate","Static Discharge+1","Sunder","Steam Power","Double Energy+1","Chaos","Rebound","Multi-Cast+1","Barrage"],"relics":["Cracked Core","WingedGreaves","Oddly Smooth Stone","Akabeko"],"acts_visited":["Exordium"],"potions_floor_usage":[7,12,16,16],"damage_taken":[{"damage":0,"enemies":"Cultist","floor":1,"turns":2},{"damage":0,"enemies":"2 Louse","floor":2,"turns":2},{"damage":14,"enemies":"Jaw Worm","floor":5,"turns":3},{"damage":2,"enemies":"Exordium Thugs","floor":7,"turns":2},{"damage":0,"enemies":"Blue Slaver","floor":10,"turns":1},{"damage":20,"enemies":"3 Sentries","floor":11,"turns":5},{"damage":8,"enemies":"Exordium Wildlife","floor":12,"turns":2},{"damage":11,"enemies":"Large Slime","floor":14,"turns":4},{"damage":42,"enemies":"Hexaghost","floor":16,"turns":2}],"seed_played":"-5051420239723459148","potions_obtained":[{"floor":1,"key":"SkillPotion"},{"floor":5,"key":"Energy Potion"},{"floor":7,"key":"LiquidBronze"},{"floor":12,"key":"LiquidBronze"}],"is_trial":false,"path_per_floor":["M","M","?","$","M","R","M","R","T","M","E","M","R","M","R","B"],"character_chosen":"DEFECT","items_purchased":["Static Discharge","Sunder"],"campfire_rested":1,"item_purchase_floors":[4,4],"current_hp_per_floor":[75,75,75,75,61,61,59,59,59,59,39,31,31,20,42,0,0],"gold":148,"neow_bonus":"","is_daily":true,"chose_seed":false,"campfire_upgraded":3,"win_rate":0.0,"timestamp":1609399561,"path_taken":["M","?","?","$","?","R","M","R","T","M","E","M","R","M","R","BOSS"],"items_purchased_type":["Card","Card"],"build_version":"2020-12-22","purchased_purges":0,"victory":false,"max_hp_per_floor":[75,75,75,75,75,75,75,75,75,75,75,75,75,75,75,75,75],"card_choices":[{"not_picked":["Sweeping Beam","Skim"],"picked":"Turbo","floor":1},{"not_picked":["Darkness","Go for the Eyes"],"picked":"Aggregate","floor":2},{"not_picked":["Lockon","Compile Driver"],"picked":"Steam Power","floor":5},{"not_picked":["Sweeping Beam","Hologram"],"picked":"Double Energy","floor":7},{"not_picked":["Conserve Battery","Stack"],"picked":"Chaos","floor":10},{"not_picked":["Melter","Go for the Eyes"],"picked":"Rebound","floor":11},{"not_picked":["Conserve Battery","Coolheaded"],"picked":"Multi-Cast","floor":12},{"not_picked":["Rip and Tear","Go for the Eyes"],"picked":"Barrage","floor":14}],"player_experience":1190317,"relics_obtained":[{"floor":9,"key":"Oddly Smooth Stone"},{"floor":11,"key":"Akabeko"}],"event_choices":[{"cards_removed":["Defend_B"],"damage_healed":0,"gold_gain":0,"player_choice":"Offered Basic","damage_taken":0,"max_hp_gain":0,"max_hp_loss":0,"event_name":"Bonfire Elementals","floor":3,"gold_loss":0}],"is_beta":false,"boss_relics":[],"items_purged_floors":[],"is_endless":false,"potions_floor_spawned":[1,5,7,12],"killed_by":"Hexaghost","ascension_level":0}}