{"host":"0e3sjn8nzeyxegex","time":1609440169,"event":{"mods":["Act Like it!","AlwaysNeverKeys","BaseMod","Better Altar","Better Note","Better Sensory Stone","Better Skull","Better Third Choice","Better Vampires","Colored Map","Friendly Minions","Minty Spire (QoL Compilation)","Permanent Neow","Quick Restart","StSLib","The Alterego","The Marked","Yakumo Yukari mod"],"gold_per_floor":[113,132,142,44,44,44,64,64,64,64,78,95,105,136,136,235,235,250,7,14,14,24,24,34,34,61,80,100,100,129,55,55,155,155,170,45,45,63,63,90,90,117,117,134,134,169,169,185,185,185],"floor_reached":51,"playtime":2706,"items_purged":["theMarked:Strike","theMarked:Strike","theMarked:Strike"],"score":834,"play_id":"9917b6ba-cc05-492e-b020-6ececbf16439","local_time":"20201231134249","is_ascension_mode":false,"campfire_choices":[{"data":"theMarked:Overcharge","floor":6.0,"key":"SMITH"},{"data":"theMarked:Static","floor":8.0,"key":"SMITH"},{"data":"theMarked:ComboAttacks","floor":10.0,"key":"SMITH"},{"data":"theMarked:ReduceFriction","floor":15.0,"key":"SMITH"},{"data":"theMarked:ResourceFulStrike","floor":23,"key":"SMITH"},{"data":"theMarked:WardOff","floor":25,"key":"SMITH"},{"floor":29,"key":"REST"},{"floor":32,"key":"REST"},{"data":"theMarked:Levitate","floor":41,"key":"SMITH"},{"floor":45,"key":"REST"},{"floor":49,"key":"REST"}],"circlet_count":0,"master_deck":["theMarked:Defend","theMarked:Defend","theMarked:Defend","theMarked:SoldierOfQuellstein+1","theMarked:Overcharge+1","theMarked:ComboAttacks+1","theMarked:WardOff+1","theMarked:ResourceFulStrike+1","theMarked:Static+1","theMarked:ReduceFriction+1","theMarked:BindingBlade","theMarked:ElementalBlade+1","theMarked:Reabsorb+1","theMarked:BanishingStrike+1","theMarked:FavorableWinds","theMarked:TwofoldDefense+1","theMarked:HeritageOfTheMarked+1","theMarked:EnhancedHearing+1","theMarked:Levitate+1","theMarked:GodGivenPower+1","theMarked:Static+1","theMarked:Electrocute+1","theMarked:SummonStrength+1","theMarked:Static+1"],"relics":["theMarked:ArtifactOfAir","Singing Bowl","Sundial","Astrolabe","Bag of Preparation","Orichalcum","Frozen Egg 2","Runic Dome","Smiling Mask","Akabeko","Blood Vial","Question Card"],"acts_visited":["Exordium","TheCity","TheBeyond"],"potions_floor_usage":[20,30,44,48,50,50],"damage_taken":[{"damage":1.0,"enemies":"Cultist","floor":1.0,"turns":3.0},{"damage":1.0,"enemies":"Jaw Worm","floor":2.0,"turns":3.0},{"damage":0.0,"enemies":"2 Louse","floor":3.0,"turns":3.0},{"damage":3.0,"enemies":"2 Fungi Beasts","floor":7.0,"turns":3.0},{"damage":3.0,"enemies":"Exordium Thugs","floor":11.0,"turns":3.0},{"damage":2.0,"enemies":"Blue Slaver","floor":12.0,"turns":3.0},{"damage":5.0,"enemies":"Looter","floor":13.0,"turns":3.0},{"damage":0.0,"enemies":"Gremlin Nob","floor":14.0,"turns":2.0},{"damage":9.0,"enemies":"The Guardian","floor":16.0,"turns":7.0},{"damage":0.0,"enemies":"Chosen","floor":18.0,"turns":3.0},{"damage":16,"enemies":"2 Thieves","floor":20,"turns":5},{"damage":13,"enemies":"Snake Plant","floor":22,"turns":2},{"damage":0,"enemies":"Snecko","floor":24,"turns":4},{"damage":11,"enemies":"Shelled Parasite and Fungi","floor":27,"turns":3},{"damage":31,"enemies":"3 Cultists","floor":28,"turns":6},{"damage":21,"enemies":"Book of Stabbing","floor":30,"turns":3},{"damage":15,"enemies":"Automaton","floor":33,"turns":6},{"damage":3,"enemies":"3 Shapes","floor":35,"turns":4},{"damage":8,"enemies":"Orb Walker","floor":38,"turns":4},{"damage":4,"enemies":"Giant Head","floor":40,"turns":4},{"damage":53,"enemies":"Reptomancer","floor":42,"turns":4},{"damage":0,"enemies":"Sphere and 2 Shapes","floor":44,"turns":4},{"damage":8,"enemies":"Giant Head","floor":46,"turns":4},{"damage":38,"enemies":"Jaw Worm Horde","floor":48,"turns":3},{"damage":46,"enemies":"Time Eater","floor":50,"turns":5}],"seed_played":"3173549260507129091","potions_obtained":[{"floor":1.0,"key":"theMarked:SummonPotion"},{"floor":7.0,"key":"ColorlessPotion"},{"floor":14.0,"key":"Strength Potion"},{"floor":24,"key":"FearPotion"},{"floor":28,"key":"SpeedPotion"},{"floor":30,"key":"LiquidMemories"},{"floor":33,"key":"Weak Potion"},{"floor":40,"key":"Dexterity Potion"},{"floor":48,"key":"Fruit Juice"}],"is_trial":false,"path_per_floor":["M","M","M","$","?","R","M","R","T","R","M","M","M","E","R","B",null,"M","$","M","?","M","R","M","R","T","M","M","R","E","$","R","B",null,"M","$","?","M","?","E","R","E","T","M","R","E","?","M","R","B",null],"character_chosen":"THE_DEFAULT","items_purchased":["theMarked:ResourceFulStrike","Bag of Preparation","theMarked:EnhancedHearing+1"],"campfire_rested":4,"item_purchase_floors":[4,19,31],"current_hp_per_floor":[69,68,68,68,73,73,70,70,70,70,69,67,64,64,64,55,79,81,81,65,69,58,58,60,60,60,49,20,46,25,25,51,36,87,84,84,83,75,75,73,73,20,20,24,50,44,97,64,94,50],"gold":185,"neow_bonus":"UPGRADE_CARD","is_daily":false,"chose_seed":false,"campfire_upgraded":7,"win_rate":0.0,"timestamp":1609440169,"path_taken":["M","M","M","$","?","R","M","R","T","R","M","M","M","E","R","BOSS","M","$","M","?","M","R","M","R","T","M","M","R","E","$","R","BOSS","M","$","?","M","?","E","R","E","T","?","R","E","?","M","R","BOSS"],"items_purchased_type":["Card","Relic","Card"],"build_version":"2020-12-22","purchased_purges":3,"victory":true,"max_hp_per_floor":[70,70,70,70,75,75,75,75,75,75,77,77,79,79,79,79,79,81,81,81,81,83,83,85,85,85,85,87,87,87,87,87,87,87,87,87,83,83,83,85,85,85,85,87,87,87,97,102,102,102],"card_choices":[{"not_picked":["theMarked:Indomitable","theMarked:TwofoldDefense"],"picked":"theMarked:Overcharge","floor":1.0},{"not_picked":["theMarked:WardOff","theMarked:DeterminationOfTheMarked"],"picked":"theMarked:ComboAttacks","floor":2.0},{"not_picked":["theMarked:ChainLightning","theMarked:KeepCalmAndFightOn"],"picked":"theMarked:WardOff","floor":3.0},{"not_picked":["theMarked:EnhancedHearing","theMarked:ChainLightning"],"picked":"theMarked:Static","floor":7.0},{"not_picked":["theMarked:TakeCover","theMarked:ContemptForTheProud","theMarked:Aftermath"],"picked":"Singing Bowl","floor":11.0},{"not_picked":["theMarked:Opportunist","theMarked:BanishingStrike"],"picked":"theMarked:ReduceFriction","floor":12.0},{"not_picked":["theMarked:EnhancedHearing","theMarked:Aftermath","theMarked:TwofoldDefense"],"picked":"Singing Bowl","floor":13.0},{"not_picked":["theMarked:BanishingStrike","theMarked:ComboAttacks"],"picked":"theMarked:BindingBlade","floor":14.0},{"not_picked":["theMarked:MagicAdept","theMarked:UnarmedFury"],"picked":"theMarked:Vacuum","floor":16.0},{"not_picked":["theMarked:Parry","theMarked:ChainLightning+1","theMarked:RepellingDischarge"],"picked":"Singing Bowl","floor":18.0},{"not_picked":["theMarked:WardOff","theMarked:CreepingChasm"],"picked":"theMarked:FavorableWinds","floor":20},{"not_picked":["theMarked:BanishingWave","theMarked:Aftermath","theMarked:KeepCalmAndFightOn+1"],"picked":"Singing Bowl","floor":22},{"not_picked":["theMarked:Standoff","theMarked:WastefulDefense","theMarked:TwofoldDefense"],"picked":"Singing Bowl","floor":24},{"not_picked":["theMarked:SelfDefenseTraining","theMarked:ParalyzingBlade"],"picked":"theMarked:TwofoldDefense+1","floor":27},{"not_picked":["theMarked:ChainLightning","theMarked:Parry","theMarked:ContemptForTheProud"],"picked":"Singing Bowl","floor":28},{"not_picked":["theMarked:Parkour","theMarked:Improvise"],"picked":"theMarked:HeritageOfTheMarked+1","floor":30},{"not_picked":["theMarked:ChannelForce","theMarked:UnarmedFury"],"picked":"theMarked:Levitate","floor":33},{"not_picked":["theMarked:ContemptForTheProud+1","theMarked:Parkour+1"],"picked":"theMarked:GodGivenPower+1","floor":35},{"not_picked":["theMarked:TakeCover","theMarked:ResourceFulStrike"],"picked":"theMarked:Static+1","floor":38},{"not_picked":["theMarked:Overthink","theMarked:SwordAndMagic","theMarked:HeightenedSenses"],"picked":"Singing Bowl","floor":40},{"not_picked":["theMarked:ElectricStrings+1","theMarked:Static"],"picked":"theMarked:Electrocute+1","floor":42},{"not_picked":["theMarked:Improvise","theMarked:Panic+1","theMarked:Aftermath"],"picked":"Singing Bowl","floor":44},{"not_picked":["theMarked:ResourceFulStrike","theMarked:Frustration"],"picked":"theMarked:SummonStrength+1","floor":46},{"not_picked":["theMarked:BanishingStrike","theMarked:Standoff+1","theMarked:SwordAndMagic+1"],"picked":"theMarked:Static+1","floor":48}],"player_experience":1153427,"relics_obtained":[{"floor":9.0,"key":"Singing Bowl"},{"floor":14.0,"key":"Sundial"},{"floor":26,"key":"Orichalcum"},{"floor":30,"key":"Frozen Egg 2"},{"floor":40,"key":"Smiling Mask"},{"floor":42,"key":"Akabeko"},{"floor":43,"key":"Blood Vial"},{"floor":46,"key":"Question Card"}],"event_choices":[{"damage_healed":0.0,"max_hp_gain":5.0,"max_hp_loss":0.0,"gold_gain":0.0,"event_name":"Big Fish","player_choice":"Donut","floor":5.0,"gold_loss":0.0,"damage_taken":0.0},{"damage_healed":4,"gold_gain":0,"player_choice":"LEAVE ","damage_taken":0,"relics_obtained":[],"max_hp_gain":0,"max_hp_loss":0,"event_name":"betterSkull:BetterSkull","floor":21,"gold_loss":0,"cards_upgraded":[]},{"damage_healed":0,"gold_gain":0,"player_choice":"Max HP","damage_taken":0,"max_hp_gain":0,"max_hp_loss":4,"event_name":"Winding Halls","floor":37,"gold_loss":0},{"damage_healed":0,"gold_gain":0,"player_choice":"Ignored","damage_taken":0,"max_hp_gain":0,"max_hp_loss":0,"event_name":"betterNote:BetterNote","floor":39,"gold_loss":0,"cards_obtained":["MentalFortress"]},{"cards_removed":["theMarked:Vacuum"],"damage_healed":43,"gold_gain":0,"player_choice":"Offered Rare","damage_taken":0,"max_hp_gain":10,"max_hp_loss":0,"event_name":"Bonfire Elementals","floor":47,"gold_loss":0}],"is_beta":false,"boss_relics":[{"not_picked":["Tiny House","theMarked:Eyepatch"],"picked":"Astrolabe"},{"not_picked":["Velvet Choker","SacredBark"],"picked":"Runic Dome"}],"items_purged_floors":[4,19,36],"is_endless":false,"potions_floor_spawned":[1,7,14,24,28,30,33,40,48],"ascension_level":0}}