{"host":"b0hh64pqctf46s8m","time":1609417429,"event":{"mods":["Act Like it!","Aspiration","BaseMod","Bestiary","Better Third Choice","CCEM","CapriCore","ChefMod","Conspire","Curses Come First","Displayed Cursed Tome","Dota2Spire","Downfall","Ekko","Elementarium","Fireblade Mod","Halation","Hallownest","Hermit","Hubris","Infinite Spire","Jess\u0027s Bottle","JesterMod","Jorbs\u0027s Wanderer Trilogy","Koishi","Kratos Character Expansion","Lobotomy","Luminous","Mari Mod (Legacy)","Mari\u0027s V1 Patch","Menagerie","Mimic Mod","Minty Spire (QoL Compilation)","Pale of the Ancients","Permanent Neow","Pikachu Mod","QueenMod","Random Character Button","Relic Sorter","Relic Stats","Replay The Spire","Robot Space Explorer","Shade Mod","StSLib","The Blue Laboratory","The Caster","The Dragon Tamer","The Hayseed","The Immortal","The Marked","TheLocksmith","TheSwordswoman","TheVacant","TheWitcher","Treasure Hunter","UnlockEverythingMod","Wandering Minibosses","vexMod","??????REMEMod"],"gold_per_floor":[113,132,132,147,97,97,110,110,110],"floor_reached":8,"playtime":517,"items_purged":[],"score":48,"play_id":"e5f25bad-f0bd-4d2e-ae72-e1251fe75590","local_time":"20201231042349","is_ascension_mode":false,"campfire_choices":[{"data":"Koishi:HauntingSlash","floor":6,"key":"SMITH"}],"circlet_count":0,"master_deck":["Koishi:BasicStrike","Koishi:BasicStrike","Koishi:BasicStrike","Koishi:BasicStrike","Koishi:BasicDefend","Koishi:BasicDefend","Koishi:BasicDefend","Koishi:BasicDefend","Koishi:Provoke","Koishi:HauntingSlash+1","RedShoes","Koishi:TraumaticStroke","Koishi:EmbryosDream","Koishi:PhantomStrike","Koishi:BloodcurdlingScream","Koishi:FidgetySnatcher"],"relics":["Koishi:ImaginaryFriend","REME_ComplimentaryCards","CogitoBucket","Hallownest:DreamNailRelic"],"acts_visited":["Hallownest:Greenpath"],"potions_floor_usage":[],"damage_taken":[{"damage":0,"enemies":"2_ Uuma","floor":1,"turns":8},{"damage":23,"enemies":"Hallownest:2_Tiktiks_and_1_Crawlid","floor":2,"turns":10},{"damage":4,"enemies":"Hallownest:2_MossCreeps","floor":4,"turns":9},{"damage":16,"enemies":"Hallownest:monsterFoolEater","floor":7,"turns":4},{"damage":37,"enemies":"Hallownest:eliteCrystalGuardian","floor":8,"turns":4}],"seed_played":"1123685713698332139","potions_obtained":[{"floor":2,"key":"blueLaboratory:TrueEctoplasm"},{"floor":7,"key":"blueLaboratory:RememoryPotion"}],"is_trial":false,"path_per_floor":["M","M","?","M","$","R","M","E"],"character_chosen":"KOISHI","items_purchased":["Koishi:BloodcurdlingScream"],"campfire_rested":0,"item_purchase_floors":[5],"current_hp_per_floor":[60,41,41,40,40,40,26,0,0],"gold":110,"neow_bonus":"","is_daily":false,"chose_seed":false,"campfire_upgraded":1,"win_rate":0.0,"timestamp":1609417429,"path_taken":["M","?","?","?","$","R","M","E"],"items_purchased_type":["Card"],"build_version":"2020-12-22","purchased_purges":0,"victory":false,"max_hp_per_floor":[60,60,60,60,60,60,60,60,60],"relic_stats":{"counters":[5,35],"obtain_stats":[{"CogitoBucket":0,"Hallownest:DreamNailRelic":3,"Koishi:ImaginaryFriend":0,"REME_ComplimentaryCards":0},{"CogitoBucket":0,"Hallownest:DreamNailRelic":2,"Koishi:ImaginaryFriend":0,"REME_ComplimentaryCards":0},{"CogitoBucket":0,"Hallownest:DreamNailRelic":18,"Koishi:ImaginaryFriend":0,"REME_ComplimentaryCards":0}]},"card_choices":[{"not_picked":["OldLady","CrumblingArmor"],"picked":"RedShoes","floor":1},{"not_picked":["Koishi:Jaunt","Koishi:ReleaseOfTheId"],"picked":"Koishi:TraumaticStroke","floor":1},{"not_picked":["Koishi:TerrifyingSpectre","Koishi:Vanish"],"picked":"Koishi:EmbryosDream","floor":2},{"not_picked":["Koishi:RorschachInDanmaku","Koishi:PhantomBarrier"],"picked":"Koishi:PhantomStrike","floor":4},{"not_picked":["Koishi:FleetingPhantom","Koishi:MindNumbingTerror"],"picked":"Koishi:FidgetySnatcher","floor":7}],"player_experience":1473624,"relics_obtained":[],"event_choices":[],"is_beta":false,"boss_relics":[],"items_purged_floors":[],"is_endless":false,"potions_floor_spawned":[2,7],"killed_by":"Hallownest:eliteCrystalGuardian","ascension_level":0}}