{"host":"lsq35p0sdkx2xifo","time":1609390456,"event":{"mods":["AchievementEnabler","BaseMod","Googly Eyes","Highlight Path","Minty Spire (QoL Compilation)","StSLib","The Senshi"],"gold_per_floor":[109,109,126,136,150,150,164,18,18,53,53,78,78,98,98,173,173,183,31,45,61,61,88,88,108,132,241,241,241,241],"floor_reached":29,"playtime":2390,"items_purged":["Strike_G","Defend_G"],"score":545,"play_id":"d2e3d57d-8e7c-4f84-8cbd-03e2df24b41a","local_time":"20201230205416","is_ascension_mode":true,"campfire_choices":[{"data":"Infinite Blades","floor":6,"key":"SMITH"},{"floor":11,"key":"REST"},{"data":"Accuracy","floor":13,"key":"SMITH"},{"data":"Blade Dance","floor":15,"key":"SMITH"},{"floor":24,"key":"REST"},{"floor":28,"key":"REST"}],"circlet_count":0,"master_deck":["AscendersBane","Strike_G","Strike_G","Strike_G","Strike_G","Defend_G","Defend_G","Defend_G","Survivor","Neutralize","Blade Dance+1","Infinite Blades+1","Deflect","Prepared","Accuracy+1","Backflip","Dodge and Roll","Bullet Time","Dagger Throw","Finisher","Corpse Explosion","Backflip","Blade Dance","Flying Knee","Acrobatics","Envenom","Blur"],"relics":["Ring of the Snake","FossilizedHelix","Kunai","theSenshi:SpiralHeartMoonRodRelic","SlaversCollar","Nilry\u0027s Codex","Prayer Wheel","CeramicFish","Ice Cream","StrikeDummy"],"acts_visited":["Exordium","TheCity"],"potions_floor_usage":[5,10,12,16,20,25,27],"damage_taken":[{"damage":12,"enemies":"2 Louse","floor":1,"turns":4},{"damage":1,"enemies":"Cultist","floor":3,"turns":3},{"damage":0,"enemies":"Jaw Worm","floor":4,"turns":3},{"damage":0,"enemies":"3 Louse","floor":5,"turns":1},{"damage":7,"enemies":"Large Slime","floor":7,"turns":6},{"damage":12,"enemies":"3 Sentries","floor":10,"turns":9},{"damage":0,"enemies":"Lagavulin","floor":12,"turns":8},{"damage":1,"enemies":"Exordium Thugs","floor":14,"turns":5},{"damage":0,"enemies":"Slime Boss","floor":16,"turns":7},{"damage":0,"enemies":"3 Byrds","floor":18,"turns":2},{"damage":0,"enemies":"Chosen","floor":20,"turns":4},{"damage":12,"enemies":"3 Cultists","floor":21,"turns":3},{"damage":24,"enemies":"Book of Stabbing","floor":23,"turns":5},{"damage":0,"enemies":"Sentry and Sphere","floor":25,"turns":3},{"damage":26,"enemies":"Colosseum Slavers","floor":27,"turns":3},{"damage":22,"enemies":"Colosseum Nobs","floor":27,"turns":3},{"damage":40,"enemies":"Snake Plant","floor":29,"turns":3}],"seed_played":"-7462164577639154789","potions_obtained":[{"floor":1,"key":"LiquidMemories"},{"floor":2,"key":"Explosive Potion"},{"floor":2,"key":"GhostInAJar"},{"floor":12,"key":"Fruit Juice"},{"floor":14,"key":"Strength Potion"},{"floor":18,"key":"FearPotion"},{"floor":23,"key":"LiquidMemories"},{"floor":25,"key":"LiquidBronze"}],"is_trial":false,"path_per_floor":["M","?","M","M","M","R","M","$","T","E","R","E","R","M","R","B",null,"M","$","M","M","?","E","R","M","T","?","R","M"],"character_chosen":"THE_SILENT","items_purchased":["Backflip","Dodge and Roll","Blade Dance"],"campfire_rested":3,"item_purchase_floors":[8,8,19],"current_hp_per_floor":[51,51,50,50,50,50,43,43,43,31,52,57,57,60,60,66,73,75,75,75,69,53,31,53,57,57,17,39,0,0],"gold":241,"neow_bonus":"REMOVE_CARD","is_daily":false,"chose_seed":false,"campfire_upgraded":3,"win_rate":0.0,"timestamp":1609390456,"path_taken":["M","?","M","M","M","R","?","?","T","E","R","E","R","M","R","BOSS","M","$","M","M","?","E","R","M","T","?","R","M"],"items_purchased_type":["Card","Card","Card"],"build_version":"2020-12-22","purchased_purges":2,"victory":false,"max_hp_per_floor":[70,70,70,70,70,70,70,70,70,70,70,75,75,75,75,75,75,75,75,75,75,75,75,75,75,75,75,75,75,75],"card_choices":[{"not_picked":["Bouncing Flask","Crippling Poison"],"picked":"Blade Dance","floor":1},{"not_picked":["Blade Dance","PiercingWail"],"picked":"Infinite Blades","floor":3},{"not_picked":["Dodge and Roll","Deadly Poison"],"picked":"Deflect","floor":4},{"not_picked":["Acrobatics","Outmaneuver"],"picked":"Prepared","floor":5},{"not_picked":["Bane","Deflect"],"picked":"Accuracy","floor":7},{"not_picked":["Cloak And Dagger","Dagger Spray"],"picked":"Bullet Time","floor":10},{"not_picked":["Crippling Poison","Leg Sweep"],"picked":"Dagger Throw","floor":12},{"not_picked":["Backflip","Caltrops"],"picked":"Finisher","floor":14},{"not_picked":["Doppelganger","Malaise"],"picked":"Corpse Explosion","floor":16},{"not_picked":["Expertise","Leg Sweep"],"picked":"Backflip","floor":18},{"not_picked":["Dash","Crippling Poison"],"picked":"Flying Knee","floor":20},{"not_picked":["Sucker Punch","Crippling Poison","PiercingWail"],"picked":"SKIP","floor":21},{"not_picked":["Heel Hook","All Out Attack"],"picked":"Acrobatics","floor":23},{"not_picked":["Calculated Gamble","Expertise"],"picked":"Envenom","floor":25},{"not_picked":["Acrobatics","Outmaneuver","Dodge and Roll"],"picked":"SKIP","floor":25},{"not_picked":["Cloak And Dagger","Prepared"],"picked":"Blur","floor":27}],"player_experience":1319896,"relics_obtained":[{"floor":9,"key":"FossilizedHelix"},{"floor":10,"key":"Kunai"},{"floor":12,"key":"theSenshi:SpiralHeartMoonRodRelic"},{"floor":22,"key":"Nilry\u0027s Codex"},{"floor":23,"key":"Prayer Wheel"},{"floor":26,"key":"CeramicFish"},{"floor":27,"key":"Ice Cream"},{"floor":27,"key":"StrikeDummy"}],"event_choices":[{"damage_healed":0,"gold_gain":0,"player_choice":"Got Potions","damage_taken":0,"max_hp_gain":0,"max_hp_loss":0,"event_name":"Lab","floor":2,"gold_loss":0},{"damage_healed":0,"gold_gain":0,"player_choice":"Obtained Book","damage_taken":16,"max_hp_gain":0,"max_hp_loss":0,"event_name":"Cursed Tome","floor":22,"gold_loss":0},{"damage_healed":0,"gold_gain":0,"player_choice":"Fight","damage_taken":0,"max_hp_gain":0,"max_hp_loss":0,"event_name":"Colosseum","floor":27,"gold_loss":0},{"damage_healed":0,"gold_gain":0,"player_choice":"Fought Nobs","damage_taken":0,"max_hp_gain":0,"max_hp_loss":0,"event_name":"Colosseum","floor":27,"gold_loss":0}],"is_beta":false,"boss_relics":[{"not_picked":["Ectoplasm","Pandora\u0027s Box"],"picked":"SlaversCollar"}],"items_purged_floors":[8,19],"is_endless":false,"potions_floor_spawned":[1,4,12,14,18,23,25,27],"killed_by":"Snake Plant","ascension_level":13}}