{"host":"t7mx8yfj1no5p62f","time":1609432367,"event":{"mods":["BaseMod","Colored Map","Colored Powertips","Minty Spire (QoL Compilation)","Relic Stats","StSLib"],"gold_per_floor":[111,123,273,116,116,143,143,163,186,217,217,247,247,272,272,349,349,360,360,372,385,385,385,404,443,443,443,481,349,349,58,58,140,140,168,179,29,45,1062,1099,448,786,786,786,804,804,351,374,374,374,374,374,374,1,37,37],"floor_reached":57,"playtime":3568,"items_purged":["Doubt","Strike_B","Strike_B","Strike_B","Normality","Normality","Defend_B"],"score":3169,"play_id":"cc0c2cd4-eed2-44ca-b148-8c475fbfb1c2","local_time":"20201231113247","is_ascension_mode":true,"campfire_choices":[{"data":"Buffer","floor":7.0,"key":"SMITH"},{"data":"Doom and Gloom","floor":11.0,"key":"SMITH"},{"data":"Coolheaded","floor":13.0,"key":"SMITH"},{"data":"Heatsinks","floor":15.0,"key":"SMITH"},{"data":"Self Repair","floor":23.0,"key":"SMITH"},{"data":"Turbo","floor":27,"key":"SMITH"},{"data":"Undo","floor":30,"key":"SMITH"},{"data":"Go for the Eyes","floor":32,"key":"SMITH"},{"data":"Creative AI","floor":44,"key":"SMITH"},{"floor":49,"key":"RECALL"},{"data":"Reinforced Body","floor":53,"key":"SMITH"}],"circlet_count":0,"master_deck":["AscendersBane","Strike_B","Defend_B","Defend_B","Defend_B+1","Zap+1","Dualcast","Streamline+1","Buffer+1","Doom and Gloom+1","Self Repair+1","Heatsinks+1","Echo Form","Glacier","Glacier","Go for the Eyes+1","Turbo+1","Conserve Battery","Undo+1","Creative AI+1","Force Field","Skim+1","Reinforced Body+1","Thinking Ahead","Thinking Ahead","Blizzard","Cold Snap+1","Defragment"],"relics":["Cracked Core","NeowsBlessing","War Paint","Art of War","Nunchaku","Bottled Tornado","Mercury Hourglass","Sozu","CeramicFish","HornCleat","Runic Capacitor","Coffee Dripper","MealTicket","OrangePellets","Turnip","Old Coin","Smiling Mask","Anchor","Chemical X","Bag of Preparation","HandDrill","Orichalcum"],"acts_visited":["Exordium","TheCity","TheBeyond","TheEnding"],"potions_floor_usage":[28,56],"damage_taken":[{"damage":0.0,"enemies":"2 Louse","floor":1.0,"turns":1.0},{"damage":0.0,"enemies":"Cultist","floor":2.0,"turns":1.0},{"damage":0.0,"enemies":"Gremlin Nob","floor":6.0,"turns":1.0},{"damage":2.0,"enemies":"Jaw Worm","floor":8.0,"turns":4.0},{"damage":0.0,"enemies":"Lagavulin","floor":10.0,"turns":5.0},{"damage":30.0,"enemies":"Gremlin Nob","floor":12.0,"turns":5.0},{"damage":0.0,"enemies":"Lagavulin","floor":14.0,"turns":6.0},{"damage":5.0,"enemies":"The Guardian","floor":16.0,"turns":10.0},{"damage":23.0,"enemies":"2 Thieves","floor":18.0,"turns":4.0},{"damage":0.0,"enemies":"Shell Parasite","floor":20.0,"turns":6.0},{"damage":0.0,"enemies":"Centurion and Healer","floor":21.0,"turns":7.0},{"damage":18.0,"enemies":"Snake Plant","floor":24.0,"turns":5.0},{"damage":49,"enemies":"Slavers","floor":25,"turns":6},{"damage":25,"enemies":"Book of Stabbing","floor":28,"turns":6},{"damage":0,"enemies":"Automaton","floor":33,"turns":16},{"damage":0,"enemies":"3 Shapes","floor":35,"turns":6},{"damage":0,"enemies":"Orb Walker","floor":36,"turns":3},{"damage":0,"enemies":"4 Shapes","floor":38,"turns":8},{"damage":57,"enemies":"Giant Head","floor":40,"turns":13},{"damage":0,"enemies":"Nemesis","floor":42,"turns":11},{"damage":0,"enemies":"Spire Growth","floor":48,"turns":6},{"damage":0,"enemies":"Donu and Deca","floor":50,"turns":11},{"damage":33,"enemies":"Awakened One","floor":51,"turns":45},{"damage":25,"enemies":"Shield and Spear","floor":55,"turns":9},{"damage":25,"enemies":"The Heart","floor":56,"turns":13}],"seed_played":"580932939581439381","potions_obtained":[{"floor":2.0,"key":"Weak Potion"},{"floor":10.0,"key":"Block Potion"},{"floor":12.0,"key":"Dexterity Potion"}],"is_trial":false,"path_per_floor":["M","M","?","$","?","E","R","M","T","E","R","E","R","E","R","B",null,"M","?","M","M","?","R","M","E","T","R","E","$","R","$","R","B",null,"M","M","$","M","?","E","$","E","T","R","?","?","$","M","R","B","B",null,"R","$","E","B",null],"character_chosen":"DEFECT","items_purchased":["Streamline","AttackPotion","Undo","Runic Capacitor","OrangePellets","Turnip","Anchor","Chemical X","Blizzard","Bag of Preparation","HandDrill"],"campfire_rested":0,"item_purchase_floors":[4,4,29,31,41,41,47,47,47,54,54],"current_hp_per_floor":[64,64,64,64,64,64,64,62,62,62,62,39,39,46,46,48,65,49,49,56,63,63,63,65,36,36,36,31,31,31,31,31,51,66,71,71,71,71,71,24,39,59,59,59,49,49,64,71,71,71,58,68,68,71,56,41],"gold":37,"neow_bonus":"THREE_ENEMY_KILL","is_daily":false,"chose_seed":false,"campfire_upgraded":10,"win_rate":0.0,"timestamp":1609432367,"path_taken":["M","M","?","$","?","E","R","M","T","E","R","E","R","E","R","BOSS","M","?","M","M","?","R","?","E","T","R","E","$","R","?","R","BOSS","M","M","?","?","?","E","$","E","T","R","?","?","$","M","R","BOSS","BOSS","R","$","E","BOSS"],"items_purchased_type":["Card","Potion","Card","Relic","Relic","Relic","Relic","Relic","Card","Relic","Relic"],"build_version":"2020-12-22","purchased_purges":7,"victory":true,"max_hp_per_floor":[71,71,71,71,71,71,71,71,71,71,71,71,71,71,71,71,71,71,71,71,71,71,71,71,71,71,71,71,71,71,71,71,71,71,71,71,71,71,71,71,71,71,71,71,71,71,71,71,71,71,71,71,71,71,71,71],"relic_stats":{"counters":[25,207],"CeramicFish":126,"Bag of Preparation":[4],"War Paint":["Zap","Defend_B"],"Orichalcum":[0],"Smiling Mask":325,"Mercury Hourglass":[652],"Sozu":7,"OrangePellets":[11],"Nunchaku":[25],"MealTicket":33,"Turnip":[2],"Art of War":[62],"HandDrill":[6],"Chemical X":[22],"obtain_stats":[{"NeowsBlessing":0,"CeramicFish":25,"Runic Capacitor":31,"Bag of Preparation":54,"War Paint":6,"Bottled Tornado":12,"Orichalcum":55,"Smiling Mask":43,"Mercury Hourglass":14,"Old Coin":42,"Sozu":17,"OrangePellets":41,"Nunchaku":10,"Anchor":47,"HornCleat":28,"MealTicket":40,"Turnip":41,"Art of War":9,"Coffee Dripper":34,"HandDrill":54,"Chemical X":47,"Cracked Core":0},{"NeowsBlessing":0,"CeramicFish":13,"Runic Capacitor":14,"Bag of Preparation":23,"War Paint":3,"Bottled Tornado":6,"Orichalcum":24,"Smiling Mask":20,"Mercury Hourglass":7,"Old Coin":20,"Sozu":8,"OrangePellets":19,"Nunchaku":5,"Anchor":20,"HornCleat":14,"MealTicket":19,"Turnip":19,"Art of War":4,"Coffee Dripper":15,"HandDrill":23,"Chemical X":20,"Cracked Core":0},{"NeowsBlessing":0,"CeramicFish":61,"Runic Capacitor":67,"Bag of Preparation":185,"War Paint":3,"Bottled Tornado":17,"Orichalcum":194,"Smiling Mask":123,"Mercury Hourglass":23,"Old Coin":123,"Sozu":33,"OrangePellets":112,"Nunchaku":12,"Anchor":123,"HornCleat":67,"MealTicket":112,"Turnip":112,"Art of War":7,"Coffee Dripper":83,"HandDrill":185,"Chemical X":123,"Cracked Core":0}]},"card_choices":[{"not_picked":["Turbo","Steam"],"picked":"Coolheaded","floor":1.0},{"not_picked":["Hologram","Turbo","Coolheaded"],"picked":"SKIP","floor":2.0},{"not_picked":["Consume","Coolheaded"],"picked":"Buffer","floor":6.0},{"not_picked":["Coolheaded","Steam"],"picked":"Doom and Gloom","floor":8.0},{"not_picked":["Steam","Stack"],"picked":"Self Repair","floor":10.0},{"not_picked":["Chaos","Go for the Eyes"],"picked":"Heatsinks","floor":12.0},{"not_picked":["Sweeping Beam","BootSequence","Redo"],"picked":"SKIP","floor":14.0},{"not_picked":["Thunder Strike","Seek"],"picked":"Echo Form","floor":16.0},{"not_picked":["Steam","Static Discharge"],"picked":"Glacier","floor":18.0},{"not_picked":["Stack","Reprogram"],"picked":"Glacier","floor":20.0},{"not_picked":["Leap","Stack"],"picked":"Go for the Eyes","floor":21.0},{"not_picked":["Lockon","Static Discharge","Compile Driver"],"picked":"SKIP","floor":24.0},{"not_picked":["Reinforced Body","Auto Shields+1"],"picked":"Turbo","floor":25},{"not_picked":["Gash","Core Surge"],"picked":"Conserve Battery","floor":28},{"not_picked":["Core Surge","Amplify"],"picked":"Creative AI","floor":33},{"not_picked":["Stack","Streamline+1"],"picked":"Force Field","floor":35},{"not_picked":["FTL","Stack","Chaos"],"picked":"SKIP","floor":36},{"not_picked":["Undo","Turbo","Steam"],"picked":"SKIP","floor":38},{"not_picked":["Ball Lightning","Steam"],"picked":"Skim+1","floor":40},{"not_picked":["Self Repair","Skim"],"picked":"Reinforced Body","floor":42},{"not_picked":["Transmutation","PanicButton"],"picked":"Thinking Ahead","floor":45},{"not_picked":["Forethought","Mayhem"],"picked":"Thinking Ahead","floor":45},{"not_picked":["Beam Cell","Barrage"],"picked":"Cold Snap+1","floor":48},{"not_picked":["Redo","Beam Cell"],"picked":"Defragment","floor":55}],"player_experience":1619303,"relics_obtained":[{"floor":6.0,"key":"War Paint"},{"floor":9.0,"key":"Art of War"},{"floor":10.0,"key":"Nunchaku"},{"floor":12.0,"key":"Bottled Tornado"},{"floor":14.0,"key":"Mercury Hourglass"},{"floor":25,"key":"CeramicFish"},{"floor":28,"key":"HornCleat"},{"floor":40,"key":"MealTicket"},{"floor":42,"key":"Old Coin"},{"floor":43,"key":"Smiling Mask"},{"floor":55,"key":"Orichalcum"}],"event_choices":[{"damage_healed":0.0,"max_hp_gain":0.0,"max_hp_loss":0.0,"gold_gain":150.0,"event_name":"Liars Game","player_choice":"AGREE","floor":3.0,"gold_loss":0.0,"damage_taken":0.0,"cards_obtained":["Doubt"]},{"damage_healed":0.0,"max_hp_gain":0.0,"max_hp_loss":0.0,"gold_gain":0.0,"event_name":"Upgrade Shrine","player_choice":"Upgraded","floor":5.0,"gold_loss":0.0,"damage_taken":0.0,"cards_upgraded":["Streamline"]},{"damage_healed":0.0,"max_hp_gain":0.0,"max_hp_loss":0.0,"gold_gain":0.0,"event_name":"Vampires","player_choice":"Ignored","floor":19.0,"gold_loss":0.0,"damage_taken":0.0},{"damage_healed":0.0,"max_hp_gain":0.0,"max_hp_loss":0.0,"gold_gain":0.0,"event_name":"Match and Keep!","player_choice":"0 cards matched","floor":22.0,"gold_loss":0.0,"damage_taken":0.0,"cards_obtained":[]},{"damage_healed":0,"gold_gain":999,"player_choice":"Gold","damage_taken":0,"max_hp_gain":0,"max_hp_loss":0,"event_name":"MindBloom","floor":39,"gold_loss":0,"cards_obtained":["Normality","Normality"]},{"damage_healed":0,"gold_gain":0,"player_choice":"Memory 3","damage_taken":10,"max_hp_gain":0,"max_hp_loss":0,"event_name":"SensoryStone","floor":45,"gold_loss":0},{"cards_removed":["Coolheaded"],"damage_healed":0,"gold_gain":0,"player_choice":"Removed Skill","damage_taken":0,"max_hp_gain":0,"max_hp_loss":0,"event_name":"Falling","floor":46,"gold_loss":0}],"is_beta":false,"boss_relics":[{"not_picked":["Inserter","Runic Dome"],"picked":"Sozu"},{"not_picked":["Philosopher\u0027s Stone","Empty Cage"],"picked":"Coffee Dripper"}],"items_purged_floors":[4,29,31,37,41,47,54],"is_endless":false,"potions_floor_spawned":[2,10,12,14,18,20,28,36,38,48,55],"ascension_level":20}}