{"host":"gttgmv2wah99hzdm","time":1609431928,"event":{"mods":["AchievementEnabler","BaseMod","Bestiary","Block Reminder","Filter the Spire","Minty Spire (QoL Compilation)","Relic Stats","ojb\u0027s Better Paths Mod","ojb\u0027s Info Mod"],"gold_per_floor":[162,16,91,91,21,53,53,80,80,80,93,123,170,201,201,303,303,319,319,42,42,58,58,58],"floor_reached":23,"playtime":1502,"items_purged":["Strike_R"],"score":333,"play_id":"386f2953-cabd-4486-9245-a4a8ad3e40b0","local_time":"20201231102528","is_ascension_mode":true,"campfire_choices":[{"data":"Sword Boomerang","floor":7.0,"key":"SMITH"},{"floor":10.0,"key":"REST"},{"data":"True Grit","floor":15.0,"key":"SMITH"}],"circlet_count":0,"master_deck":["Strike_R","Strike_R","Strike_R","Strike_R","Defend_R+1","Defend_R","Defend_R","Defend_R","Bash","Sword Boomerang+1","Pommel Strike","Body Slam","True Grit","True Grit+1","Entrench","Twin Strike","Shockwave","Impervious","Power Through+1","Shrug It Off+1"],"relics":["Tiny House","Brimstone","Regal Pillow","Pear","Blood Vial","Boot","Strawberry","Dream Catcher","Black Star","Oddly Smooth Stone"],"acts_visited":["Exordium","TheCity"],"potions_floor_usage":[],"damage_taken":[{"damage":13.0,"enemies":"Jaw Worm","floor":1.0,"turns":4.0},{"damage":10.0,"enemies":"Lagavulin","floor":6.0,"turns":5.0},{"damage":12.0,"enemies":"3 Sentries","floor":8.0,"turns":4.0},{"damage":3.0,"enemies":"2 Louse","floor":11.0,"turns":3.0},{"damage":0.0,"enemies":"Lagavulin","floor":14.0,"turns":4.0},{"damage":0.0,"enemies":"Slime Boss","floor":16.0,"turns":3.0},{"damage":21.0,"enemies":"2 Thieves","floor":18.0,"turns":4.0},{"damage":0.0,"enemies":"3 Byrds","floor":19.0,"turns":2.0},{"damage":25.0,"enemies":"Sentry and Sphere","floor":22.0,"turns":6.0},{"damage":66,"enemies":"Gremlin Leader","floor":23,"turns":5}],"seed_played":"154587345664180439","potions_obtained":[{"floor":0.0,"key":"DuplicationPotion"},{"floor":1.0,"key":"FearPotion"},{"floor":6.0,"key":"Fruit Juice"},{"floor":11.0,"key":"SmokeBomb"}],"is_trial":false,"path_per_floor":["M","$","?","?","$","E","R","E","T","R","M","?","T","E","R","B",null,"M","M","$","?","M","E"],"character_chosen":"IRONCLAD","items_purchased":["Brimstone","Body Slam","True Grit","Oddly Smooth Stone","Weak Potion"],"campfire_rested":1,"item_purchase_floors":[2,5,5,20,20],"current_hp_per_floor":[72,72,61,49,49,49,49,37,37,80,79,86,86,88,88,90,102,81,83,83,83,60,0,0],"gold":58,"neow_bonus":"BOSS_RELIC","is_daily":false,"chose_seed":false,"campfire_upgraded":2,"win_rate":0.0,"timestamp":1609431928,"path_taken":["M","$","?","?","$","E","R","E","T","R","M","?","?","E","R","BOSS","M","M","$","?","M","E"],"items_purchased_type":["Relic","Card","Card","Relic","Potion"],"build_version":"2020-12-22","purchased_purges":1,"victory":false,"max_hp_per_floor":[85,85,85,85,85,95,95,95,95,95,95,102,102,102,102,102,102,102,102,102,102,102,102,102],"relic_stats":{"Blood Vial":12,"Regal Pillow":15,"Dream Catcher":0,"counters":[10,40],"Black Star":0,"Boot":[11],"obtain_stats":[{"Blood Vial":8,"Regal Pillow":4,"Dream Catcher":14,"Tiny House":0,"Pear":6,"Brimstone":2,"Strawberry":12,"Oddly Smooth Stone":20,"Black Star":17,"Boot":9,"Burning Blood":0},{"Blood Vial":3,"Regal Pillow":1,"Dream Catcher":5,"Tiny House":0,"Pear":2,"Brimstone":1,"Strawberry":4,"Oddly Smooth Stone":8,"Black Star":6,"Boot":3,"Burning Blood":0},{"Blood Vial":13,"Regal Pillow":4,"Dream Catcher":20,"Tiny House":0,"Pear":9,"Brimstone":4,"Strawberry":16,"Oddly Smooth Stone":29,"Black Star":23,"Boot":13,"Burning Blood":0}]},"card_choices":[{"not_picked":["Second Wind","Warcry"],"picked":"Sword Boomerang","floor":0.0},{"not_picked":["Seeing Red","Flex"],"picked":"Pommel Strike","floor":1.0},{"not_picked":["Demon Form","Carnage"],"picked":"True Grit","floor":6.0},{"not_picked":["Carnage","Perfected Strike"],"picked":"Entrench","floor":8.0},{"not_picked":["Thunderclap","Reckless Charge"],"picked":"Twin Strike","floor":11.0},{"not_picked":["Power Through","Rage"],"picked":"Shockwave","floor":14.0},{"not_picked":["Fiend Fire","Immolate"],"picked":"Impervious","floor":16.0},{"not_picked":["True Grit","Pummel"],"picked":"Power Through+1","floor":18.0},{"not_picked":["Wild Strike+1","Dark Embrace"],"picked":"Shrug It Off+1","floor":22.0}],"player_experience":1047290,"relics_obtained":[{"floor":6.0,"key":"Pear"},{"floor":8.0,"key":"Blood Vial"},{"floor":9.0,"key":"Boot"},{"floor":14.0,"key":"Dream Catcher"}],"event_choices":[{"damage_healed":0.0,"max_hp_gain":0.0,"max_hp_loss":0.0,"gold_gain":75.0,"event_name":"World of Goop","player_choice":"Gather Gold","floor":3.0,"gold_loss":0.0,"damage_taken":11.0},{"damage_healed":0.0,"max_hp_gain":0.0,"max_hp_loss":0.0,"gold_gain":0.0,"event_name":"Scrap Ooze","player_choice":"Success","floor":4.0,"gold_loss":0.0,"damage_taken":12.0,"relics_obtained":["Regal Pillow"]},{"damage_healed":0.0,"max_hp_gain":0.0,"max_hp_loss":0.0,"gold_gain":30.0,"event_name":"Dead Adventurer","player_choice":"Searched \u00272\u0027 times","floor":12.0,"gold_loss":0.0,"damage_taken":0.0,"relics_obtained":["Strawberry"]},{"damage_healed":0.0,"max_hp_gain":0.0,"max_hp_loss":0.0,"gold_gain":0.0,"event_name":"Ghosts","player_choice":"Ignored","floor":21.0,"gold_loss":0.0,"damage_taken":0.0}],"is_beta":false,"boss_relics":[{"not_picked":["Coffee Dripper","Ectoplasm"],"picked":"Black Star"}],"items_purged_floors":[20],"is_endless":false,"potions_floor_spawned":[1,6,11,19],"killed_by":"Gremlin Leader","ascension_level":2}}