{"host":"xcuflocadasoaqda","time":1609393894,"event":{"mods":["BaseMod","Bestiary","Filter the Spire","Minty Spire (QoL Compilation)","Relic Stats"],"gold_per_floor":[118,11,11,25,39,92,92,119,119,119,150,169,208,133,133,218,218,235,262,262,28,28,28,46,46,99,126,149,188,188,211,211,296,296,314,314,100,120,133,133,167,167,167,117,161,178,178,208,208,208,208],"floor_reached":52,"playtime":3326,"items_purged":["Well Laid Plans","Dagger Spray","Survivor"],"score":2269,"play_id":"a03a541e-59c9-4046-b1ad-e2ee45bc9d9e","local_time":"20201230235134","is_ascension_mode":true,"campfire_choices":[{"data":"Glass Knife","floor":7,"key":"SMITH"},{"data":"Predator","floor":10,"key":"SMITH"},{"data":"Noxious Fumes","floor":15,"key":"SMITH"},{"data":"Ghostly","floor":23,"key":"SMITH"},{"data":"Ghostly","floor":25,"key":"SMITH"},{"data":"Ghostly","floor":30,"key":"SMITH"},{"data":"Wraith Form v2","floor":32,"key":"SMITH"},{"data":"Bouncing Flask","floor":40,"key":"SMITH"},{"data":"Bouncing Flask","floor":42,"key":"SMITH"},{"data":"Catalyst","floor":47,"key":"SMITH"},{"data":"Deadly Poison","floor":49,"key":"SMITH"}],"circlet_count":0,"master_deck":["AscendersBane","PiercingWail","Poisoned Stab","Night Terror","Glass Knife+1","Malaise","Predator+1","Malaise","Footwork","Dodge and Roll","Noxious Fumes+1","Blur","After Image+1","Wraith Form v2+1","Ghostly+1","Ghostly+1","Ghostly+1","Bouncing Flask+1","Prepared","Setup","Escape Plan","Deadly Poison+1","Bouncing Flask+1","Night Terror","Catalyst+1"],"relics":["Pandora\u0027s Box","Ancient Tea Set","Smiling Mask","Mummified Hand","Eternal Feather","CeramicFish","Runic Pyramid","Omamori","CaptainsWheel","Red Mask","SlaversCollar","Snake Skull","Tingsha","Art of War","Ice Cream"],"acts_visited":["Exordium","TheCity","TheBeyond"],"potions_floor_usage":[8,11,13,18,45,51,51],"damage_taken":[{"damage":0,"enemies":"Cultist","floor":1,"turns":4},{"damage":8,"enemies":"Jaw Worm","floor":4,"turns":3},{"damage":0,"enemies":"2 Louse","floor":5,"turns":1},{"damage":14,"enemies":"3 Sentries","floor":8,"turns":9},{"damage":1,"enemies":"Lagavulin","floor":11,"turns":8},{"damage":0,"enemies":"Looter","floor":12,"turns":3},{"damage":4,"enemies":"Gremlin Nob","floor":13,"turns":3},{"damage":6,"enemies":"Hexaghost","floor":16,"turns":8},{"damage":10,"enemies":"2 Thieves","floor":18,"turns":5},{"damage":0,"enemies":"Gremlin Leader","floor":27,"turns":8},{"damage":0,"enemies":"Spheric Guardian","floor":28,"turns":4},{"damage":8,"enemies":"Masked Bandits","floor":29,"turns":6},{"damage":2,"enemies":"Centurion and Healer","floor":31,"turns":7},{"damage":0,"enemies":"Collector","floor":33,"turns":10},{"damage":13,"enemies":"Orb Walker","floor":35,"turns":5},{"damage":0,"enemies":"3 Shapes","floor":38,"turns":3},{"damage":0,"enemies":"Writhing Mass","floor":39,"turns":5},{"damage":0,"enemies":"Giant Head","floor":41,"turns":9},{"damage":1,"enemies":"Reptomancer","floor":45,"turns":8},{"damage":0,"enemies":"Jaw Worm Horde","floor":46,"turns":4},{"damage":0,"enemies":"Nemesis","floor":48,"turns":7},{"damage":0,"enemies":"Awakened One","floor":50,"turns":12},{"damage":1,"enemies":"Time Eater","floor":51,"turns":7}],"seed_played":"-4146839953629819449","potions_obtained":[{"floor":1,"key":"Dexterity Potion"},{"floor":8,"key":"SkillPotion"},{"floor":12,"key":"SneckoOil"},{"floor":16,"key":"EssenceOfSteel"},{"floor":18,"key":"Weak Potion"},{"floor":29,"key":"PowerPotion"},{"floor":45,"key":"SteroidPotion"},{"floor":46,"key":"SkillPotion"}],"is_trial":false,"path_per_floor":["M","$","?","M","M","T","R","E","T","R","E","M","E","?","R","B",null,"M","?","?","$","?","R","?","R","T","E","M","?","R","M","R","B",null,"M","?","$","M","M","R","E","R","T","$","E","M","R","E","R","B","B",null],"character_chosen":"THE_SILENT","items_purchased":["Dagger Spray","SteroidPotion","Bouncing Flask","GhostInAJar","Snake Skull"],"campfire_rested":0,"item_purchase_floors":[2,2,21,21,37],"current_hp_per_floor":[59,59,52,44,44,44,44,30,30,30,29,29,25,25,34,28,57,47,33,26,26,26,38,38,38,38,38,38,30,38,36,38,38,38,25,25,25,25,25,38,38,38,38,38,37,37,38,38,38,38,37],"gold":208,"neow_bonus":"BOSS_RELIC","is_daily":false,"chose_seed":false,"campfire_upgraded":11,"win_rate":0.0,"timestamp":1609393894,"path_taken":["M","?","?","M","M","?","R","E","T","R","E","M","E","?","R","BOSS","M","?","?","?","?","R","?","R","T","E","M","?","R","M","R","BOSS","M","?","$","M","M","R","E","R","T","$","E","?","R","E","R","BOSS","BOSS"],"items_purchased_type":["Card","Potion","Card","Potion","Relic"],"build_version":"2020-12-22","purchased_purges":3,"victory":true,"max_hp_per_floor":[66,66,66,66,66,66,66,66,66,66,66,66,66,66,66,66,66,66,33,38,38,38,38,38,38,38,38,38,38,38,38,38,38,38,38,38,38,38,38,38,38,38,38,38,38,38,38,38,38,38,38],"relic_stats":{"counters":[23,139],"Mummified Hand":[160],"CeramicFish":117,"Pandora\u0027s Box":["Outmaneuver","PiercingWail","Well Laid Plans","Poisoned Stab","Night Terror","Glass Knife","Malaise","Quick Slash","Predator","Malaise"],"Eternal Feather":45,"Tingsha":[24],"Snake Skull":[185],"Art of War":[15],"Smiling Mask":150,"obtain_stats":[{"Ice Cream":48,"CeramicFish":13,"Eternal Feather":11,"Tingsha":41,"Snake Skull":37,"Omamori":26,"Ancient Tea Set":6,"Smiling Mask":8,"SlaversCollar":34,"CaptainsWheel":27,"Mummified Hand":9,"Pandora\u0027s Box":0,"Red Mask":29,"Art of War":45,"Ring of the Snake":0,"Runic Pyramid":17},{"Ice Cream":21,"CeramicFish":7,"Eternal Feather":5,"Tingsha":18,"Snake Skull":15,"Omamori":9,"Ancient Tea Set":3,"Smiling Mask":4,"SlaversCollar":14,"CaptainsWheel":10,"Mummified Hand":4,"Pandora\u0027s Box":0,"Red Mask":12,"Art of War":19,"Ring of the Snake":0,"Runic Pyramid":8},{"Ice Cream":120,"CeramicFish":31,"Eternal Feather":25,"Tingsha":101,"Snake Skull":84,"Omamori":44,"Ancient Tea Set":8,"Smiling Mask":17,"SlaversCollar":79,"CaptainsWheel":52,"Mummified Hand":17,"Pandora\u0027s Box":0,"Red Mask":62,"Art of War":109,"Ring of the Snake":0,"Runic Pyramid":39}]},"card_choices":[{"not_picked":["Expertise","Outmaneuver","Setup"],"picked":"SKIP","floor":1},{"not_picked":["Blade Dance","PiercingWail"],"picked":"Footwork","floor":4},{"not_picked":["Well Laid Plans","Outmaneuver"],"picked":"Dodge and Roll","floor":5},{"not_picked":["Dagger Throw","Outmaneuver"],"picked":"Dodge and Roll","floor":8},{"not_picked":["Blur","Deadly Poison"],"picked":"Noxious Fumes","floor":11},{"not_picked":["Infinite Blades","Well Laid Plans"],"picked":"Blur","floor":12},{"not_picked":["Dagger Spray","Malaise"],"picked":"After Image","floor":13},{"not_picked":["After Image","Envenom"],"picked":"Wraith Form v2","floor":16},{"not_picked":["Dodge and Roll","Blade Dance","Finisher+1"],"picked":"SKIP","floor":18},{"not_picked":["Accuracy","Blur","Venomology"],"picked":"SKIP","floor":27},{"not_picked":["Expertise","PiercingWail"],"picked":"Escape Plan","floor":28},{"not_picked":["Dodge and Roll","Slice"],"picked":"Deadly Poison","floor":29},{"not_picked":["Blade Dance","Prepared"],"picked":"Bouncing Flask","floor":31},{"not_picked":["Corpse Explosion","Envenom"],"picked":"Night Terror","floor":33},{"not_picked":["Dagger Throw","Quick Slash+1","Bane+1"],"picked":"SKIP","floor":35},{"not_picked":["Bane","Riddle With Holes+1","Outmaneuver+1"],"picked":"SKIP","floor":38},{"not_picked":["Riddle With Holes+1","Endless Agony","Acrobatics"],"picked":"SKIP","floor":39},{"not_picked":["Distraction","Glass Knife","PiercingWail"],"picked":"SKIP","floor":41},{"not_picked":["Sucker Punch","Backstab"],"picked":"Catalyst","floor":45},{"not_picked":["PiercingWail","Escape Plan","All Out Attack"],"picked":"SKIP","floor":46},{"not_picked":["Dodge and Roll","Noxious Fumes","Venomology"],"picked":"SKIP","floor":48}],"player_experience":1829375,"relics_obtained":[{"floor":6,"key":"Ancient Tea Set"},{"floor":8,"key":"Smiling Mask"},{"floor":9,"key":"Mummified Hand"},{"floor":11,"key":"Eternal Feather"},{"floor":13,"key":"CeramicFish"},{"floor":26,"key":"Omamori"},{"floor":27,"key":"CaptainsWheel"},{"floor":29,"key":"Red Mask"},{"floor":41,"key":"Tingsha"},{"floor":45,"key":"Art of War"},{"floor":48,"key":"Ice Cream"}],"event_choices":[{"cards_removed":["Outmaneuver"],"damage_healed":0,"gold_gain":0,"player_choice":"Card Removal","damage_taken":7,"max_hp_gain":0,"max_hp_loss":0,"event_name":"Golden Wing","floor":3,"gold_loss":0},{"cards_removed":["Quick Slash"],"damage_healed":0,"gold_gain":0,"player_choice":"Card Removal","damage_taken":0,"max_hp_gain":0,"max_hp_loss":0,"event_name":"The Cleric","floor":14,"gold_loss":75},{"damage_healed":0,"gold_gain":0,"player_choice":"Became a Ghost","damage_taken":0,"max_hp_gain":0,"max_hp_loss":33,"event_name":"Ghosts","floor":19,"gold_loss":0,"cards_obtained":["Ghostly","Ghostly","Ghostly"]},{"damage_healed":0,"gold_gain":0,"player_choice":"Shed Blood","damage_taken":12,"max_hp_gain":5,"max_hp_loss":0,"event_name":"Forgotten Altar","floor":20,"gold_loss":0},{"damage_healed":0,"gold_gain":0,"cards_transformed":["Neutralize","Dodge and Roll"],"player_choice":"Became Test Subject","damage_taken":0,"max_hp_gain":0,"max_hp_loss":0,"event_name":"Drug Dealer","floor":24,"gold_loss":0,"cards_obtained":["Prepared","Setup"]},{"damage_healed":0,"gold_gain":0,"player_choice":"Fought Bandits","damage_taken":0,"max_hp_gain":0,"max_hp_loss":0,"event_name":"Masked Bandits","floor":29,"gold_loss":0},{"damage_healed":0,"gold_gain":0,"player_choice":"Upgraded","damage_taken":0,"max_hp_gain":0,"max_hp_loss":0,"event_name":"Upgrade Shrine","floor":36,"gold_loss":0,"cards_upgraded":["After Image"]}],"is_beta":false,"boss_relics":[{"not_picked":["Astrolabe","HoveringKite"],"picked":"Runic Pyramid"},{"not_picked":["Cursed Key","Snecko Eye"],"picked":"SlaversCollar"}],"items_purged_floors":[21,37,44],"is_endless":false,"potions_floor_spawned":[1,8,12,16,18,29,33,35,38,45,46],"ascension_level":20}}