{"host":"17xjy7b7ubl548g2","time":1609446268,"event":{"mods":["2.2 Compatiblity","Act Like it!","Aspiration","Astrologer","Bard","BaseMod","Bestiary","Challenge The Spire","ChefMod","Colored Map","Conspire","Elementarium","Energized Spire","GifTheSpireLib","Halation","Hallownest","Hubris","Infinite Spire","Jedi Mod","Jorbs\u0027s Wanderer Trilogy","Marisa（霧雨　魔理沙）","Marked Mod","Minty Spire (QoL Compilation)","Pale of the Ancients","Permanent Neow","Puzzle Mod","Replay The Spire","Robot Space Explorer","Spicy Shops","StSLib","Stuff the Spire","The Blue Laboratory","The Bug Knight","The Construct","The Disciple","The Hayseed","The Hierophant","The Marked","The Runesmith","The Sage"],"gold_per_floor":[114,132,144,161,178,178,213,213,239,239,253,25,25,53,53,151,151,168,168,187,38,54,54,65,65,65,93,103,138,150,165,165,264,264,275,275,288,331,347,347,375,390,414,434,434,434,0,14,14,14,29,41,316,52,52,66,66,66,66,66],"floor_reached":61,"playtime":6743,"items_purged":["theMarked:Strike","theMarked:Strike","Regret"],"score":1849,"play_id":"331249f2-d6a9-41b0-9d60-9b8b8d185c37","local_time":"20201231152428","is_ascension_mode":true,"campfire_choices":[{"data":"theMarked:SoldierOfQuellstein","floor":6.0,"key":"SMITH"},{"data":"theMarked:EnhancedHearing","floor":8.0,"key":"SMITH"},{"data":"theMarked:Polarize","floor":10.0,"key":"SMITH"},{"data":"theMarked:ComboAttacks","floor":15.0,"key":"SMITH"},{"data":"theMarked:StartUp","floor":23,"key":"SMITH"},{"data":"infinitespire:SevenWalls","floor":32,"key":"SMITH"},{"data":"theMarked:SummonStrength","floor":40,"key":"SMITH"},{"data":"theMarked:Challenge","floor":46,"key":"SMITH"},{"floor":49,"key":"RECALL"},{"data":"theMarked:BanishingWave","floor":55,"key":"SMITH"},{"floor":57,"key":"REST"}],"circlet_count":0,"master_deck":["theMarked:Strike","theMarked:Defend","theMarked:Defend+1","theMarked:Defend+1","theMarked:Defend","theMarked:SoldierOfQuellstein+1","theMarked:ChainLightning","theMarked:Electrocute","theMarked:Aftermath","theMarked:Polarize+1","theMarked:ChainLightning","theMarked:EnhancedHearing+1","theMarked:ComboAttacks+1","theMarked:StartUp+1","theMarked:Parkour","theMarked:Levitate","theMarked:ElectricStrings","theMarked:TwofoldDefense+1","theMarked:UnarmedFury","theMarked:TwofoldDefense","infinitespire:SevenWalls+1","theMarked:ResourceFulStrike","theMarked:Opportunist+1","theMarked:AttractMetal+1","theMarked:HeightenedSenses+1","theMarked:SummonStrength+1","theMarked:Polarize+1","theMarked:EnhancedHearing","theMarked:Panic+1","theMarked:BanishingWave+1","theMarked:Challenge+1","theMarked:ElectricStrings","theMarked:Static+1","theMarked:EnhancedHearing+1","theMarked:WardOff+1","theMarked:GodGivenPower+1","theMarked:BanishingWave","theMarked:BanishingWave+1","theMarked:WardOff+1"],"relics":["theMarked:ArtifactOfAir","aspiration:Lifesprig","War Paint","HollowMod:JonisBlessing","conspire:Flyswatter","conspire:SpecialSausage","Oddly Smooth Stone","ReplayFunnel","hubris:SphereOfDissonance","infinitespire:Satchel","Elementarium:ElementariumTrophy","hubris:RunicObelisk","Pen Nib","Thread and Needle","ReplayTheSpireMod:Lightbulb","halation:TwoAmDonut","Elementarium:GoldenMirage","paleoftheancients:Timepiece","paleoftheancients:KeyRelic","Mercury Hourglass","CultistMask","paleoftheancients:SoulOfTheWokeBloke","infinitespire:CheckeredPen"],"acts_visited":["Exordium","Exordium","TheBeyond","TheBeyond"],"potions_floor_usage":[22,24,30,41,51,56,60,60,60],"damage_taken":[{"damage":17.0,"enemies":"infinitespire:Voidling","floor":1.0,"turns":5.0},{"damage":1.0,"enemies":"Cultist","floor":2.0,"turns":3.0},{"damage":2.0,"enemies":"Jaw Worm","floor":3.0,"turns":3.0},{"damage":17.0,"enemies":"Exordium Thugs","floor":4.0,"turns":4.0},{"damage":10.0,"enemies":"Lots of Slimes","floor":5.0,"turns":3.0},{"damage":6.0,"enemies":"HollowMod:MossKnight","floor":7.0,"turns":5.0},{"damage":2.0,"enemies":"3 Louse","floor":11.0,"turns":3.0},{"damage":0.0,"enemies":"Gremlin Nob","floor":14.0,"turns":3.0},{"damage":12.0,"enemies":"Hexaghost","floor":16.0,"turns":9.0},{"damage":3.0,"enemies":"Elementarium:Cyclone","floor":18.0,"turns":5.0},{"damage":0.0,"enemies":"Elementarium:2_ELEMENTALS","floor":20.0,"turns":3.0},{"damage":7,"enemies":"Elementarium:VOID_CORRUPTION_AND_TAR_GOLEM","floor":22,"turns":6},{"damage":0,"enemies":"Elementarium:CYCLONE_AND_ORB_OF_FIRE","floor":24,"turns":7},{"damage":0,"enemies":"Elementarium:WarGolem","floor":27,"turns":7},{"damage":1,"enemies":"Elementarium:VoidBeast","floor":28,"turns":3},{"damage":11,"enemies":"Elementarium:FIRE_NOBILITY","floor":29,"turns":8},{"damage":0,"enemies":"Elementarium:3_ELEMENTALS","floor":30,"turns":3},{"damage":0,"enemies":"Elementarium:RubyGolem","floor":31,"turns":3},{"damage":0,"enemies":"Elementarium:GolemEmperor","floor":33,"turns":14},{"damage":0,"enemies":"Orb Walker","floor":35,"turns":2},{"damage":0,"enemies":"3 Darklings","floor":37,"turns":5},{"damage":0,"enemies":"conspire:MimicChest","floor":38,"turns":10},{"damage":31,"enemies":"Writhing Mass","floor":39,"turns":5},{"damage":0,"enemies":"Reptomancer","floor":41,"turns":7},{"damage":0,"enemies":"4 Shapes","floor":42,"turns":6},{"damage":0,"enemies":"Jaw Worm Horde","floor":44,"turns":4},{"damage":0,"enemies":"3 Darklings","floor":48,"turns":4},{"damage":0,"enemies":"conspire:OrnateMirror","floor":50,"turns":12},{"damage":0,"enemies":"conspire:OrnateMirror","floor":51,"turns":10},{"damage":0,"enemies":"conspire:OrnateMirror","floor":52,"turns":3},{"damage":24,"enemies":"conspire:OrnateMirror","floor":56,"turns":4},{"damage":0,"enemies":"paleoftheancients:N","floor":60,"turns":8}],"seed_played":"8241777879172223777","potions_obtained":[{"floor":1.0,"key":"conspire:TimeTravelPotion"},{"floor":4.0,"key":"blueLaboratory:AbyssPotion"},{"floor":5.0,"key":"blueLaboratory:Moonshine"},{"floor":16.0,"key":"blueLaboratory:LouseDecoction"},{"floor":18.0,"key":"LifebloodPotion"},{"floor":22,"key":"blueLaboratory:AbyssPotion"},{"floor":29,"key":"Fire Potion"},{"floor":30,"key":"BlessingOfTheForge"},{"floor":37,"key":"blueLaboratory:BottleOfRum"},{"floor":41,"key":"blueLaboratory:SavagePotion"},{"floor":42,"key":"jedi:StrikingPotion"},{"floor":44,"key":"PowerPotion"},{"floor":51,"key":"blueLaboratory:AbyssPotion"},{"floor":56,"key":"construct:ShiftPotion"}],"is_trial":false,"path_per_floor":["M","M","M","M","M","R","E","R","T","R","M","$","$","E","R","B",null,"M","?","M","$","M","R","M","AVR","T","E","M","E","M","M","R","B",null,"M","?","M","?","M","R","E","M","T","M","AVR","R","?","M","R","B","M","M","?","$","R","M","R","T","?","B",null],"character_chosen":"THE_DEFAULT","items_purchased":["theMarked:StartUp","HollowMod:JonisBlessing","ReplayFunnel","theMarked:BanishingWave","blueLaboratory:FruitPunch"],"campfire_rested":1,"item_purchase_floors":[12,12,21,54,54],"current_hp_per_floor":[62,61,59,53,43,43,37,37,37,37,35,35,35,35,35,23,70,67,52,52,52,45,45,45,45,45,45,44,33,33,33,33,33,70,70,70,70,70,39,39,39,39,39,39,39,39,39,39,39,70,70,70,70,70,70,46,67,67,67,67],"gold":66,"neow_bonus":"REMOVE_CARD","is_daily":false,"chose_seed":false,"campfire_upgraded":9,"win_rate":0.0,"timestamp":1609446268,"path_taken":["M","?","M","M","M","R","E","R","T","R","M","?","$","E","R","BOSS","M","?","M","$","M","R","M","AVR","T","E","M","E","?","?","R","BOSS","M","?","?","?","M","R","E","?","T","M","AVR","R","?","M","R","BOSS","M","M","?","$","R","M","R","T","?","BOSS"],"items_purchased_type":["Card","Relic","Relic","Card","Potion"],"build_version":"2020-12-22","purchased_purges":3,"victory":true,"max_hp_per_floor":[70,70,70,70,70,70,70,70,70,70,70,70,70,70,70,70,70,70,70,70,70,70,70,70,70,70,70,70,70,70,70,70,70,70,70,70,70,70,70,70,70,70,70,70,70,70,70,70,70,70,70,70,70,70,70,73,73,73,73,73],"card_choices":[{"not_picked":["theMarked:Overthink","theMarked:WardOff"],"picked":"theMarked:ChainLightning","floor":1.0},{"not_picked":["theMarked:WastefulDefense","theMarked:AttractMetal"],"picked":"theMarked:Electrocute","floor":2.0},{"not_picked":["theMarked:Frustration","theMarked:WastefulAttack"],"picked":"theMarked:Aftermath","floor":3.0},{"not_picked":["theMarked:EmpowerWeapon","theMarked:WastefulAttack"],"picked":"theMarked:Polarize","floor":4.0},{"not_picked":["theMarked:TakeCover","theMarked:DeterminationOfTheMarked"],"picked":"theMarked:ChainLightning","floor":5.0},{"not_picked":["theMarked:ContemptForTheProud","theMarked:WastefulDefense"],"picked":"theMarked:EnhancedHearing","floor":7.0},{"not_picked":["theMarked:TwofoldDefense","theMarked:Parry"],"picked":"theMarked:ComboAttacks","floor":11.0},{"not_picked":["theMarked:SuspiciousRaven","theMarked:SelfDefenseTraining"],"picked":"theMarked:Parkour","floor":14.0},{"not_picked":["theMarked:Snap","theMarked:ChannelForce"],"picked":"theMarked:Levitate","floor":16.0},{"not_picked":["theMarked:DeterminationOfTheMarked+1","theMarked:Generate"],"picked":"theMarked:ElectricStrings","floor":18.0},{"not_picked":["theMarked:WastefulDefense","theMarked:KeepCalmAndFightOn"],"picked":"theMarked:TwofoldDefense+1","floor":20.0},{"not_picked":["theMarked:CreepingChasm+1","theMarked:WastefulAttack+1"],"picked":"theMarked:UnarmedFury","floor":22},{"not_picked":["theMarked:Improvise+1","theMarked:EmpowerWeapon"],"picked":"theMarked:TwofoldDefense","floor":24},{"not_picked":["theMarked:DeterminationOfTheMarked","theMarked:ChannelForce"],"picked":"theMarked:ResourceFulStrike","floor":27},{"not_picked":["theMarked:Convert","theMarked:DeterminationOfTheMarked","theMarked:ElectricStrings"],"picked":"SKIP","floor":28},{"not_picked":["theMarked:ResourceFulStrike","theMarked:Overthink+1"],"picked":"theMarked:Opportunist+1","floor":29},{"not_picked":["theMarked:Opportunist","theMarked:Seal"],"picked":"theMarked:AttractMetal+1","floor":30},{"not_picked":["theMarked:ResourceFulStrike+1","theMarked:RepellingDischarge"],"picked":"theMarked:HeightenedSenses+1","floor":31},{"not_picked":["theMarked:Defy","theMarked:Snap"],"picked":"theMarked:SummonStrength","floor":33},{"not_picked":["theMarked:HeightenedSenses+1","theMarked:Static"],"picked":"theMarked:Polarize+1","floor":35},{"not_picked":["theMarked:TakeCover","theMarked:BanishingStrike"],"picked":"theMarked:EnhancedHearing","floor":37},{"not_picked":["theMarked:Overthink+1","theMarked:Aftermath+1"],"picked":"theMarked:Panic+1","floor":38},{"not_picked":["theMarked:Aftermath+1","theMarked:ChainLightning"],"picked":"theMarked:BanishingWave+1","floor":39},{"not_picked":["theMarked:WastefulDefense+1","theMarked:RepellingDischarge"],"picked":"theMarked:Challenge","floor":41},{"not_picked":["theMarked:ElectricStrings","theMarked:SwordAndMagic+1","theMarked:EmpowerWeapon"],"picked":"SKIP","floor":42},{"not_picked":["theMarked:SwordAndMagic+1","theMarked:EmpowerWeapon"],"picked":"theMarked:ElectricStrings","floor":42},{"not_picked":["theMarked:Aftermath","theMarked:Parkour+1"],"picked":"theMarked:Static+1","floor":44},{"not_picked":["theMarked:Frustration+1","theMarked:Improvise"],"picked":"theMarked:EnhancedHearing+1","floor":48},{"not_picked":["theMarked:TunnelVision+1","theMarked:ElementalBlade+1"],"picked":"theMarked:WardOff+1","floor":51},{"not_picked":["theMarked:ResourceFulStrike+1","theMarked:SwordAndMagic"],"picked":"theMarked:GodGivenPower+1","floor":52},{"not_picked":["theMarked:BanishingStrike+1","theMarked:TunnelVision"],"picked":"theMarked:WardOff+1","floor":56}],"player_experience":1615208,"relics_obtained":[{"floor":7.0,"key":"aspiration:Lifesprig"},{"floor":9.0,"key":"War Paint"},{"floor":14.0,"key":"conspire:Flyswatter"},{"floor":27,"key":"hubris:SphereOfDissonance"},{"floor":29,"key":"infinitespire:Satchel"},{"floor":38,"key":"Pen Nib"},{"floor":41,"key":"Thread and Needle"},{"floor":43,"key":"ReplayTheSpireMod:Lightbulb"},{"floor":51,"key":"paleoftheancients:SoulOfTheWokeBloke"},{"floor":52,"key":"paleoftheancients:SoulOfTheShapes"},{"floor":56,"key":"paleoftheancients:SoulOfTheDefect"},{"floor":58,"key":"infinitespire:CheckeredPen"}],"event_choices":[{"cards_removed":["theMarked:Strike"],"damage_healed":0,"gold_gain":0,"player_choice":"Purged","damage_taken":0,"max_hp_gain":0,"max_hp_loss":0,"event_name":"Purifier","floor":36,"gold_loss":0},{"damage_healed":0,"gold_gain":0,"player_choice":"Offer","damage_taken":0,"relics_obtained":["Elementarium:GoldenMirage"],"max_hp_gain":0,"max_hp_loss":0,"event_name":"Elementarium:ChestOfTheGoldenMirage","floor":47,"gold_loss":434},{"damage_healed":0,"gold_gain":275,"player_choice":"Desecrate","damage_taken":0,"max_hp_gain":0,"max_hp_loss":0,"event_name":"Golden Shrine","floor":53,"gold_loss":0,"cards_obtained":["Regret"]}],"is_beta":false,"boss_relics":[{"not_picked":["energizedSpire:NeverEndingSparkler","halation:PlatinumPhoenix"],"picked":"conspire:SpecialSausage"},{"not_picked":["SacredBark","Fusion Hammer"],"picked":"hubris:RunicObelisk"}],"items_purged_floors":[25,45,54],"is_endless":false,"potions_floor_spawned":[1,4,5,16,18,22,29,30,37,41,42,44,51,56],"ascension_level":4}}