{"host":"foq4mrde4mssg7vt","time":1609403502,"event":{"mods":["AchievementEnabler","BaseMod","Colored Map","Colored Powertips","Highlight Path","Minty Spire (QoL Compilation)","Relic Stats","everything is the same but u backflip on backflip"],"gold_per_floor":[119,136,213,213,229,229,241,241,241,260,15,35,51,76,76,148,148,167,167,92,107,107,142,142,175,175,175,209,209,209,219,219,294,294,311,331,342,355,178,204,224,259,268,299,299,319,338,338,338,338,338,338,110,110,110],"floor_reached":54,"playtime":3597,"items_purged":["Strike_G","Parasite","Normality"],"score":1490,"play_id":"efef2f60-f61c-4f68-ad20-bcdb4dabb052","local_time":"20201231163142","is_ascension_mode":true,"campfire_choices":[{"data":"Dagger Throw","floor":6.0,"key":"SMITH"},{"data":"Poisoned Stab","floor":8.0,"key":"SMITH"},{"data":"Footwork","floor":15.0,"key":"SMITH"},{"data":"Wraith Form v2","floor":27.0,"key":"SMITH"},{"floor":29.0,"key":"REST"},{"data":"Ghostly","floor":32.0,"key":"SMITH"},{"floor":49.0,"key":"RECALL"},{"data":"Ghostly","floor":52.0,"key":"SMITH"}],"circlet_count":0,"master_deck":["AscendersBane","Strike_G+1","Strike_G+1","Defend_G+1","Defend_G+1","Defend_G+1","Defend_G+1","Defend_G+1","Survivor","Neutralize+1","Dagger Throw+1","Dagger Throw","Reflex","Poisoned Stab+1","Underhanded Strike","Footwork+1","Blur","Backflip","Calculated Gamble","Wraith Form v2+1","Dodge and Roll","Ghostly+1","Ghostly+1","Ghostly","Backstab","Deadly Poison","PiercingWail","Well Laid Plans","Deadly Poison+1","Bullet Time+1","Acrobatics+1","Burst+1","Leg Sweep+1","Footwork","Catalyst+1","PiercingWail+1","Crippling Poison+1","Acrobatics+1","Footwork"],"relics":["Ring of the Snake","Shuriken","Happy Flower","Gambling Chip","Cursed Key","MealTicket","Smiling Mask","Toxic Egg 2","Empty Cage","Torii","CeramicFish","Gremlin Horn"],"acts_visited":["Exordium","TheCity","TheBeyond","TheEnding"],"potions_floor_usage":[],"damage_taken":[{"damage":0.0,"enemies":"Cultist","floor":1.0,"turns":4.0},{"damage":2.0,"enemies":"Small Slimes","floor":2.0,"turns":4.0},{"damage":1.0,"enemies":"2 Louse","floor":5.0,"turns":3.0},{"damage":0.0,"enemies":"2 Fungi Beasts","floor":7.0,"turns":3.0},{"damage":0.0,"enemies":"Large Slime","floor":10.0,"turns":5.0},{"damage":0.0,"enemies":"3 Louse","floor":12.0,"turns":2.0},{"damage":4.0,"enemies":"Blue Slaver","floor":13.0,"turns":4.0},{"damage":20.0,"enemies":"Gremlin Nob","floor":14.0,"turns":4.0},{"damage":4.0,"enemies":"The Guardian","floor":16.0,"turns":10.0},{"damage":0.0,"enemies":"Chosen","floor":18.0,"turns":4.0},{"damage":0.0,"enemies":"3 Byrds","floor":21.0,"turns":8.0},{"damage":0.0,"enemies":"Book of Stabbing","floor":23.0,"turns":9.0},{"damage":4.0,"enemies":"Slavers","floor":25.0,"turns":10.0},{"damage":21.0,"enemies":"Book of Stabbing","floor":28.0,"turns":9.0},{"damage":0.0,"enemies":"Snake Plant","floor":31.0,"turns":6.0},{"damage":6.0,"enemies":"Champ","floor":33.0,"turns":19.0},{"damage":0.0,"enemies":"Orb Walker","floor":35.0,"turns":4.0},{"damage":1.0,"enemies":"3 Shapes","floor":36.0,"turns":8.0},{"damage":0.0,"enemies":"Maw","floor":37.0,"turns":10.0},{"damage":1.0,"enemies":"Writhing Mass","floor":38.0,"turns":8.0},{"damage":8.0,"enemies":"Nemesis","floor":40.0,"turns":13.0},{"damage":9.0,"enemies":"4 Shapes","floor":41.0,"turns":10.0},{"damage":1.0,"enemies":"Reptomancer","floor":42.0,"turns":8.0},{"damage":1.0,"enemies":"Giant Head","floor":44.0,"turns":10.0},{"damage":0.0,"enemies":"Maw","floor":46.0,"turns":11.0},{"damage":1.0,"enemies":"Transient","floor":47.0,"turns":5.0},{"damage":17.0,"enemies":"Donu and Deca","floor":50.0,"turns":14.0},{"damage":32,"enemies":"Shield and Spear","floor":54,"turns":14}],"seed_played":"3756730288241630412","potions_obtained":[{"floor":2.0,"key":"LiquidMemories"},{"floor":4.0,"key":"Explosive Potion"},{"floor":14.0,"key":"SkillPotion"},{"floor":23.0,"key":"LiquidMemories"},{"floor":38.0,"key":"CultistPotion"},{"floor":44.0,"key":"Regen Potion"},{"floor":46.0,"key":"LiquidBronze"}],"is_trial":false,"path_per_floor":["M","M","T","?","M","R","M","R","T","M","$","M","M","E","R","B",null,"M","?","?","M","?","E","?","E","T","R","E","R","?","M","R","B",null,"M","M","M","M","$","E","M","E","T","E","?","M","M","?","R","B",null,"R","$","E"],"character_chosen":"THE_SILENT","items_purchased":["Footwork","Blur","Backflip","Leg Sweep+1","Footwork","Crippling Poison+1","Acrobatics+1","Footwork"],"campfire_rested":1,"item_purchase_floors":[11,11,11,39,39,53,53,53],"current_hp_per_floor":[59,57,57,57,56,56,56,56,56,56,56,56,52,32,32,28,57,57,33,33,33,33,33,33,29,29,29,8,17,17,17,17,11,28,28,27,27,26,30,22,13,12,12,11,11,26,25,25,25,8,23,23,28,0,0],"gold":110,"neow_bonus":"UPGRADE_CARD","is_daily":false,"chose_seed":false,"campfire_upgraded":6,"win_rate":0.0,"timestamp":1609403502,"path_taken":["M","M","?","?","M","R","M","R","T","M","$","M","?","E","R","BOSS","M","?","?","M","?","E","?","E","T","R","E","R","?","M","R","BOSS","M","M","M","M","$","E","M","E","T","E","?","?","M","?","R","BOSS","R","$","E"],"items_purchased_type":["Card","Card","Card","Card","Card","Card","Card","Card"],"build_version":"2020-12-22","purchased_purges":3,"victory":false,"max_hp_per_floor":[66,66,66,66,66,66,66,66,66,66,66,66,66,66,66,66,66,66,33,33,33,33,33,33,33,33,33,33,33,33,33,33,33,33,33,33,33,33,30,30,30,30,30,30,30,30,30,28,28,28,28,28,28,28,28],"relic_stats":{"Happy Flower":[68],"Torii":7,"Gremlin Horn":[2,2],"counters":[28,219],"Shuriken":[48],"Gambling Chip":[90],"CeramicFish":45,"MealTicket":12,"Cursed Key":1,"Smiling Mask":125,"obtain_stats":[{"Happy Flower":9,"Torii":40,"Gremlin Horn":44,"Shuriken":3,"Gambling Chip":14,"CeramicFish":42,"MealTicket":23,"Toxic Egg 2":28,"Cursed Key":17,"Smiling Mask":25,"Empty Cage":34,"Ring of the Snake":0},{"Happy Flower":4,"Torii":21,"Gremlin Horn":24,"Shuriken":2,"Gambling Chip":8,"CeramicFish":23,"MealTicket":12,"Toxic Egg 2":14,"Cursed Key":9,"Smiling Mask":13,"Empty Cage":16,"Ring of the Snake":0},{"Happy Flower":14,"Torii":147,"Gremlin Horn":175,"Shuriken":8,"Gambling Chip":29,"CeramicFish":165,"MealTicket":60,"Toxic Egg 2":79,"Cursed Key":39,"Smiling Mask":70,"Empty Cage":104,"Ring of the Snake":0}],"Ring of the Snake":[56]},"card_choices":[{"not_picked":["Blade Dance","Caltrops"],"picked":"Dagger Throw","floor":1.0},{"not_picked":["Acrobatics","Masterful Stab"],"picked":"Dagger Throw","floor":2.0},{"not_picked":["Acrobatics","Calculated Gamble"],"picked":"Reflex","floor":5.0},{"not_picked":["Dagger Spray","PiercingWail"],"picked":"Poisoned Stab","floor":7.0},{"not_picked":["Bane","Well Laid Plans"],"picked":"Underhanded Strike","floor":10.0},{"not_picked":["Poisoned Stab","Flying Knee","Outmaneuver"],"picked":"SKIP","floor":12.0},{"not_picked":["Prepared","Choke","Flechettes"],"picked":"SKIP","floor":13.0},{"not_picked":["Prepared","Choke","Flechettes"],"picked":"SKIP","floor":13.0},{"not_picked":["Slice","Unload"],"picked":"Calculated Gamble","floor":14.0},{"not_picked":["Grand Finale","Unload"],"picked":"Wraith Form v2","floor":16.0},{"not_picked":["Quick Slash+1","Flechettes+1"],"picked":"Dodge and Roll","floor":18.0},{"not_picked":["Acrobatics","Outmaneuver"],"picked":"Backstab","floor":21.0},{"not_picked":["Acrobatics","Backflip"],"picked":"Deadly Poison","floor":23.0},{"not_picked":["Sucker Punch","Endless Agony"],"picked":"PiercingWail","floor":25.0},{"not_picked":["PiercingWail+1","Bane"],"picked":"Well Laid Plans","floor":28.0},{"not_picked":["Leg Sweep+1","Outmaneuver+1"],"picked":"Deadly Poison+1","floor":31.0},{"not_picked":["Storm of Steel+1","Corpse Explosion+1"],"picked":"Bullet Time+1","floor":33.0},{"not_picked":["Dagger Throw","Deflect+1","Well Laid Plans"],"picked":"SKIP","floor":35.0},{"not_picked":["Escape Plan+1","Dagger Throw"],"picked":"Acrobatics+1","floor":36.0},{"not_picked":["Endless Agony+1","Deadly Poison+1","Bane"],"picked":"SKIP","floor":37.0},{"not_picked":["Dash","Poisoned Stab"],"picked":"Burst+1","floor":38.0},{"not_picked":["Quick Slash","Calculated Gamble+1"],"picked":"Catalyst+1","floor":40.0},{"not_picked":["Sucker Punch+1","All Out Attack+1","Flechettes"],"picked":"SKIP","floor":41.0},{"not_picked":["Finisher","Die Die Die"],"picked":"PiercingWail+1","floor":42.0},{"not_picked":["Outmaneuver+1","Caltrops","Predator"],"picked":"SKIP","floor":44.0},{"not_picked":["PiercingWail+1","Terror+1","Deflect+1"],"picked":"SKIP","floor":46.0},{"not_picked":["Underhanded Strike","Slice","Backstab+1"],"picked":"SKIP","floor":47.0}],"player_experience":333489,"relics_obtained":[{"floor":3.0,"key":"Shuriken"},{"floor":9.0,"key":"Happy Flower"},{"floor":14.0,"key":"Gambling Chip"},{"floor":23.0,"key":"MealTicket"},{"floor":25.0,"key":"Smiling Mask"},{"floor":28.0,"key":"Toxic Egg 2"},{"floor":40.0,"key":"Torii"},{"floor":42.0,"key":"CeramicFish"},{"floor":44.0,"key":"Gremlin Horn"}],"event_choices":[{"damage_healed":0.0,"max_hp_gain":0.0,"max_hp_loss":0.0,"gold_gain":0.0,"event_name":"Lab","player_choice":"Got Potions","floor":4.0,"gold_loss":0.0,"damage_taken":0.0},{"damage_healed":0.0,"max_hp_gain":0.0,"max_hp_loss":33.0,"gold_gain":0.0,"event_name":"Ghosts","player_choice":"Became a Ghost","floor":19.0,"gold_loss":0.0,"damage_taken":0.0,"cards_obtained":["Ghostly","Ghostly","Ghostly"]},{"cards_removed":["Strike_G"],"damage_healed":0.0,"max_hp_gain":0.0,"max_hp_loss":0.0,"gold_gain":0.0,"event_name":"Beggar","player_choice":"Gave Gold","floor":20.0,"gold_loss":75.0,"damage_taken":0.0},{"damage_healed":0.0,"max_hp_gain":0.0,"max_hp_loss":0.0,"gold_gain":0.0,"event_name":"Forgotten Altar","player_choice":"Smashed Altar","floor":22.0,"gold_loss":0.0,"damage_taken":0.0,"cards_obtained":["Decay"]},{"damage_healed":0.0,"max_hp_gain":0.0,"max_hp_loss":0.0,"gold_gain":0.0,"event_name":"Vampires","player_choice":"Ignored","floor":24.0,"gold_loss":0.0,"damage_taken":0.0},{"damage_healed":0.0,"max_hp_gain":0.0,"max_hp_loss":0.0,"gold_gain":0.0,"event_name":"Back to Basics","player_choice":"Simplicity","floor":30.0,"gold_loss":0.0,"damage_taken":0.0,"cards_upgraded":["Strike_G","Strike_G","Strike_G","Defend_G","Defend_G","Defend_G","Defend_G","Defend_G"]},{"damage_healed":0.0,"max_hp_gain":0.0,"max_hp_loss":0.0,"gold_gain":0.0,"event_name":"Match and Keep!","player_choice":"0 cards matched","floor":45.0,"gold_loss":0.0,"damage_taken":0.0,"cards_obtained":[]},{"damage_healed":0.0,"max_hp_gain":0.0,"max_hp_loss":2.0,"gold_gain":0.0,"event_name":"Winding Halls","player_choice":"Max HP","floor":48.0,"gold_loss":0.0,"damage_taken":0.0}],"is_beta":false,"boss_relics":[{"not_picked":["Busted Crown","Snecko Eye"],"picked":"Cursed Key"},{"not_picked":["Ring of the Serpent","Velvet Choker"],"picked":"Empty Cage"}],"items_purged_floors":[11,39,53],"is_endless":false,"potions_floor_spawned":[2,5,10,13,14,23,25,38,40,42,44,46],"killed_by":"Shield and Spear","ascension_level":16}}