{"host":"nzq3d31h1j2g5t95","time":1609436791,"event":{"mods":["BaseMod","Hubris","KinomotoSakuraMod(Ä¾Ö®±¾Ó£)","Minty Spire (QoL Compilation)","StSLib","[IsaacMod]ÒÔÈö¼âËþ"],"gold_per_floor":[115,115,215,228,254,303,303,337,392,407,407,448,227,260,260,410,410,446,464,464,464,495,521,521,521,545,572,572,612,631,690,690,795,795,823,834,841,848,848,881,881,915,915,937,595,651,692,710,710,710],"floor_reached":51,"playtime":2197,"items_purged":["Strike_R","Defend_R","Writhe"],"score":1698,"play_id":"9bc68cc8-c40d-4a6a-b14b-08ad5bec36f3","local_time":"20210101014631","is_ascension_mode":true,"campfire_choices":[{"data":"EpicFetus","floor":11.0,"key":"SMITH"},{"floor":15.0,"key":"REST"},{"floor":24,"key":"REST"},{"data":"hubris:StunningStrike","floor":28,"key":"SMITH"},{"floor":32,"key":"REST"},{"data":"Madness","floor":41,"key":"SMITH"},{"data":"Entrench","floor":49,"key":"SMITH"}],"circlet_count":0,"master_deck":["Strike_R","Strike_R","Strike_R+1","Defend_R","Defend_R","Defend_R","Bash+1","EpicFetus+1","Shrug It Off+1","Pommel Strike","Spot Weakness","hubris:StunningStrike+1","Shame","Clothesline+1","Entrench+1","hubris:SharpeningStone","Reaper","hubris:StunningStrike","Second Wind","Impervious","Pommel Strike+1","Madness+1","Madness","Purity","Dark Shackles","Infernal Blade+1","Barricade+1","hubris:ReadiedAction+1"],"relics":["HushsDoor","Busted Crown","SalivaCoin","Whetstone","hubris:Towel","Anchor","BookOfRevelations","Potion Belt","MoneyPower","SacredBark","PillsDrop","hubris:IronBody","Frozen Egg 2","BelialBook","Red Skull","Juzu Bracelet","MagicMushroom","GuppysTail","NineLifeCat","Smiling Mask","Toxic Egg 2","DoctorsRemote","Regal Pillow","HandDrill","Strawberry"],"acts_visited":["Exordium","TheCity","TheBeyond"],"potions_floor_usage":[19,29,30,33,33,44,50,50,50,50],"damage_taken":[{"damage":7.0,"enemies":"Jaw Worm","floor":1.0,"turns":3.0},{"damage":0.0,"enemies":"2 Louse","floor":4.0,"turns":2.0},{"damage":1.0,"enemies":"Cultist","floor":5.0,"turns":3.0},{"damage":19.0,"enemies":"Lagavulin","floor":6.0,"turns":5.0},{"damage":0.0,"enemies":"Exordium Thugs","floor":8.0,"turns":3.0},{"damage":0.0,"enemies":"Blue Slaver","floor":10.0,"turns":3.0},{"damage":2.0,"enemies":"Gremlin Nob","floor":12.0,"turns":3.0},{"damage":4.0,"enemies":"Lagavulin","floor":14.0,"turns":4.0},{"damage":17.0,"enemies":"Hexaghost","floor":16.0,"turns":6.0},{"damage":20,"enemies":"Spheric Guardian","floor":18,"turns":4},{"damage":0,"enemies":"Shell Parasite","floor":19,"turns":3},{"damage":29,"enemies":"Centurion and Healer","floor":22,"turns":3},{"damage":0,"enemies":"Gremlin Leader","floor":23,"turns":6},{"damage":0,"enemies":"Snecko","floor":27,"turns":5},{"damage":0,"enemies":"Book of Stabbing","floor":29,"turns":5},{"damage":0,"enemies":"Sentry and Sphere","floor":30,"turns":3},{"damage":29,"enemies":"Slavers","floor":31,"turns":5},{"damage":0,"enemies":"Collector","floor":33,"turns":4},{"damage":15,"enemies":"3 Shapes","floor":35,"turns":4},{"damage":0,"enemies":"Orb Walker","floor":36,"turns":3},{"damage":0,"enemies":"Reptomancer","floor":40,"turns":6},{"damage":0,"enemies":"Nemesis","floor":42,"turns":8},{"damage":0,"enemies":"Maw","floor":44,"turns":6},{"damage":31,"enemies":"Sphere and 2 Shapes","floor":46,"turns":6},{"damage":16,"enemies":"Giant Head","floor":47,"turns":9},{"damage":4,"enemies":"3 Darklings","floor":48,"turns":5},{"damage":0,"enemies":"Awakened One","floor":50,"turns":15}],"seed_played":"1119292734301974669","potions_obtained":[{"floor":5.0,"key":"Ancient Potion"},{"floor":6.0,"key":"ElixirPotion"},{"floor":10.0,"key":"SpeedPotion"},{"floor":16.0,"key":"AttackPotion"},{"floor":19,"key":"GamblersBrew"},{"floor":22,"key":"Swift Potion"},{"floor":27,"key":"FearPotion"},{"floor":31,"key":"Block Potion"},{"floor":33,"key":"BloodPotion"},{"floor":46,"key":"SpeedPotion"},{"floor":47,"key":"Block Potion"}],"is_trial":false,"path_per_floor":["M","?","?","M","M","E","?","M","T","M","R","E","$","E","R","B",null,"M","M","?","?","M","E","R","?","T","M","R","E","M","E","R","B",null,"M","M","?","?","?","E","R","E","T","M","$","M","E","M","R","B",null],"character_chosen":"IRONCLAD","items_purchased":["Potion Belt","GuppysTail","hubris:StunningStrike","Second Wind","Impervious","CultistPotion","NineLifeCat","Regal Pillow","HandDrill"],"campfire_rested":3,"item_purchase_floors":[13,34,34,34,34,34,34,45,45],"current_hp_per_floor":[65,49,49,49,48,29,29,29,29,29,29,27,27,23,47,30,68,48,48,48,48,19,19,43,43,43,43,43,43,43,14,38,38,11,11,11,10,5,5,6,6,8,8,9,9,11,18,18,18,18],"gold":710,"neow_bonus":"BOSS_RELIC","is_daily":false,"chose_seed":false,"campfire_upgraded":4,"win_rate":0.0,"timestamp":1609436791,"path_taken":["M","?","?","?","M","E","?","M","T","M","R","E","?","E","R","BOSS","M","M","?","?","M","E","R","?","T","M","R","E","?","E","R","BOSS","M","M","?","?","?","E","R","E","T","M","?","M","E","M","R","BOSS"],"items_purchased_type":["Relic","Relic","Card","Card","Card","Potion","Relic","Relic","Relic"],"build_version":"2020-12-22","purchased_purges":3,"victory":true,"max_hp_per_floor":[80,80,80,80,80,80,80,80,80,80,80,80,80,80,80,80,80,80,80,80,80,80,80,80,80,80,80,80,80,80,80,80,80,11,11,11,11,11,11,11,11,11,11,11,11,11,18,18,18,18],"card_choices":[{"not_picked":[],"picked":"EpicFetus","floor":0.0},{"not_picked":[],"picked":"Shrug It Off","floor":1.0},{"not_picked":[],"picked":"Pommel Strike","floor":3.0},{"not_picked":["Wild Strike"],"picked":"SKIP","floor":4.0},{"not_picked":["Shrug It Off"],"picked":"SKIP","floor":5.0},{"not_picked":["Wild Strike"],"picked":"SKIP","floor":6.0},{"not_picked":["Battle Trance"],"picked":"SKIP","floor":8.0},{"not_picked":["Fire Breathing"],"picked":"SKIP","floor":10.0},{"not_picked":[],"picked":"Spot Weakness","floor":12.0},{"not_picked":["Body Slam"],"picked":"SKIP","floor":14.0},{"not_picked":[],"picked":"hubris:StunningStrike","floor":16.0},{"not_picked":["Hemokinesis"],"picked":"SKIP","floor":18},{"not_picked":["Cleave"],"picked":"SKIP","floor":19},{"not_picked":[],"picked":"Clothesline+1","floor":22},{"not_picked":["Anger"],"picked":"SKIP","floor":23},{"not_picked":[],"picked":"Entrench","floor":27},{"not_picked":["Perfected Strike"],"picked":"SKIP","floor":29},{"not_picked":["Blood for Blood"],"picked":"SKIP","floor":30},{"not_picked":[],"picked":"hubris:SharpeningStone","floor":31},{"not_picked":[],"picked":"Reaper","floor":33},{"not_picked":["Sword Boomerang"],"picked":"SKIP","floor":35},{"not_picked":[],"picked":"Pommel Strike+1","floor":36},{"not_picked":[],"picked":"Purity","floor":38},{"not_picked":[],"picked":"Dark Shackles","floor":38},{"not_picked":["hubris:SharpeningStone+1"],"picked":"SKIP","floor":40},{"not_picked":["Warcry+1"],"picked":"SKIP","floor":42},{"not_picked":["Clothesline"],"picked":"SKIP","floor":44},{"not_picked":[],"picked":"Infernal Blade+1","floor":46},{"not_picked":[],"picked":"Barricade+1","floor":47},{"not_picked":[],"picked":"hubris:ReadiedAction+1","floor":48}],"player_experience":150845,"relics_obtained":[{"floor":6.0,"key":"Whetstone"},{"floor":9.0,"key":"Anchor"},{"floor":12.0,"key":"BookOfRevelations"},{"floor":14.0,"key":"MoneyPower"},{"floor":23,"key":"hubris:IronBody"},{"floor":26,"key":"BelialBook"},{"floor":29,"key":"Red Skull"},{"floor":31,"key":"Juzu Bracelet"},{"floor":40,"key":"Smiling Mask"},{"floor":42,"key":"Toxic Egg 2"},{"floor":43,"key":"DoctorsRemote"},{"floor":47,"key":"Strawberry"}],"event_choices":[{"damage_healed":0.0,"max_hp_gain":0.0,"max_hp_loss":0.0,"gold_gain":0.0,"event_name":"Shining Light","player_choice":"Entered Light","floor":2.0,"gold_loss":0.0,"damage_taken":16.0,"cards_upgraded":["Shrug It Off","Strike_R"]},{"cards_removed":["Strike_R"],"damage_healed":0,"gold_gain":0,"player_choice":"Offered Basic","damage_taken":0,"max_hp_gain":0,"max_hp_loss":0,"event_name":"Bonfire Elementals","floor":20,"gold_loss":0},{"damage_healed":0,"gold_gain":0,"player_choice":"Stole Relic","damage_taken":0,"relics_obtained":["PillsDrop"],"max_hp_gain":0,"max_hp_loss":0,"event_name":"Addict","floor":21,"gold_loss":0,"cards_obtained":["Shame"]},{"damage_healed":0,"gold_gain":0,"player_choice":"Opened","damage_taken":0,"relics_obtained":["Frozen Egg 2"],"max_hp_gain":0,"max_hp_loss":0,"event_name":"The Mausoleum","floor":25,"gold_loss":0,"cards_obtained":["Writhe"]},{"damage_healed":0,"gold_gain":0,"player_choice":"Embrace Madness","damage_taken":1,"max_hp_gain":0,"max_hp_loss":0,"event_name":"Winding Halls","floor":37,"gold_loss":0,"cards_obtained":["Madness","Madness"]},{"damage_healed":0,"gold_gain":0,"player_choice":"Memory 2","damage_taken":5,"max_hp_gain":0,"max_hp_loss":0,"event_name":"SensoryStone","floor":38,"gold_loss":0}],"is_beta":false,"boss_relics":[{"not_picked":["Calling Bell","Velvet Choker"],"picked":"SacredBark"},{"not_picked":[]},{"not_picked":["Mark of Pain","SlaversCollar"],"picked":"MagicMushroom"},{"not_picked":[]}],"items_purged_floors":[13,34,45],"is_endless":false,"potions_floor_spawned":[5,6,10,12,16,19,22,27,31,33,46,47],"ascension_level":7}}