{"host":"867cnhxguf2bzj4x","time":1609437061,"event":{"mods":["BaseMod","GifTheSpireLib","Lobotomy","Minty Spire (QoL Compilation)","StSLib","The Bug Knight","The Cursed"],"gold_per_floor":[118,118,144,219,319,346,65,65,65],"floor_reached":8,"playtime":233,"items_purged":["Defend_G"],"score":57,"play_id":"0e8f8dad-8b9f-48a2-84fc-a908eec17026","local_time":"20201231185101","is_ascension_mode":true,"campfire_choices":[],"circlet_count":0,"master_deck":["Strike_G+1","Strike_G","Strike_G+1","Strike_G+1","Strike_G+1","Defend_G","Defend_G","Defend_G","Defend_G","Survivor","Neutralize","MHz","Caltrops","Terror","Backflip","Cloak And Dagger","Dash","Backflip"],"relics":["Ring of the Snake","CogitoBucket","Whetstone","Orichalcum","Orrery"],"acts_visited":["Exordium"],"potions_floor_usage":[],"damage_taken":[{"damage":4,"enemies":"Jaw Worm","floor":1,"turns":3},{"damage":24,"enemies":"Lagavulin","floor":6,"turns":9},{"damage":25,"enemies":"Gremlin Nob","floor":8,"turns":3}],"seed_played":"1187992724179416258","potions_obtained":[{"floor":6,"key":"AttackPotion"}],"is_trial":false,"path_per_floor":["M","?","T","?","?","E","$","E"],"character_chosen":"THE_SILENT","items_purchased":["Orrery","Backflip"],"campfire_rested":0,"item_purchase_floors":[7,7],"current_hp_per_floor":[66,52,52,41,41,17,17,0,0],"gold":65,"neow_bonus":"","is_daily":false,"chose_seed":false,"campfire_upgraded":0,"win_rate":0.0,"timestamp":1609437061,"path_taken":["M","?","?","?","?","E","$","E"],"items_purchased_type":["Relic","Card"],"build_version":"2020-12-22","purchased_purges":1,"victory":false,"max_hp_per_floor":[70,70,70,70,70,70,70,70,70],"card_choices":[{"not_picked":["PunishingBird","SpiderBud"],"picked":"MHz","floor":1},{"not_picked":["Dodge and Roll","Dagger Spray"],"picked":"Caltrops","floor":1},{"not_picked":["Flying Knee","Sucker Punch","Expertise"],"picked":"SKIP","floor":6},{"not_picked":["Underhanded Strike","Acrobatics"],"picked":"Terror","floor":7},{"not_picked":["Flying Knee","Sucker Punch"],"picked":"Backflip","floor":7},{"not_picked":["Eviscerate","Expertise"],"picked":"Cloak And Dagger","floor":7},{"not_picked":["Outmaneuver","Poisoned Stab"],"picked":"Dash","floor":7}],"player_experience":86867,"relics_obtained":[{"floor":3,"key":"Whetstone"},{"floor":6,"key":"Orichalcum"}],"event_choices":[{"damage_healed":0,"gold_gain":0,"player_choice":"Entered Light","damage_taken":14,"max_hp_gain":0,"max_hp_loss":0,"event_name":"Shining Light","floor":2,"gold_loss":0,"cards_upgraded":["Strike_G","Strike_G"]},{"damage_healed":0,"gold_gain":75,"player_choice":"Gather Gold","damage_taken":11,"max_hp_gain":0,"max_hp_loss":0,"event_name":"World of Goop","floor":4,"gold_loss":0},{"damage_healed":0,"gold_gain":100,"player_choice":"Gold","damage_taken":0,"max_hp_gain":0,"max_hp_loss":0,"event_name":"Wheel of Change","floor":5,"gold_loss":0}],"is_beta":false,"boss_relics":[],"items_purged_floors":[7],"is_endless":false,"potions_floor_spawned":[6],"killed_by":"Gremlin Nob","ascension_level":2}}