{"host":"se62q65hiqxz7cab","time":1609408031,"event":{"mods":["Act Like it!","BaseMod","Colored Map","Minty Spire (QoL Compilation)","Replay The Spire","StSLib","The Bug Knight","The Cursed"],"gold_per_floor":[215,70,70,80,90,90,109,121,121,132,152,162,162,181,181,285,285,305,319,348,423,434,434,446,466,466,466,480,495,495,122,122,218,218,235,247,96,96,113,113,113],"floor_reached":40,"playtime":2358,"items_purged":["HollowMod:LuriensSpire"],"score":538,"play_id":"a462e598-f95d-45a3-a5f4-f16a6da0602e","local_time":"20201231174711","is_ascension_mode":false,"campfire_choices":[{"data":"HollowMod:DoubleDash","floor":6,"key":"SMITH"},{"data":"HollowMod:DescendingDark","floor":13,"key":"SMITH"},{"floor":15,"key":"REST"},{"floor":23,"key":"REST"},{"floor":27,"key":"REST"},{"floor":30,"key":"REST"},{"floor":32,"key":"REST"}],"circlet_count":0,"master_deck":["HollowMod:NailStrikeStart+1","HollowMod:NailStrikeStart+1","HollowMod:NailStrikeStart","HollowMod:NailStrikeStart","HollowMod:QuickDashStart","HollowMod:QuickDashStart","HollowMod:QuickDashStart","HollowMod:QuickDashStart","HollowMod:FocusHealStart","HollowMod:PogoStrike+1","HollowMod:CloakDash+1","HollowMod:DoubleDash+1","HollowMod:DescendingDark+1","HollowMod:SiblingsShadow+1","HollowMod:LordofShades","HollowMod:CloakDash+1","HollowMod:DashSlash+1","HollowMod:DescendingDark+1","HollowMod:SoulMaster","HollowMod:RecoilStrike","HollowMod:ShadowDash","Parasite"],"relics":["HollowMod:VesselMask","Gremlin Food","Meat on the Bone","Busted Crown","Red Mask","Ancient Tea Set","DollysMirror","Blood Vial","Replay:Bronze Core","Strange Spoon"],"acts_visited":["Exordium","TheCity","TheBeyond"],"potions_floor_usage":[7,16,16,20,20,25,29,33,33],"damage_taken":[{"damage":5,"enemies":"Small Slimes","floor":1,"turns":4},{"damage":0,"enemies":"2 Louse","floor":4,"turns":2},{"damage":0,"enemies":"Cultist","floor":5,"turns":3},{"damage":0,"enemies":"Looter","floor":7,"turns":4},{"damage":20,"enemies":"Large Slime","floor":8,"turns":5},{"damage":2,"enemies":"Gremlin Gang","floor":10,"turns":3},{"damage":0,"enemies":"3 Louse","floor":11,"turns":2},{"damage":0,"enemies":"Exordium Wildlife","floor":12,"turns":2},{"damage":0,"enemies":"Large Slime","floor":14,"turns":5},{"damage":66,"enemies":"Slime Boss","floor":16,"turns":17},{"damage":39,"enemies":"2 Thieves","floor":18,"turns":3},{"damage":17,"enemies":"Shell Parasite","floor":19,"turns":5},{"damage":7,"enemies":"Masked Bandits","floor":20,"turns":2},{"damage":20,"enemies":"Centurion and Healer","floor":22,"turns":12},{"damage":13,"enemies":"Cultist and Chosen","floor":24,"turns":5},{"damage":16,"enemies":"Snecko","floor":25,"turns":6},{"damage":34,"enemies":"Snake Plant","floor":28,"turns":5},{"damage":13,"enemies":"Centurion and Healer","floor":29,"turns":5},{"damage":42,"enemies":"Pondfish","floor":33,"turns":11},{"damage":12,"enemies":"Orb Walker","floor":35,"turns":4},{"damage":6,"enemies":"3 Shapes","floor":36,"turns":5},{"damage":17,"enemies":"Writhing Mass","floor":39,"turns":6},{"damage":83,"enemies":"Nemesis","floor":40,"turns":6}],"seed_played":"-1868611472294487063","potions_obtained":[{"floor":1,"key":"GamblersBrew"},{"floor":8,"key":"Cursed Concoction"},{"floor":10,"key":"BlessingOfTheForge"},{"floor":16,"key":"ColorlessPotion"},{"floor":19,"key":"PowerPotion"},{"floor":20,"key":"AttackPotion"},{"floor":24,"key":"Elixir"},{"floor":25,"key":"Adrenaline Potion"},{"floor":28,"key":"Languid Potion"}],"is_trial":false,"path_per_floor":["M","$","?","M","M","R","M","M","T","M","M","M","R","M","R","B",null,"M","M","?","?","M","R","M","M","T","R","M","M","R","$","R","B",null,"M","M","$","?","M","E"],"character_chosen":"THE_BUGKNIGHT","items_purchased":["Gremlin Food","DollysMirror","Blood Vial","Strange Spoon"],"campfire_rested":5,"item_purchase_floors":[2,31,31,37],"current_hp_per_floor":[75,75,75,75,75,75,75,55,55,53,53,53,53,53,75,31,75,48,43,48,41,39,61,48,44,44,66,38,37,59,59,75,45,75,63,59,59,59,44,0,0],"gold":113,"neow_bonus":"HUNDRED_GOLD","is_daily":false,"chose_seed":false,"campfire_upgraded":2,"win_rate":0.0,"timestamp":1609408031,"path_taken":["M","$","?","M","M","R","M","M","T","M","M","M","R","M","R","BOSS","M","M","?","?","M","R","M","M","T","R","M","?","R","$","R","BOSS","M","M","$","?","M","E"],"items_purchased_type":["Relic","Relic","Relic","Relic"],"build_version":"2020-12-22","purchased_purges":1,"victory":false,"max_hp_per_floor":[75,75,75,75,75,75,75,75,75,75,75,75,75,75,75,75,75,75,75,75,75,75,75,75,75,75,75,75,75,75,75,75,75,75,75,75,75,75,75,75,75],"card_choices":[{"not_picked":["HollowMod:AbyssShriek","HollowMod:VengefulVoid"],"picked":"HollowMod:CloakDash","floor":1},{"not_picked":["HollowMod:DashSlash","HollowMod:GreatSlash"],"picked":"HollowMod:DoubleDash","floor":4},{"not_picked":["HollowMod:DungDefenderAura","HollowMod:InfectedCysts"],"picked":"HollowMod:LuriensSpire","floor":5},{"not_picked":["HollowMod:CloakDash","HollowMod:FallenFury"],"picked":"HollowMod:DescendingDark","floor":7},{"not_picked":["HollowMod:Grubsong","HollowMod:SharpenedNail","HollowMod:MawleksShell"],"picked":"SKIP","floor":8},{"not_picked":["HollowMod:ShapeofUnn","HollowMod:DescendingDark"],"picked":"HollowMod:SiblingsShadow","floor":10},{"not_picked":["HollowMod:SiblingsSouls","HollowMod:TaintedHusks","HollowMod:SharpenedNail"],"picked":"SKIP","floor":11},{"not_picked":["HollowMod:QuirrelsAssistance","HollowMod:FastStrike","HollowMod:InfectedCysts"],"picked":"SKIP","floor":12},{"not_picked":["HollowMod:theNailsmith","HollowMod:CycloneSlash","HollowMod:ChannelNail"],"picked":"SKIP","floor":14},{"not_picked":["HollowMod:HerrahsAnger","HollowMod:MidwifesHunger"],"picked":"HollowMod:LordofShades","floor":16},{"not_picked":["HollowMod:CycloneSlash+1"],"picked":"SKIP","floor":18},{"not_picked":[],"picked":"HollowMod:CloakDash+1","floor":19},{"not_picked":[],"picked":"HollowMod:DashSlash","floor":20},{"not_picked":["HollowMod:DreamGate"],"picked":"SKIP","floor":22},{"not_picked":["HollowMod:Grubsong"],"picked":"SKIP","floor":24},{"not_picked":["HollowMod:GrimmsGift"],"picked":"SKIP","floor":25},{"not_picked":["HollowMod:SiblingsSouls"],"picked":"SKIP","floor":28},{"not_picked":["HollowMod:MonomonsArchive+1"],"picked":"SKIP","floor":29},{"not_picked":[],"picked":"HollowMod:SoulMaster","floor":33},{"not_picked":[],"picked":"HollowMod:RecoilStrike","floor":35},{"not_picked":[],"picked":"HollowMod:ShadowDash","floor":36},{"not_picked":["HollowMod:MothsMistake+1"],"picked":"SKIP","floor":39}],"player_experience":159144,"relics_obtained":[{"floor":9,"key":"Meat on the Bone"},{"floor":20,"key":"Red Mask"},{"floor":26,"key":"Ancient Tea Set"}],"event_choices":[{"damage_healed":0,"gold_gain":0,"player_choice":"Grow","damage_taken":0,"max_hp_gain":0,"max_hp_loss":0,"event_name":"Living Wall","floor":3,"gold_loss":0,"cards_upgraded":["HollowMod:CloakDash"]},{"damage_healed":0,"gold_gain":0,"player_choice":"Fought Bandits","damage_taken":0,"max_hp_gain":0,"max_hp_loss":0,"event_name":"Masked Bandits","floor":20,"gold_loss":0},{"damage_healed":0,"gold_gain":75,"player_choice":"Touch","damage_taken":7,"max_hp_gain":0,"max_hp_loss":0,"event_name":"FaceTrader","floor":21,"gold_loss":0}],"is_beta":false,"boss_relics":[{"not_picked":["Tiny House","Replay:Wanted Poster"],"picked":"Busted Crown"},{"not_picked":["SacredBark","Runic Dome"],"picked":"Replay:Bronze Core"}],"items_purged_floors":[31],"is_endless":false,"potions_floor_spawned":[1,8,10,16,19,20,24,25,28],"killed_by":"Nemesis","ascension_level":0}}