{"host":"le69utka9ynaq64d","time":1609446192,"event":{"mods":["AchievementEnabler","Aspiration","BaseMod","Block Reminder","Conspire","Energized Spire","GifTheSpireLib","Halation","Hubris","Minty Spire (QoL Compilation)","Permanent Neow","Quick Restart","Replay The Spire","RiskOfSpire","StSLib","Stuff the Spire","The Forsaken","Trackpad","Uncapped","vexMod"],"gold_per_floor":[113,132,62,72,83,113,66,66,66,66,241,241,260,272,272,274,274,214,214],"floor_reached":18,"playtime":1130,"items_purged":[],"score":187,"play_id":"1e2ddce9-526b-4d7d-9b28-bbc56ecc66f2","local_time":"20201231152312","daily_mods":["Specialized"],"is_ascension_mode":false,"campfire_choices":[{"floor":8,"key":"REST"},{"data":"ReplaySolidLightProjector","floor":12,"key":"SMITH"},{"floor":15,"key":"REST"}],"circlet_count":0,"master_deck":["Strike_B","Strike_B","Strike_B","Strike_B","Defend_B","Defend_B","Defend_B","Defend_B","Zap","Dualcast","ReplayGash","ReplayGash","ReplayGash","ReplayGash","ReplayGash","Leap","Double Energy","StuffTheSpire:ShieldGenerator","ReplaySolidLightProjector+1","Amplify","StuffTheSpire:Coldhearted","Gash","Doubt","StuffTheSpire:ShieldGenerator"],"relics":["Cracked Core","Snack Pack","Mango","aspiration:BabyByrd","riskOfSpire:BerzerkersPauldron","riskOfSpire:FiftySevenLeafClover","energizedSpire:CursedPentagram"],"acts_visited":["Exordium","TheCity"],"potions_floor_usage":[16,16],"damage_taken":[{"damage":6,"enemies":"2 Louse","floor":1,"turns":2},{"damage":0,"enemies":"Cultist","floor":2,"turns":3},{"damage":15,"enemies":"Jaw Worm","floor":4,"turns":3},{"damage":7,"enemies":"Exordium Thugs","floor":5,"turns":5},{"damage":21,"enemies":"Gremlin Nob","floor":6,"turns":4},{"damage":0,"enemies":"Blue Slaver","floor":13,"turns":5},{"damage":0,"enemies":"2 Fungi Beasts","floor":14,"turns":5},{"damage":51,"enemies":"Slime Boss","floor":16,"turns":11},{"damage":9,"enemies":"2 Thieves","floor":18,"turns":3}],"seed_played":"643982293302804134","potions_obtained":[{"floor":2,"key":"LiquidBronze"},{"floor":4,"key":"Toxic Potion"},{"floor":5,"key":"Fire Potion"},{"floor":6,"key":"Swift Potion"}],"is_trial":true,"path_per_floor":["M","M","$","M","M","E","$","R","T","?","?","R","M","M","R","B",null,"M"],"character_chosen":"DEFECT","items_purchased":["StuffTheSpire:ShieldGenerator","Gash"],"campfire_rested":2,"item_purchase_floors":[3,7],"current_hp_per_floor":[69,69,69,54,47,26,26,48,62,62,62,62,62,54,80,29,89,80,80],"gold":214,"neow_bonus":"","is_daily":false,"chose_seed":false,"campfire_upgraded":1,"win_rate":0.0,"timestamp":1609446192,"path_taken":["M","M","$","M","M","E","$","R","T","?","?","R","M","M","R","BOSS","M"],"items_purchased_type":["Card","Card"],"build_version":"2020-12-22","purchased_purges":0,"victory":false,"max_hp_per_floor":[75,75,75,75,75,75,75,75,89,89,89,89,89,89,89,89,89,89,89],"card_choices":[{"not_picked":["BasicCrystalCard","Crystallizer"],"picked":"Leap","floor":1},{"not_picked":["StuffTheSpire:GlassShard","Compile Driver"],"picked":"Double Energy","floor":2},{"not_picked":["ReplayTheSpireMod:Calculation Training","Tempest"],"picked":"ReplaySolidLightProjector","floor":4},{"not_picked":["Redo","Panic Button"],"picked":"Amplify","floor":5},{"not_picked":["Cold Snap","Barrage"],"picked":"StuffTheSpire:Coldhearted","floor":6},{"not_picked":["ReplayTheSpireMod:Calculation Training","Storm"],"picked":"StuffTheSpire:ShieldGenerator","floor":13}],"player_experience":420712,"relics_obtained":[{"floor":6,"key":"Snack Pack"},{"floor":9,"key":"Mango"},{"floor":14,"key":"riskOfSpire:BerzerkersPauldron"},{"floor":16,"key":"riskOfSpire:FiftySevenLeafClover"}],"event_choices":[{"damage_healed":0,"gold_gain":175,"player_choice":"AGREE","damage_taken":0,"max_hp_gain":0,"max_hp_loss":0,"event_name":"Liars Game","floor":11,"gold_loss":0,"cards_obtained":["Doubt"]}],"is_beta":false,"boss_relics":[{"not_picked":["aspiration:RunicSpoon","aspiration:PoetsPen_weak"],"picked":"energizedSpire:CursedPentagram"}],"items_purged_floors":[],"is_endless":false,"potions_floor_spawned":[2,4,5,6],"killed_by":"2 Thieves","ascension_level":0}}