{"host":"480qzmvu0s2e3e6w","time":1609438516,"event":{"mods":["BaseMod","Colored Map","DeckTracker","Minty Spire (QoL Compilation)","StSLib","SuperFastMode"],"gold_per_floor":[33,33,73,85,139,139,165,195,220,220,261,297,330,330,330,405,405,419,419,334,348,348,382,382,180,204,204,218,218,31,41,41,140,140,150,150,150,170,182,182,195,195,195,195,46,60,60,95,95,95,95],"floor_reached":50,"playtime":1775,"items_purged":["Strike_R"],"score":830,"play_id":"37a815c7-7173-4dde-bb74-871d22afe94b","local_time":"20210101031516","is_ascension_mode":true,"campfire_choices":[{"data":"Hemokinesis","floor":6.0,"key":"SMITH"},{"data":"HandOfGreed","floor":10.0,"key":"SMITH"},{"data":"Body Slam","floor":15.0,"key":"SMITH"},{"floor":24.0,"key":"REST"},{"data":"Rupture","floor":27.0,"key":"SMITH"},{"data":"Rupture","floor":29.0,"key":"SMITH"},{"data":"Offering","floor":32,"key":"SMITH"},{"data":"Inflame","floor":40,"key":"SMITH"},{"floor":44,"key":"REST"},{"floor":47,"key":"REST"},{"floor":49,"key":"REST"}],"circlet_count":0,"master_deck":["AscendersBane","Strike_R","Strike_R","Defend_R","Defend_R","Defend_R","Defend_R","Bash","HandOfGreed+1","Shrug It Off","Heavy Blade","Hemokinesis+1","Twin Strike","Power Through","Disarm","Rampage","Carnage","Body Slam+1","Immolate","Combust","Offering+1","Rupture+1","Decay","Rupture+1","Combust","Inflame+1","Barricade+1","CurseOfTheBell","True Grit","Pummel+1"],"relics":["Burning Blood","Orichalcum","Akabeko","Juzu Bracelet","Cursed Key","Red Skull","MealTicket","Medical Kit","Calling Bell","Smiling Mask","HornCleat","Ice Cream","ClockworkSouvenir"],"acts_visited":["Exordium","TheCity","TheBeyond"],"potions_floor_usage":[31,33,41,50],"damage_taken":[{"damage":1.0,"enemies":"Cultist","floor":1.0,"turns":3.0},{"damage":11.0,"enemies":"Small Slimes","floor":3.0,"turns":4.0},{"damage":2.0,"enemies":"2 Louse","floor":4.0,"turns":2.0},{"damage":20.0,"enemies":"Exordium Wildlife","floor":5.0,"turns":4.0},{"damage":10.0,"enemies":"Gremlin Nob","floor":7.0,"turns":3.0},{"damage":10.0,"enemies":"Looter","floor":8.0,"turns":4.0},{"damage":2.0,"enemies":"Exordium Thugs","floor":11.0,"turns":3.0},{"damage":2.0,"enemies":"Blue Slaver","floor":12.0,"turns":2.0},{"damage":22.0,"enemies":"Lagavulin","floor":13.0,"turns":5.0},{"damage":21.0,"enemies":"Hexaghost","floor":16.0,"turns":11.0},{"damage":7.0,"enemies":"2 Thieves","floor":18.0,"turns":3.0},{"damage":12.0,"enemies":"Spheric Guardian","floor":21.0,"turns":4.0},{"damage":31.0,"enemies":"Book of Stabbing","floor":23.0,"turns":5.0},{"damage":2.0,"enemies":"3 Cultists","floor":28.0,"turns":3.0},{"damage":12,"enemies":"Cultist and Chosen","floor":31,"turns":4},{"damage":137,"enemies":"Collector","floor":33,"turns":10},{"damage":20,"enemies":"Orb Walker","floor":35,"turns":3},{"damage":35,"enemies":"3 Darklings","floor":38,"turns":3},{"damage":37,"enemies":"Maw","floor":39,"turns":7},{"damage":25,"enemies":"Spire Growth","floor":41,"turns":5},{"damage":50,"enemies":"Writhing Mass","floor":46,"turns":5},{"damage":10,"enemies":"4 Shapes","floor":48,"turns":5},{"damage":81,"enemies":"Time Eater","floor":50,"turns":5}],"seed_played":"-7680757846494662922","potions_obtained":[{"floor":3.0,"key":"ColorlessPotion"},{"floor":5.0,"key":"Fire Potion"},{"floor":8.0,"key":"Dexterity Potion"},{"floor":16.0,"key":"SkillPotion"},{"floor":21.0,"key":"Dexterity Potion"},{"floor":23.0,"key":"SpeedPotion"},{"floor":33,"key":"DuplicationPotion"},{"floor":38,"key":"CultistPotion"},{"floor":41,"key":"Fire Potion"}],"is_trial":false,"path_per_floor":["M","?","M","M","M","R","E","M","T","R","M","M","E","?","R","B",null,"M","?","?","M","?","E","R","$","T","R","M","R","$","M","R","B",null,"M","?","?","M","M","R","M","?","T","R","$","M","R","M","R","B"],"character_chosen":"IRONCLAD","items_purchased":["Rupture","Dexterity Potion","Combust","Medical Kit","ClockworkSouvenir"],"campfire_rested":4,"item_purchase_floors":[25,25,30,30,45],"current_hp_per_floor":[73,73,68,72,58,58,54,50,50,50,54,58,42,35,35,20,61,60,60,60,54,33,8,32,32,32,32,36,36,51,45,45,33,68,54,54,54,75,44,44,25,25,25,47,62,18,40,36,58,0,0],"gold":95,"neow_bonus":"RANDOM_COLORLESS_2","is_daily":false,"chose_seed":false,"campfire_upgraded":7,"win_rate":0.0,"timestamp":1609438516,"path_taken":["M","?","M","M","M","R","E","M","T","R","M","M","E","?","R","BOSS","M","?","?","M","?","E","R","$","T","R","M","R","$","M","R","BOSS","M","?","?","M","M","R","M","?","T","R","$","M","R","M","R","BOSS"],"items_purchased_type":["Card","Potion","Card","Relic","Relic"],"build_version":"2020-12-22","purchased_purges":1,"victory":false,"max_hp_per_floor":[75,75,75,75,75,75,75,75,75,75,75,75,75,75,75,75,75,75,75,75,75,80,80,80,80,80,80,80,80,80,80,80,80,80,80,80,80,80,80,80,80,76,76,76,76,76,76,76,76,76,76],"card_choices":[{"not_picked":["Thinking Ahead","Sadistic Nature"],"picked":"HandOfGreed","floor":0.0},{"not_picked":["Flex","Sentinel"],"picked":"Shrug It Off","floor":1.0},{"not_picked":["Perfected Strike","Armaments"],"picked":"Hemokinesis","floor":3.0},{"not_picked":["Heavy Blade","Intimidate"],"picked":"Twin Strike","floor":4.0},{"not_picked":["Cleave","Clothesline"],"picked":"Power Through","floor":5.0},{"not_picked":["Armaments","Anger"],"picked":"Disarm","floor":7.0},{"not_picked":["Hemokinesis","Dropkick"],"picked":"Rampage","floor":8.0},{"not_picked":["Brutality","Havoc"],"picked":"Carnage","floor":11.0},{"not_picked":["Armaments","Reckless Charge"],"picked":"Body Slam","floor":12.0},{"not_picked":["Heavy Blade","Wild Strike","Body Slam"],"picked":"SKIP","floor":13.0},{"not_picked":["Barricade","Brutality"],"picked":"Immolate","floor":16.0},{"not_picked":["Hemokinesis","Pommel Strike","Disarm"],"picked":"SKIP","floor":18.0},{"not_picked":["Twin Strike","Thunderclap"],"picked":"Combust","floor":21.0},{"not_picked":["Headbutt","Rampage"],"picked":"Offering","floor":23.0},{"not_picked":["Rupture","Searing Blow","Disarm"],"picked":"SKIP","floor":28.0},{"not_picked":["Searing Blow","Disarm"],"picked":"Rupture","floor":28.0},{"not_picked":["Shrug It Off","Heavy Blade"],"picked":"Inflame","floor":31},{"not_picked":["Immolate","Demon Form"],"picked":"Barricade","floor":33},{"not_picked":["Pommel Strike","Sentinel","Thunderclap+1"],"picked":"SKIP","floor":35},{"not_picked":["Dropkick","Clash","Rupture+1"],"picked":"SKIP","floor":38},{"not_picked":["Iron Wave","Brutality","Perfected Strike+1"],"picked":"SKIP","floor":39},{"not_picked":["Perfected Strike+1","Body Slam","Armaments"],"picked":"SKIP","floor":41},{"not_picked":["Flex","Iron Wave+1"],"picked":"True Grit","floor":46},{"not_picked":["Bloodletting","Heavy Blade"],"picked":"Pummel+1","floor":48}],"player_experience":626456,"relics_obtained":[{"floor":7.0,"key":"Orichalcum"},{"floor":9.0,"key":"Akabeko"},{"floor":13.0,"key":"Juzu Bracelet"},{"floor":26.0,"key":"MealTicket"},{"floor":34,"key":"Smiling Mask"},{"floor":34,"key":"HornCleat"},{"floor":34,"key":"Ice Cream"}],"event_choices":[{"damage_healed":0.0,"max_hp_gain":0.0,"max_hp_loss":0.0,"gold_gain":0.0,"cards_transformed":["Strike_R"],"event_name":"Transmorgrifier","player_choice":"Transformed","floor":2.0,"gold_loss":0.0,"damage_taken":0.0,"cards_obtained":["Heavy Blade"]},{"cards_removed":["Strike_R"],"damage_healed":0.0,"max_hp_gain":0.0,"max_hp_loss":0.0,"gold_gain":0.0,"event_name":"Golden Wing","player_choice":"Card Removal","floor":14.0,"gold_loss":0.0,"damage_taken":7.0},{"damage_healed":0.0,"max_hp_gain":0.0,"max_hp_loss":0.0,"gold_gain":0.0,"event_name":"Cursed Tome","player_choice":"Ignored","floor":19.0,"gold_loss":0.0,"damage_taken":0.0},{"damage_healed":0.0,"max_hp_gain":0.0,"max_hp_loss":0.0,"gold_gain":0.0,"event_name":"Addict","player_choice":"Obtained Relic","floor":20.0,"gold_loss":85.0,"damage_taken":0.0,"relics_obtained":["Red Skull"]},{"damage_healed":0.0,"max_hp_gain":5.0,"max_hp_loss":0.0,"gold_gain":0.0,"event_name":"Forgotten Altar","player_choice":"Shed Blood","floor":22.0,"gold_loss":0.0,"damage_taken":26.0},{"damage_healed":0,"gold_gain":0,"player_choice":"Ignored","damage_taken":0,"max_hp_gain":0,"max_hp_loss":0,"event_name":"Tomb of Lord Red Mask","floor":36,"gold_loss":0},{"damage_healed":0,"gold_gain":0,"player_choice":"Forge","damage_taken":0,"max_hp_gain":0,"max_hp_loss":0,"event_name":"Accursed Blacksmith","floor":37,"gold_loss":0,"cards_upgraded":["Barricade"]},{"damage_healed":0,"gold_gain":0,"player_choice":"Max HP","damage_taken":0,"max_hp_gain":0,"max_hp_loss":4,"event_name":"Winding Halls","floor":42,"gold_loss":0}],"is_beta":false,"boss_relics":[{"not_picked":["SlaversCollar","Coffee Dripper"],"picked":"Cursed Key"},{"not_picked":["Tiny House","Runic Cube"],"picked":"Calling Bell"}],"items_purged_floors":[25],"is_endless":false,"potions_floor_spawned":[3,5,8,11,16,21,23,33,38,41,46],"killed_by":"Time Eater","ascension_level":15}}