{"host":"15dd7v8o90xso62x","time":1609444537,"event":{"mods":["BaseMod","Minty Spire (QoL Compilation)","Quick Restart","StSLib","SuperFastMode"],"gold_per_floor":[119,132,132,146,165,165,194,209,233,262,262,292,292,308,308,380,380,394,408,425,475,486,486,486],"floor_reached":23,"playtime":680,"items_purged":[],"score":680,"play_id":"f16ab3d4-fbb8-40fe-9aad-efcb0c0abbe3","local_time":"20210101045537","is_ascension_mode":true,"campfire_choices":[{"data":"Glass Knife","floor":6.0,"key":"SMITH"},{"floor":11.0,"key":"REST"},{"data":"Cloak And Dagger","floor":13.0,"key":"SMITH"},{"data":"Terror","floor":15.0,"key":"SMITH"}],"circlet_count":0,"master_deck":["AscendersBane","Strike_G","Strike_G","Strike_G","Strike_G","Strike_G","Defend_G","Defend_G","Defend_G","Defend_G","Defend_G","Survivor","Neutralize","Glass Knife+1","Blade Dance","Dagger Spray","Backstab","Terror+1","Dodge and Roll","PiercingWail","Cloak And Dagger+1","Blade Dance","Adrenaline","Infinite Blades","Blade Dance","Cloak And Dagger","PiercingWail"],"relics":["Ring of the Snake","Boot","Regal Pillow","Juzu Bracelet","Bag of Marbles","Runic Pyramid"],"acts_visited":["Exordium","TheCity"],"potions_floor_usage":[18,20,22],"damage_taken":[{"damage":0.0,"enemies":"Cultist","floor":1.0,"turns":3.0},{"damage":0.0,"enemies":"Small Slimes","floor":2.0,"turns":3.0},{"damage":0.0,"enemies":"Jaw Worm","floor":4.0,"turns":3.0},{"damage":0.0,"enemies":"Exordium Wildlife","floor":5.0,"turns":3.0},{"damage":15.0,"enemies":"3 Sentries","floor":7.0,"turns":5.0},{"damage":4.0,"enemies":"Blue Slaver","floor":8.0,"turns":3.0},{"damage":24.0,"enemies":"Lagavulin","floor":10.0,"turns":6.0},{"damage":0.0,"enemies":"Gremlin Nob","floor":12.0,"turns":3.0},{"damage":2.0,"enemies":"3 Louse","floor":14.0,"turns":2.0},{"damage":44.0,"enemies":"The Guardian","floor":16.0,"turns":14.0},{"damage":0,"enemies":"Spheric Guardian","floor":18,"turns":1},{"damage":0,"enemies":"3 Byrds","floor":19,"turns":4},{"damage":42,"enemies":"Snecko","floor":20,"turns":5},{"damage":2,"enemies":"Snake Plant","floor":22,"turns":3},{"damage":0,"enemies":"Slavers","floor":23,"turns":1}],"seed_played":"2711555425937820951","potions_obtained":[{"floor":3.0,"key":"ColorlessPotion"},{"floor":3.0,"key":"Swift Potion"},{"floor":5.0,"key":"BlessingOfTheForge"},{"floor":10.0,"key":"ColorlessPotion"},{"floor":14.0,"key":"LiquidMemories"},{"floor":16.0,"key":"SteroidPotion"},{"floor":19,"key":"AttackPotion"}],"is_trial":false,"path_per_floor":["M","M","?","M","M","R","E","M","T","E","R","E","R","M","R","B",null,"M","M","M","?","M","E"],"character_chosen":"THE_SILENT","items_purchased":[],"campfire_rested":1,"item_purchase_floors":[],"current_hp_per_floor":[59,59,59,59,59,59,44,40,40,16,50,50,50,48,48,4,51,51,51,9,9,7,7,7],"gold":486,"neow_bonus":"ONE_RANDOM_RARE_CARD","is_daily":false,"chose_seed":false,"campfire_upgraded":3,"win_rate":0.0,"timestamp":1609444537,"path_taken":["M","?","?","M","M","R","E","?","T","E","R","E","R","M","R","BOSS","M","M","M","?","M","E"],"items_purchased_type":[],"build_version":"2020-12-22","purchased_purges":0,"victory":false,"max_hp_per_floor":[66,66,66,66,66,66,66,66,66,66,66,66,66,66,66,66,66,66,66,66,66,66,66,66],"card_choices":[{"not_picked":["Dodge and Roll","Choke"],"picked":"Blade Dance","floor":1.0},{"not_picked":["Acrobatics","Flechettes"],"picked":"Dagger Spray","floor":2.0},{"not_picked":["Leg Sweep","Finisher"],"picked":"Backstab","floor":4.0},{"not_picked":["Flying Knee","Underhanded Strike"],"picked":"Terror","floor":5.0},{"not_picked":["Poisoned Stab","Slice"],"picked":"Dodge and Roll","floor":7.0},{"not_picked":["Deflect","Grand Finale"],"picked":"PiercingWail","floor":8.0},{"not_picked":["PiercingWail","Infinite Blades"],"picked":"Cloak And Dagger","floor":10.0},{"not_picked":["Venomology","Terror"],"picked":"Blade Dance","floor":12.0},{"not_picked":["Bane","Dodge and Roll","Sucker Punch"],"picked":"SKIP","floor":14.0},{"not_picked":["Corpse Explosion","Die Die Die"],"picked":"Adrenaline","floor":16.0},{"not_picked":["Deflect","Deadly Poison"],"picked":"Infinite Blades","floor":18},{"not_picked":["Bouncing Flask","Tools of the Trade"],"picked":"Blade Dance","floor":19},{"not_picked":["Slice","Prepared"],"picked":"Cloak And Dagger","floor":20},{"not_picked":["Dagger Spray","Outmaneuver"],"picked":"PiercingWail","floor":22}],"player_experience":974282,"relics_obtained":[{"floor":7.0,"key":"Boot"},{"floor":9.0,"key":"Regal Pillow"},{"floor":10.0,"key":"Juzu Bracelet"},{"floor":12.0,"key":"Bag of Marbles"}],"event_choices":[{"damage_healed":0.0,"max_hp_gain":0.0,"max_hp_loss":0.0,"gold_gain":0.0,"event_name":"Lab","player_choice":"Got Potions","floor":3.0,"gold_loss":0.0,"damage_taken":0.0},{"damage_healed":0,"gold_gain":50,"player_choice":"Stole From Cult","damage_taken":0,"max_hp_gain":0,"max_hp_loss":0,"event_name":"Nest","floor":21,"gold_loss":0}],"is_beta":false,"boss_relics":[{"not_picked":["Philosopher\u0027s Stone","Black Star"],"picked":"Runic Pyramid"}],"items_purged_floors":[],"is_endless":false,"potions_floor_spawned":[4,5,10,14,16,19],"killed_by":"Slavers","ascension_level":20}}