{"host":"1lhpgrjjhxx10cx0","time":1609383303,"event":{"mods":["Arknights The Spire","BaseMod","CapriCore","Friendly Minions","Highlight Path","Minty Spire (QoL Compilation)","Permanent Neow","Quick Restart","StSLib","The Immortal","Waifu the Spire","Yakumo Yukari mod"],"gold_per_floor":[111,36,47,47,61,61,73,85,97,109,133,145,187,217,229,241,241],"floor_reached":16,"playtime":441,"items_purged":["ats:Strike G"],"score":100,"play_id":"5b8d4583-af69-455c-aaf4-23287c7b4802","local_time":"20201231105503","is_ascension_mode":false,"campfire_choices":[{"floor":6,"key":"DIG"},{"floor":8,"key":"DIG"},{"floor":12,"key":"DIG"},{"floor":15,"key":"DIG"}],"circlet_count":0,"master_deck":["ats:Strike C","ats:Strike S","ats:Strike V","ats:Armor Crushing Shot","ats:Defend","ats:Defend","ats:Defend","ats:Defend","ats:Emotion Absorption+1","ats:Ignite","ats:Rapid Magazine","ats:Poison Spread","ats:Poison Spread","ats:Ignite"],"relics":["ats:Sanity","Shovel","MawBank","Kunai","Mummified Hand","Blood Vial","Lizard Tail","ats:Originium","Torii","Boot"],"acts_visited":["Exordium"],"potions_floor_usage":[13],"damage_taken":[{"damage":6,"enemies":"Jaw Worm","floor":1,"turns":6},{"damage":1,"enemies":"Cultist","floor":3,"turns":3},{"damage":0,"enemies":"Small Slimes","floor":5,"turns":3},{"damage":12,"enemies":"Exordium Wildlife","floor":11,"turns":5},{"damage":24,"enemies":"3 Sentries","floor":13,"turns":10},{"damage":8,"enemies":"3 Louse","floor":14,"turns":3},{"damage":0,"enemies":"Hexaghost","floor":16,"turns":2}],"seed_played":"-956304293905629242","potions_obtained":[{"floor":3,"key":"ColorlessPotion"},{"floor":11,"key":"SkillPotion"},{"floor":13,"key":"Explosive Potion"},{"floor":14,"key":"Ancient Potion"}],"is_trial":false,"path_per_floor":["M","$","M","?","M","R","T","R","T","?","M","R","E","M","R","B"],"character_chosen":"DOCTOR_CLASS","items_purchased":[],"campfire_rested":0,"item_purchase_floors":[],"current_hp_per_floor":[59,59,58,58,58,58,58,58,58,63,53,53,31,25,25,27,27],"gold":241,"neow_bonus":"ONE_RARE_RELIC","is_daily":false,"chose_seed":false,"campfire_upgraded":0,"win_rate":0.0,"timestamp":1609383303,"path_taken":["M","$","M","?","?","R","?","R","T","?","M","R","E","M","R","BOSS"],"items_purchased_type":[],"build_version":"2020-12-22","purchased_purges":1,"victory":false,"max_hp_per_floor":[65,65,65,65,65,65,65,65,65,70,70,70,70,70,70,70,70],"card_choices":[{"not_picked":["ats:Consecutive Shot Auto","ats:Childhood Dance"],"picked":"ats:Ignite","floor":1},{"not_picked":["ats:Counter Healing Mode","ats:Childhood Dance"],"picked":"ats:Rapid Magazine","floor":3},{"not_picked":["ats:Consecutive Shot Auto","ats:Cat Scratch","ats:Revitalization"],"picked":"SKIP","floor":5},{"not_picked":["ats:Apocalypse","ats:Assault Order"],"picked":"ats:Poison Spread","floor":11},{"not_picked":["ats:Leaping Hammer","ats:Charging Defense"],"picked":"ats:Poison Spread","floor":13},{"not_picked":["ats:LN2 Cannon","ats:Very Hot Blade"],"picked":"ats:Ignite","floor":14}],"player_experience":94186,"relics_obtained":[{"floor":6,"key":"MawBank"},{"floor":7,"key":"Kunai"},{"floor":8,"key":"Mummified Hand"},{"floor":9,"key":"Blood Vial"},{"floor":12,"key":"Lizard Tail"},{"floor":13,"key":"ats:Originium"},{"floor":13,"key":"Torii"},{"floor":15,"key":"Boot"}],"event_choices":[{"damage_healed":0,"gold_gain":0,"player_choice":"Upgraded","damage_taken":0,"max_hp_gain":0,"max_hp_loss":0,"event_name":"Upgrade Shrine","floor":4,"gold_loss":0,"cards_upgraded":["ats:Emotion Absorption"]},{"damage_healed":0,"gold_gain":0,"player_choice":"Donut","damage_taken":0,"max_hp_gain":5,"max_hp_loss":0,"event_name":"Big Fish","floor":10,"gold_loss":0}],"is_beta":false,"boss_relics":[],"items_purged_floors":[2],"is_endless":false,"potions_floor_spawned":[3,11,13,14],"killed_by":"Hexaghost","ascension_level":0}}