{"host":"qxeepl7ydvsgmfdb","time":1609430148,"event":{"mods":["AchievementEnabler","BaseMod","Colored Powertips","Minty Spire (QoL Compilation)","Quick Restart","slay the spire mod where everything is the same but ironclad has a cowboy hat"],"gold_per_floor":[362,362,362,25,39,39,52,12,12,12,26,56,67,81,81,178,178,191,207,122,47,47,47,79,79,79,79,91,91,91],"floor_reached":29,"playtime":1032,"items_purged":[],"score":316,"play_id":"9a327884-7dd4-4df2-bb8f-e706f0e7cca7","local_time":"20201231105548","is_ascension_mode":true,"campfire_choices":[{"data":"Noxious Fumes","floor":6.0,"key":"SMITH"},{"floor":10.0,"key":"REST"},{"floor":15.0,"key":"REST"},{"floor":23.0,"key":"REST"},{"floor":25.0,"key":"REST"},{"floor":27.0,"key":"REST"}],"circlet_count":0,"master_deck":["Strike_G","Strike_G","Strike_G","Strike_G","Strike_G","Defend_G","Defend_G","Defend_G","Defend_G","Survivor","Neutralize","Backflip","Noxious Fumes+1","Poisoned Stab","Sucker Punch","Bouncing Flask","Cloak And Dagger","Noxious Fumes","Dagger Spray","Dagger Spray+1","After Image","Deadly Poison"],"relics":["Ring of the Snake","Ice Cream","Shuriken","Pantograph","Centennial Puzzle","HoveringKite","Art of War","The Courier","Mercury Hourglass"],"acts_visited":["Exordium","TheCity"],"potions_floor_usage":[],"damage_taken":[{"damage":6.0,"enemies":"Jaw Worm","floor":1.0,"turns":5.0},{"damage":3.0,"enemies":"Cultist","floor":5.0,"turns":3.0},{"damage":9.0,"enemies":"2 Louse","floor":7.0,"turns":2.0},{"damage":9.0,"enemies":"Exordium Thugs","floor":11.0,"turns":4.0},{"damage":9.0,"enemies":"Lagavulin","floor":12.0,"turns":5.0},{"damage":17.0,"enemies":"Blue Slaver","floor":13.0,"turns":4.0},{"damage":3.0,"enemies":"Red Slaver","floor":14.0,"turns":4.0},{"damage":27.0,"enemies":"Slime Boss","floor":16.0,"turns":8.0},{"damage":13.0,"enemies":"3 Byrds","floor":18.0,"turns":4.0},{"damage":25.0,"enemies":"Spheric Guardian","floor":19.0,"turns":5.0},{"damage":55.0,"enemies":"Book of Stabbing","floor":24.0,"turns":7.0},{"damage":29.0,"enemies":"Snecko","floor":28.0,"turns":5.0},{"damage":13,"enemies":"Shelled Parasite and Fungi","floor":29,"turns":2}],"seed_played":"860408821466232316","potions_obtained":[{"floor":1.0,"key":"Block Potion"},{"floor":11.0,"key":"FairyPotion"},{"floor":12.0,"key":"GhostInAJar"},{"floor":24.0,"key":"Weak Potion"}],"is_trial":false,"path_per_floor":["M","?","?","$","M","R","M","$","T","R","M","E","M","M","R","B",null,"M","M","?","?","$","R","E","R","T","R","M","M"],"character_chosen":"THE_SILENT","items_purchased":["Shuriken","Noxious Fumes","Poisoned Stab","Bouncing Flask"],"campfire_rested":5,"item_purchase_floors":[4,4,4,8],"current_hp_per_floor":[57,50,50,50,47,47,38,38,38,56,47,38,21,18,36,34,56,43,18,18,18,18,36,1,19,19,37,8,0,0],"gold":91,"neow_bonus":"TWO_FIFTY_GOLD","is_daily":false,"chose_seed":false,"campfire_upgraded":1,"win_rate":0.0,"timestamp":1609430148,"path_taken":["M","?","?","?","M","R","M","$","T","R","M","E","?","M","R","BOSS","M","M","?","?","?","R","E","R","T","R","M","?"],"items_purchased_type":["Relic","Card","Card","Card"],"build_version":"2020-12-22","purchased_purges":0,"victory":false,"max_hp_per_floor":[63,63,63,63,63,63,63,63,63,63,63,63,63,63,63,63,63,63,63,63,63,63,63,63,63,63,63,63,63,63],"card_choices":[{"not_picked":["Flying Knee","Concentrate"],"picked":"Backflip","floor":1.0},{"not_picked":["Flying Knee","Deflect"],"picked":"Sucker Punch","floor":5.0},{"not_picked":["Acrobatics","Storm of Steel","Riddle With Holes"],"picked":"SKIP","floor":7.0},{"not_picked":["Well Laid Plans","Footwork"],"picked":"Cloak And Dagger","floor":11.0},{"not_picked":["Prepared","Envenom"],"picked":"Noxious Fumes","floor":12.0},{"not_picked":["Flying Knee","Footwork","Expertise"],"picked":"SKIP","floor":13.0},{"not_picked":["Flying Knee","Quick Slash"],"picked":"Dagger Spray","floor":14.0},{"not_picked":["Backflip+1","Cloak And Dagger"],"picked":"Dagger Spray+1","floor":18.0},{"not_picked":["Terror","Predator"],"picked":"After Image","floor":19.0},{"not_picked":["Backflip","Cloak And Dagger"],"picked":"Deadly Poison","floor":24.0},{"not_picked":["Dagger Throw","Dagger Spray+1","Underhanded Strike+1"],"picked":"SKIP","floor":28.0}],"player_experience":339409,"relics_obtained":[{"floor":9.0,"key":"Pantograph"},{"floor":12.0,"key":"Centennial Puzzle"},{"floor":24.0,"key":"The Courier"},{"floor":26.0,"key":"Mercury Hourglass"}],"event_choices":[{"cards_removed":["Defend_G"],"damage_healed":0.0,"max_hp_gain":0.0,"max_hp_loss":0.0,"gold_gain":0.0,"event_name":"Golden Wing","player_choice":"Card Removal","floor":2.0,"gold_loss":0.0,"damage_taken":7.0},{"damage_healed":0.0,"max_hp_gain":0.0,"max_hp_loss":0.0,"gold_gain":0.0,"event_name":"Big Fish","player_choice":"Box","floor":3.0,"gold_loss":0.0,"damage_taken":0.0,"relics_obtained":["Ice Cream"],"cards_obtained":["Regret"]},{"damage_healed":0.0,"max_hp_gain":0.0,"max_hp_loss":0.0,"gold_gain":0.0,"event_name":"Addict","player_choice":"Obtained Relic","floor":20.0,"gold_loss":85.0,"damage_taken":0.0,"relics_obtained":["Art of War"]},{"cards_removed":["Regret"],"damage_healed":0.0,"max_hp_gain":0.0,"max_hp_loss":0.0,"gold_gain":0.0,"event_name":"Beggar","player_choice":"Gave Gold","floor":21.0,"gold_loss":75.0,"damage_taken":0.0}],"is_beta":false,"boss_relics":[{"not_picked":["Busted Crown","Philosopher\u0027s Stone"],"picked":"HoveringKite"}],"items_purged_floors":[],"is_endless":false,"potions_floor_spawned":[1,11,12,24],"killed_by":"Shelled Parasite and Fungi","ascension_level":6}}