{"host":"k7udt7atmcuzf6l0","time":1609405188,"event":{"mods":["AchievementEnabler","BaseMod","Colored Map","Colored Powertips","Highlight Path","Minty Spire (QoL Compilation)","Quick Restart","Rare Cards Sparkle","StSLib","UnlockEverythingMod"],"gold_per_floor":[116,131,131,131,142,142,159,159,159,176,189,189,215,215,215,340,340,363,63,87,107,107,107,107,107,107,128,128,128,163,187,187,308,308,328,328,346,409,49,49,67,105,105,30,51,65,65,0,0,0],"floor_reached":51,"playtime":1266,"items_purged":["Strike_R"],"score":744,"play_id":"679104a6-9ef2-4e12-b666-b8b53385ca35","local_time":"20201231165948","is_ascension_mode":false,"campfire_choices":[{"data":"Flex","floor":6.0,"key":"SMITH"},{"data":"Dual Wield","floor":8.0,"key":"SMITH"},{"data":"Spot Weakness","floor":12.0,"key":"SMITH"},{"data":"Sword Boomerang","floor":15.0,"key":"SMITH"},{"floor":23,"key":"REST"},{"floor":25,"key":"REST"},{"floor":29,"key":"REST"},{"floor":32,"key":"RECALL"},{"floor":40,"key":"REST"},{"floor":47,"key":"REST"},{"floor":49,"key":"REST"}],"circlet_count":0,"master_deck":["Strike_R","Strike_R","Strike_R","Strike_R","Defend_R","Defend_R","Defend_R","Bash","Headbutt","Flex+1","Dual Wield+1","Sword Boomerang+1","Spot Weakness+1","Reaper","Inflame","Shockwave","Flex+1","True Grit+1","Limit Break","Feed","Shrug It Off+1","Swift Strike","Seeing Red+1","Headbutt+1"],"relics":["Burning Blood","NeowsBlessing","Letter Opener","Spirit Poop","Lantern","Tiny Chest","Golden Idol","Fusion Hammer","HandDrill","Anchor","Pear","Happy Flower","Busted Crown","Ice Cream","White Beast Statue","Akabeko","Sundial","Red Mask"],"acts_visited":["Exordium","TheCity","TheBeyond"],"potions_floor_usage":[27,41,42,45,46,50,50,50],"damage_taken":[{"damage":0.0,"enemies":"Small Slimes","floor":1.0,"turns":1.0},{"damage":0.0,"enemies":"Cultist","floor":2.0,"turns":1.0},{"damage":0.0,"enemies":"Jaw Worm","floor":5.0,"turns":1.0},{"damage":10.0,"enemies":"Looter","floor":7.0,"turns":2.0},{"damage":8.0,"enemies":"Red Slaver","floor":10.0,"turns":2.0},{"damage":8.0,"enemies":"2 Fungi Beasts","floor":11.0,"turns":3.0},{"damage":0.0,"enemies":"Lagavulin","floor":13.0,"turns":2.0},{"damage":34.0,"enemies":"The Guardian","floor":16.0,"turns":7.0},{"damage":20.0,"enemies":"2 Thieves","floor":18.0,"turns":3.0},{"damage":17,"enemies":"Shell Parasite","floor":20,"turns":3},{"damage":15,"enemies":"Snecko","floor":21,"turns":5},{"damage":21,"enemies":"Centurion and Healer","floor":27,"turns":5},{"damage":0,"enemies":"Gremlin Leader","floor":30,"turns":2},{"damage":20,"enemies":"Automaton","floor":33,"turns":6},{"damage":30,"enemies":"3 Darklings","floor":35,"turns":4},{"damage":11,"enemies":"3 Shapes","floor":37,"turns":3},{"damage":38,"enemies":"2 Orb Walkers","floor":38,"turns":5},{"damage":24,"enemies":"Maw","floor":41,"turns":5},{"damage":9,"enemies":"Giant Head","floor":42,"turns":5},{"damage":0,"enemies":"Transient","floor":45,"turns":5},{"damage":19,"enemies":"Spire Growth","floor":46,"turns":5},{"damage":110,"enemies":"Time Eater","floor":50,"turns":8}],"seed_played":"-6789255086517361819","potions_obtained":[{"floor":1.0,"key":"AttackPotion"},{"floor":5.0,"key":"Fire Potion"},{"floor":10.0,"key":"Regen Potion"},{"floor":13.0,"key":"SteroidPotion"},{"floor":16.0,"key":"Explosive Potion"},{"floor":21,"key":"PowerPotion"},{"floor":35,"key":"Energy Potion"},{"floor":41,"key":"Weak Potion"},{"floor":42,"key":"EssenceOfSteel"},{"floor":45,"key":"ColorlessPotion"},{"floor":46,"key":"SkillPotion"}],"is_trial":false,"path_per_floor":["M","M","?","?","M","R","M","R","T","M","M","R","E","?","R","B",null,"M","$","M","M","$","R","?","R","T","M","?","R","E","T","R","B",null,"M","?","M","?","$","R","M","E","T","$","M","M","R","?","R","B",null],"character_chosen":"IRONCLAD","items_purchased":["HandDrill","Inflame","Shockwave","White Beast Statue","EntropicBrew"],"campfire_rested":6,"item_purchase_floors":[19,19,19,39,39],"current_hp_per_floor":[80,80,80,80,80,80,76,76,76,74,72,72,80,60,60,32,80,66,66,55,46,46,70,70,80,80,74,74,80,90,90,90,84,90,84,84,90,70,70,90,85,90,90,90,90,81,90,90,90,13],"gold":0,"neow_bonus":"THREE_ENEMY_KILL","is_daily":false,"chose_seed":false,"campfire_upgraded":4,"win_rate":0.0,"timestamp":1609405188,"path_taken":["M","M","?","?","?","R","M","R","T","M","M","R","E","?","R","BOSS","M","$","M","M","$","R","?","R","T","M","?","R","E","?","R","BOSS","M","?","M","?","$","R","M","E","T","$","M","M","R","?","R","BOSS"],"items_purchased_type":["Relic","Card","Card","Relic","Potion"],"build_version":"2020-12-22","purchased_purges":1,"victory":true,"max_hp_per_floor":[80,80,80,80,80,80,80,80,80,80,80,80,80,80,80,80,80,80,80,80,80,80,80,80,80,80,80,80,80,90,90,90,90,90,90,90,90,90,90,90,90,90,90,90,90,90,90,90,90,90],"card_choices":[{"not_picked":["Carnage","Fire Breathing"],"picked":"Headbutt","floor":1.0},{"not_picked":["Twin Strike","Thunderclap"],"picked":"Flex","floor":2.0},{"not_picked":["Havoc","Pommel Strike"],"picked":"Dual Wield","floor":5.0},{"not_picked":["Sentinel","Anger"],"picked":"Sword Boomerang","floor":7.0},{"not_picked":["Shrug It Off","Fire Breathing"],"picked":"Spot Weakness","floor":10.0},{"not_picked":["Wild Strike","Clothesline","Corruption"],"picked":"SKIP","floor":11.0},{"not_picked":["Iron Wave","Shrug It Off","True Grit"],"picked":"SKIP","floor":13.0},{"not_picked":["Brutality","Impervious"],"picked":"Reaper","floor":16.0},{"not_picked":["Dark Embrace+1","Shrug It Off","Entrench"],"picked":"SKIP","floor":18.0},{"not_picked":["Shrug It Off","Thunderclap"],"picked":"Flex+1","floor":20},{"not_picked":["Body Slam","Clothesline+1"],"picked":"True Grit+1","floor":21},{"not_picked":["Heavy Blade","Inflame","Clothesline"],"picked":"SKIP","floor":27},{"not_picked":["Iron Wave+1","Rampage"],"picked":"Limit Break","floor":30},{"not_picked":["Brutality","Juggernaut"],"picked":"Feed","floor":33},{"not_picked":[],"picked":"Shrug It Off+1","floor":35},{"not_picked":[],"picked":"Swift Strike","floor":36},{"not_picked":["Perfected Strike"],"picked":"SKIP","floor":37},{"not_picked":[],"picked":"Seeing Red+1","floor":38},{"not_picked":["Havoc"],"picked":"SKIP","floor":41},{"not_picked":[],"picked":"Headbutt+1","floor":42},{"not_picked":["Entrench+1"],"picked":"SKIP","floor":45},{"not_picked":["Flame Barrier"],"picked":"SKIP","floor":46}],"player_experience":35198,"relics_obtained":[{"floor":9.0,"key":"Lantern"},{"floor":13.0,"key":"Tiny Chest"},{"floor":26,"key":"Anchor"},{"floor":30,"key":"Pear"},{"floor":31,"key":"Happy Flower"},{"floor":38,"key":"Ice Cream"},{"floor":42,"key":"Akabeko"},{"floor":43,"key":"Sundial"}],"event_choices":[{"damage_healed":0.0,"max_hp_gain":0.0,"max_hp_loss":0.0,"gold_gain":0.0,"event_name":"Big Fish","player_choice":"Box","floor":3.0,"gold_loss":0.0,"damage_taken":0.0,"relics_obtained":["Letter Opener"],"cards_obtained":["Regret"]},{"cards_removed":["Regret"],"damage_healed":0.0,"max_hp_gain":0.0,"max_hp_loss":0.0,"gold_gain":0.0,"event_name":"Bonfire Elementals","player_choice":"Offered Curse","floor":4.0,"gold_loss":0.0,"damage_taken":0.0,"relics_obtained":["Spirit Poop"]},{"damage_healed":0.0,"max_hp_gain":0.0,"max_hp_loss":0.0,"gold_gain":0.0,"event_name":"Golden Idol","player_choice":"Take Damage","floor":14.0,"gold_loss":0.0,"damage_taken":20.0,"relics_obtained":["Golden Idol"]},{"damage_healed":0,"gold_gain":0,"player_choice":"Ignored","damage_taken":0,"max_hp_gain":0,"max_hp_loss":0,"event_name":"The Mausoleum","floor":24,"gold_loss":0},{"cards_removed":["Defend_R"],"damage_healed":0,"gold_gain":0,"player_choice":"Card Removal","damage_taken":0,"max_hp_gain":0,"max_hp_loss":0,"event_name":"Wheel of Change","floor":28,"gold_loss":0},{"damage_healed":0,"gold_gain":0,"player_choice":"Memory 1","damage_taken":0,"max_hp_gain":0,"max_hp_loss":0,"event_name":"SensoryStone","floor":36,"gold_loss":0},{"damage_healed":0,"gold_gain":0,"player_choice":"Fight","damage_taken":0,"max_hp_gain":0,"max_hp_loss":0,"event_name":"Mysterious Sphere","floor":38,"gold_loss":0},{"damage_healed":0,"gold_gain":0,"player_choice":"Paid","damage_taken":0,"relics_obtained":["Red Mask"],"max_hp_gain":0,"max_hp_loss":0,"event_name":"Tomb of Lord Red Mask","floor":48,"gold_loss":65}],"is_beta":false,"boss_relics":[{"not_picked":["Black Blood","SacredBark"],"picked":"Fusion Hammer"},{"not_picked":["Velvet Choker","Snecko Eye"],"picked":"Busted Crown"}],"items_purged_floors":[44],"is_endless":false,"potions_floor_spawned":[1,5,10,13,16,21,35,41,42,45,46],"ascension_level":0}}