{"host":"d6ni0fvdmr494qs7","time":1609438698,"event":{"mods":["ATMod(阿瑾Mod)","BaseMod","Colored Powertips","GungeonMod","Hunter 猎人","KomeijiMod","Luminous","Marked Mod","Minty Spire (QoL Compilation)","Replay The Spire","Spicy Shops","StSLib","The Blue Laboratory","WarShipGirlsR/战舰少女R mod","【遗物卡牌】REMEMod"],"gold_per_floor":[175,175,194,194,4,4,24,64,89,89,122,22,46,46,46,176,176,194,69,168,191,211,211,211],"floor_reached":23,"playtime":1619,"items_purged":["Sickly","Strike_Remiria","ScarletNetherworld"],"score":197,"play_id":"6dddca75-245b-4d64-9b12-054db8362a25","local_time":"20210101021818","is_ascension_mode":false,"campfire_choices":[{"floor":6.0,"key":"DIG"},{"floor":15.0,"key":"DIG"}],"circlet_count":0,"master_deck":["Strike_Remiria","Strike_Remiria","Strike_Remiria","Defend_Remirira","Defend_Remirira","Defend_Remirira","Defend_Remirira","Absorbed","Scratch","StigmaNizer","KeiseiJin+1","Demon Form","rmod:diamondstrike","Ball Lightning","AT_FamilyPortrait","HandOfGreed"],"relics":["ThirstyCrossSpe","REME_ComplimentaryCards","AT_ATBox","Shovel","PrismaticShard","Golden Idol","DemoMod:GnawedKey","Mirror","Replay:Bottled Flurry","AT_ArchangelStaff","Bag of Preparation","REME_LowDesire","Akabeko","Omamori","Blood Vial"],"acts_visited":["Exordium","TheCity"],"potions_floor_usage":[23],"damage_taken":[{"damage":0.0,"enemies":"Cultist","floor":1.0,"turns":3.0},{"damage":8.0,"enemies":"Small Slimes","floor":3.0,"turns":4.0},{"damage":5.0,"enemies":"Jaw Worm","floor":7.0,"turns":3.0},{"damage":8.0,"enemies":"Lagavulin","floor":8.0,"turns":7.0},{"damage":43.0,"enemies":"Gremlin Nob","floor":11.0,"turns":6.0},{"damage":9.0,"enemies":"Large Slime","floor":13.0,"turns":6.0},{"damage":30.0,"enemies":"Fading Forest","floor":16.0,"turns":11.0},{"damage":1.0,"enemies":"Chosen","floor":18.0,"turns":4.0},{"damage":15.0,"enemies":"Spheric Guardian","floor":22.0,"turns":4.0},{"damage":81,"enemies":"Book of Stabbing","floor":23,"turns":8}],"seed_played":"1685828915088355326","potions_obtained":[{"floor":1.0,"key":"blueLaboratory:BubblePotion"},{"floor":11.0,"key":"PowerPotion"}],"is_trial":false,"path_per_floor":["M","?","M","?","$","R","M","E","T","?","E","$","M","?","R","B",null,"M","$","?","T","M","E"],"character_chosen":"RemiriaScarlet","items_purchased":["DemoMod:GnawedKey"],"campfire_rested":0,"item_purchase_floors":[5],"current_hp_per_floor":[70,70,62,62,62,62,57,49,49,64,21,21,12,12,12,6,92,91,91,91,91,77,0,0],"gold":211,"neow_bonus":"ONE_RARE_RELIC","is_daily":false,"chose_seed":false,"campfire_upgraded":0,"win_rate":0.0,"timestamp":1609438698,"path_taken":["M","?","M","?","$","R","M","E","T","?","E","$","M","?","R","BOSS","M","$","?","?","M","E"],"items_purchased_type":["Relic"],"build_version":"2020-12-22","purchased_purges":3,"victory":false,"max_hp_per_floor":[100,100,100,92,92,92,92,92,92,92,92,92,92,92,92,92,92,92,92,92,92,92,92,92],"card_choices":[{"not_picked":["BloodyMagicSquare","SeparateFleshBlood"],"picked":"StigmaNizer","floor":1.0},{"not_picked":["Streamline","Luminous:Mana_Overload_Luminous"],"picked":"KeiseiJin+1","floor":3.0},{"not_picked":["Havoc","Luminous:Dark_Morning_Star"],"picked":"Demon Form","floor":7.0},{"not_picked":["FlyingSleeves","Underhanded Strike","KimairaNoYoku"],"picked":"SKIP","floor":8.0},{"not_picked":["TrickFate","DemoMod:SkilledReload"],"picked":"rmod:diamondstrike","floor":11.0},{"not_picked":["MarkedMod:Acupuncture","Headbutt"],"picked":"Ball Lightning","floor":13.0},{"not_picked":["Magnetism","Offering"],"picked":"AT_FamilyPortrait","floor":16.0},{"not_picked":["NingyouSousou+1","SandsOfTime","rmod:overbreakdown+1"],"picked":"HandOfGreed","floor":18.0},{"not_picked":["rmod:unsinkable+1","Combo Recycle","rmod:spoils+1","Chrysalis"],"picked":"SKIP","floor":22.0}],"player_experience":185817,"relics_obtained":[{"floor":6.0,"key":"Mirror"},{"floor":8.0,"key":"Replay:Bottled Flurry"},{"floor":11.0,"key":"AT_ArchangelStaff"},{"floor":15.0,"key":"Bag of Preparation"},{"floor":17.0,"key":"Akabeko"},{"floor":17.0,"key":"Omamori"},{"floor":21.0,"key":"Blood Vial"}],"event_choices":[{"damage_healed":0.0,"max_hp_gain":0.0,"max_hp_loss":8.0,"gold_gain":0.0,"event_name":"Golden Idol","player_choice":"Lose Max HP","floor":4.0,"gold_loss":0.0,"damage_taken":0.0,"relics_obtained":["Golden Idol"]},{"damage_healed":0.0,"max_hp_gain":0.0,"max_hp_loss":0.0,"gold_gain":0.0,"cards_transformed":["RedMagic"],"event_name":"Transmorgrifier","player_choice":"Transformed","floor":14.0,"gold_loss":0.0,"damage_taken":0.0,"cards_obtained":["ScarletNetherworld"]},{"damage_healed":0.0,"max_hp_gain":0.0,"max_hp_loss":0.0,"gold_gain":99.0,"event_name":"Nest","player_choice":"Stole From Cult","floor":20.0,"gold_loss":0.0,"damage_taken":0.0}],"is_beta":false,"boss_relics":[{"not_picked":["Tiny House","Astrolabe"],"picked":"REME_LowDesire"}],"items_purged_floors":[5,12,19],"is_endless":false,"potions_floor_spawned":[1,11],"killed_by":"Book of Stabbing","ascension_level":0}}