{"host":"t574sm73kex1j5cr","time":1609431380,"event":{"mods":["BaseMod","Downfall","Duelist Mod","Hubris","Infinite Spire","Minty Spire (QoL Compilation)","Replay The Spire","StSLib","Td1madao Mod","The Animator","The Bug Knight","The Cursed"],"gold_per_floor":[122,122,122,144,144,193,193,193,193,228,228,228,3,78,42,94,94,209,209,233,268,17,92,134,178,26,26,26,83,128,157,157,177,177,307,307,338,28,28,44,68,106,106,150,150,229,86,86,86,114,114,114],"floor_reached":53,"playtime":10443,"items_purged":["animator:Defend","animator:Strike","animator:Strike"],"score":947,"play_id":"64536d6e-311a-4932-b46c-7dbdee9f7be4","local_time":"20201231111620","is_ascension_mode":true,"campfire_choices":[{"data":"animator:LizardPriest","floor":9,"key":"SMITH"},{"data":"animator:Rena","floor":12,"key":"SMITH"},{"data":"animator:GuildGirl","floor":17,"key":"SMITH"},{"data":"animator:DolaSchwi","floor":27,"key":"SMITH"},{"data":"ReplayTheSpireMod:Chaos Vortex","floor":34,"key":"SMITH"},{"data":"animator:Sora","floor":49,"key":"SMITH"},{"data":"animator:Wiz","floor":51,"key":"SMITH"}],"circlet_count":0,"master_deck":["animator:Strike_GoblinSlayer","animator:Defend_GoblinSlayer","animator:Strike","animator:Defend","animator:Defend+1","animator:LizardPriest+1","animator:DwarfShaman","animator:Chris+1","animator:Mitsurugi","animator:Rena+1","animator:Megumin+15","animator:LizardPriest","animator:Priestess","animator:Sora+1","animator:Witch","animator:IzunaHatsuse","animator:DolaSchwi+1","animator:Wiz+1","animator:Aqua","animator:Spearman","animator:Kaijin","ReplayTheSpireMod:Chaos Vortex+1","animator:Ainz","animator:YunYun","animator:Tet","animator:Bozes","animator:Rena+1","animator:Witch","animator:DolaRiku","animator:Evileye"],"relics":["animator:LivingPicture","animator:TheMissingPiece","Orichalcum","Blood Vial","Gremlin Horn","hubris:TinFlute","Toolbox","animator:OldCoffin","Painkiller Herb","DataDisk","HollowMod:LifeEnderRelic","Runic Capacitor","hubris:PeanutButter","Medical Kit","hubris:Backtick","Lantern","hubris:MedicalManual","Akabeko","infinitespire:Golems Mask","Regal Pillow","Gremlin Food","Boot","Frozen Egg 2","Oddly Smooth Stone","ReplayFunnel"],"acts_visited":["Exordium","TheCity","TheBeyond"],"potions_floor_usage":[6,18,18,29,31,35,35,44,46,52,52,52],"damage_taken":[{"damage":2,"enemies":"2 Louse","floor":1,"turns":4},{"damage":6,"enemies":"Small Slimes","floor":4,"turns":4},{"damage":8,"enemies":"Lagavulin","floor":6,"turns":8},{"damage":0,"enemies":"Cultist","floor":10,"turns":4},{"damage":32,"enemies":"3 Sentries","floor":14,"turns":10},{"damage":7,"enemies":"Exordium Thugs","floor":16,"turns":5},{"damage":27,"enemies":"Fading Forest","floor":18,"turns":11},{"damage":2,"enemies":"Chosen","floor":20,"turns":5},{"damage":0,"enemies":"3 Byrds","floor":21,"turns":4},{"damage":10,"enemies":"Shelled Parasite and Fungi","floor":24,"turns":5},{"damage":0,"enemies":"Gremlin Leader","floor":25,"turns":5},{"damage":0,"enemies":"Centurion and Healer","floor":29,"turns":3},{"damage":0,"enemies":"3 Cultists","floor":30,"turns":5},{"damage":0,"enemies":"Snecko","floor":31,"turns":6},{"damage":0,"enemies":"Centurion and Healer","floor":33,"turns":3},{"damage":1,"enemies":"hubris:MusketHawk","floor":35,"turns":9},{"damage":0,"enemies":"3 Darklings","floor":37,"turns":4},{"damage":0,"enemies":"Orb Walker","floor":40,"turns":3},{"damage":5,"enemies":"Maw","floor":41,"turns":7},{"damage":0,"enemies":"Reptomancer","floor":42,"turns":5},{"damage":0,"enemies":"Nemesis","floor":44,"turns":7},{"damage":0,"enemies":"R_Hoarder","floor":46,"turns":7},{"damage":0,"enemies":"Reptomancer","floor":50,"turns":5},{"damage":21,"enemies":"Replay:Hell Engine","floor":52,"turns":9}],"seed_played":"4873645621622244066","potions_obtained":[{"floor":1,"key":"Block Potion"},{"floor":6,"key":"LiquidBronze"},{"floor":16,"key":"Weak Potion"},{"floor":21,"key":"sneckomod:MuddlingPotion"},{"floor":29,"key":"Venom Potion"},{"floor":30,"key":"champ:CounterPotion"},{"floor":33,"key":"BlessingOfTheForge"},{"floor":40,"key":"DuplicationPotion"},{"floor":42,"key":"champ:CounterPotion"},{"floor":44,"key":"SkillPotion"},{"floor":50,"key":"EssenceOfSteel"}],"is_trial":false,"path_per_floor":["M","?","?","M","T","E","PTL","PTL","R","M","T","R","$","?","$","M","R","B",null,"?","?","T","?","?","E","T","T","T","?","?","?","AVR","?","T","B",null,"?","T","T","?","?","E","AVR","E","T","E","T","?","T","E","T","B",null],"character_chosen":"THE_ANIMATOR","items_purchased":["Toolbox","animator:GuildGirl","DataDisk","Runic Capacitor","hubris:MedicalManual","Oddly Smooth Stone"],"campfire_rested":0,"item_purchase_floors":[13,15,22,26,38,47],"current_hp_per_floor":[64,64,64,61,61,55,55,55,55,57,57,57,57,27,27,22,22,7,67,66,69,69,63,55,58,58,58,58,60,64,68,68,70,70,69,70,72,72,72,73,68,72,72,73,73,73,73,73,73,73,73,52],"gold":114,"neow_bonus":"RANDOM_COMMON_RELIC","is_daily":false,"chose_seed":false,"campfire_upgraded":7,"win_rate":0.0,"timestamp":1609431380,"path_taken":["M","?","?","?","?","E","PTL","PTL","R","M","T","R","$","?","?","M","R","BOSS","?","?","T","?","?","E","T","T","T","?","?","?","AVR","?","T","BOSS","?","T","?","?","?","E","AVR","E","T","E","T","?","T","E","T","BOSS"],"items_purchased_type":["Relic","Card","Relic","Relic","Relic","Relic"],"build_version":"2020-12-22","purchased_purges":3,"victory":true,"max_hp_per_floor":[66,66,66,67,67,67,67,67,67,67,67,67,67,67,67,67,67,67,67,68,69,69,69,69,70,70,70,70,70,70,70,70,70,70,70,70,72,72,72,73,73,73,73,73,73,73,73,73,73,73,73,73],"card_choices":[{"not_picked":["animator:NarberalGamma","animator:Ara"],"picked":"animator:Chris","floor":1},{"not_picked":["animator:Spearman","animator:DwarfShaman"],"picked":"animator:Mitsurugi","floor":4},{"not_picked":["animator:NarberalGamma","animator:Entoma"],"picked":"animator:Rena","floor":6},{"not_picked":["animator:Chris","animator:Mitsurugi"],"picked":"animator:Megumin","floor":10},{"not_picked":["animator:Evileye","animator:PandorasActor"],"picked":"animator:LizardPriest","floor":14},{"not_picked":["animator:Elsword","animator:Bozes"],"picked":"animator:Priestess","floor":16},{"not_picked":["animator:Ainz","animator:Eve"],"picked":"animator:Sora","floor":18},{"not_picked":["animator:YaoHaDucy+1","animator:Bozes"],"picked":"animator:Witch","floor":20},{"not_picked":["animator:DolaRiku","animator:DolaCouronne"],"picked":"animator:IzunaHatsuse","floor":21},{"not_picked":["animator:LizardPriest","animator:Vanir"],"picked":"animator:DolaSchwi","floor":24},{"not_picked":["animator:Cocytus","animator:DolaSchwi"],"picked":"animator:Wiz","floor":25},{"not_picked":["animator:Chung","animator:Entoma"],"picked":"animator:Aqua","floor":29},{"not_picked":["animator:DwarfShaman","animator:Priestess"],"picked":"animator:Spearman","floor":30},{"not_picked":["animator:Ara","animator:PandorasActor"],"picked":"animator:Kaijin","floor":31},{"not_picked":["animator:Ain+1","animator:Souei","animator:Cocytus+1"],"picked":"SKIP","floor":33},{"not_picked":["animator:Eve","animator:ItamiYouji"],"picked":"animator:Ainz","floor":35},{"not_picked":["animator:Spearman","animator:Arpeggio+1"],"picked":"animator:YunYun","floor":37},{"not_picked":["animator:ChlammyZell","animator:DolaCouronne"],"picked":"animator:Tet","floor":40},{"not_picked":["animator:Kazuma","animator:Shion"],"picked":"animator:Bozes","floor":41},{"not_picked":["animator:IzunaHatsuse+1","animator:Vesta+1"],"picked":"animator:Rena+1","floor":42},{"not_picked":["animator:Mitsurugi","animator:Millim+1"],"picked":"animator:Witch","floor":44},{"not_picked":["animator:Jibril","animator:IzunaHatsuse"],"picked":"animator:DolaRiku","floor":46},{"not_picked":["animator:LizardPriest+1","animator:Demiurge"],"picked":"animator:Evileye","floor":50}],"player_experience":141244,"relics_obtained":[{"floor":2,"key":"Blood Vial"},{"floor":5,"key":"Gremlin Horn"},{"floor":6,"key":"hubris:TinFlute"},{"floor":14,"key":"animator:OldCoffin"},{"floor":25,"key":"HollowMod:LifeEnderRelic"},{"floor":28,"key":"hubris:PeanutButter"},{"floor":39,"key":"Akabeko"},{"floor":42,"key":"infinitespire:Golems Mask"},{"floor":44,"key":"Gremlin Food"},{"floor":45,"key":"Boot"},{"floor":46,"key":"Frozen Egg 2"},{"floor":50,"key":"ReplayFunnel"}],"event_choices":[{"damage_healed":0,"gold_gain":30,"player_choice":"Searched \u00272\u0027 times","damage_taken":0,"max_hp_gain":0,"max_hp_loss":0,"event_name":"Dead Adventurer","floor":14,"gold_loss":0},{"damage_healed":0,"gold_gain":75,"player_choice":"Touch","damage_taken":6,"max_hp_gain":0,"max_hp_loss":0,"event_name":"FaceTrader","floor":23,"gold_loss":0},{"cards_removed":["animator:GuildGirl"],"damage_healed":0,"gold_gain":0,"player_choice":"Removed Power","damage_taken":0,"max_hp_gain":0,"max_hp_loss":0,"event_name":"Falling","floor":48,"gold_loss":0}],"is_beta":false,"boss_relics":[{"not_picked":["Mark of Pain","Cursed Key"],"picked":"Painkiller Herb"},{"not_picked":["Replay:Wanted Poster","hubris:CrackedHourglass"],"picked":"hubris:Backtick"}],"items_purged_floors":[13,22,32],"is_endless":false,"potions_floor_spawned":[1,6,16,21,29,30,33,40,42,44,50],"ascension_level":2}}