{"host":"w4b7hmige5bnqipq","time":1609382879,"event":{"mods":["2.2 Compatiblity","BaseMod","Colored Map","DeckTracker","Keyboard Shortcuts","Minty Spire (QoL Compilation)","Permanent Neow","Rare Cards Sparkle","SuperFastMode","everything is the same but u backflip on backflip","slay the spire mod where everything is the same but ironclad has a cowboy hat"],"gold_per_floor":[118,118,131,56,56,86,86,97,142,171,171,204,204,221,221,292,292,312,38,38,50,62,62,62],"floor_reached":23,"playtime":525,"items_purged":["Strike_R"],"score":554,"play_id":"730d7551-25b9-4761-a385-7485dcc9a988","local_time":"20201231114759","is_ascension_mode":true,"campfire_choices":[{"data":"Inflame","floor":7.0,"key":"SMITH"},{"data":"Pommel Strike","floor":11.0,"key":"SMITH"},{"data":"Sword Boomerang","floor":15.0,"key":"SMITH"}],"circlet_count":0,"master_deck":["AscendersBane","Strike_R","Defend_R","Defend_R","Defend_R","Defend_R","Bash+1","Power Through+1","Pommel Strike+1","Inflame+1","Whirlwind","Sword Boomerang+1","Fiend Fire","Feel No Pain"],"relics":["Burning Blood","NeowsBlessing","Blood Vial","Potion Belt","Orichalcum","Letter Opener","Empty Cage","Matryoshka"],"acts_visited":["Exordium","TheCity"],"potions_floor_usage":[23],"damage_taken":[{"damage":0.0,"enemies":"2 Louse","floor":1.0,"turns":1.0},{"damage":0.0,"enemies":"Jaw Worm","floor":3.0,"turns":1.0},{"damage":0.0,"enemies":"Lagavulin","floor":6.0,"turns":1.0},{"damage":1.0,"enemies":"Cultist","floor":8.0,"turns":4.0},{"damage":33.0,"enemies":"3 Sentries","floor":10.0,"turns":7.0},{"damage":4.0,"enemies":"Gremlin Nob","floor":12.0,"turns":4.0},{"damage":8.0,"enemies":"Lots of Slimes","floor":14.0,"turns":5.0},{"damage":0.0,"enemies":"Slime Boss","floor":16.0,"turns":5.0},{"damage":15.0,"enemies":"Shell Parasite","floor":18.0,"turns":3.0},{"damage":7.0,"enemies":"Chosen","floor":21.0,"turns":5.0},{"damage":37.0,"enemies":"Sentry and Sphere","floor":22.0,"turns":7.0},{"damage":42,"enemies":"Book of Stabbing","floor":23,"turns":6}],"seed_played":"-3514859509887166563","potions_obtained":[{"floor":1.0,"key":"EssenceOfSteel"},{"floor":8.0,"key":"Block Potion"},{"floor":12.0,"key":"PowerPotion"},{"floor":22.0,"key":"EssenceOfSteel"}],"is_trial":false,"path_per_floor":["M","?","M","$","?","E","R","M","T","E","R","E","?","M","R","B",null,"M","$","?","M","M","E"],"character_chosen":"IRONCLAD","items_purchased":["Matryoshka"],"campfire_rested":0,"item_purchase_floors":[19],"current_hp_per_floor":[74,51,57,57,62,68,68,75,75,50,50,54,47,47,47,55,74,67,67,67,68,39,0,0],"gold":62,"neow_bonus":"THREE_ENEMY_KILL","is_daily":false,"chose_seed":false,"campfire_upgraded":3,"win_rate":0.0,"timestamp":1609382879,"path_taken":["M","?","M","$","?","E","R","M","T","E","R","E","?","M","R","BOSS","M","$","?","M","M","E"],"items_purchased_type":["Relic"],"build_version":"2020-12-22","purchased_purges":1,"victory":false,"max_hp_per_floor":[75,75,75,75,80,80,80,80,80,80,80,80,80,80,80,80,80,80,80,80,80,80,80,80],"card_choices":[{"not_picked":["Clash","Body Slam"],"picked":"Power Through","floor":1.0},{"not_picked":["Perfected Strike","Headbutt"],"picked":"Pommel Strike","floor":3.0},{"not_picked":["Pommel Strike","Armaments"],"picked":"Inflame","floor":6.0},{"not_picked":["Rampage","Metallicize"],"picked":"Whirlwind","floor":8.0},{"not_picked":["Headbutt","Metallicize","Rupture"],"picked":"SKIP","floor":10.0},{"not_picked":["Entrench","Demon Form","Havoc"],"picked":"SKIP","floor":12.0},{"not_picked":["Sword Boomerang","Iron Wave","Pommel Strike"],"picked":"SKIP","floor":14.0},{"not_picked":["Iron Wave","Pommel Strike"],"picked":"Sword Boomerang","floor":14.0},{"not_picked":["Corruption","Immolate"],"picked":"Fiend Fire","floor":16.0},{"not_picked":["Clash","Iron Wave"],"picked":"Feel No Pain","floor":18.0},{"not_picked":["Clothesline","Spot Weakness","Headbutt"],"picked":"SKIP","floor":21.0},{"not_picked":["Flex","True Grit","Warcry"],"picked":"SKIP","floor":22.0}],"player_experience":445347,"relics_obtained":[{"floor":6.0,"key":"Blood Vial"},{"floor":9.0,"key":"Potion Belt"},{"floor":10.0,"key":"Orichalcum"},{"floor":12.0,"key":"Letter Opener"}],"event_choices":[{"damage_healed":0.0,"max_hp_gain":0.0,"max_hp_loss":0.0,"gold_gain":0.0,"event_name":"Shining Light","player_choice":"Entered Light","floor":2.0,"gold_loss":0.0,"damage_taken":23.0,"cards_upgraded":["Bash","Power Through"]},{"damage_healed":0.0,"max_hp_gain":5.0,"max_hp_loss":0.0,"gold_gain":0.0,"event_name":"Big Fish","player_choice":"Donut","floor":5.0,"gold_loss":0.0,"damage_taken":0.0},{"cards_removed":["Strike_R"],"damage_healed":0.0,"max_hp_gain":0.0,"max_hp_loss":0.0,"gold_gain":0.0,"event_name":"Golden Wing","player_choice":"Card Removal","floor":13.0,"gold_loss":0.0,"damage_taken":7.0},{"damage_healed":0.0,"max_hp_gain":0.0,"max_hp_loss":0.0,"gold_gain":0.0,"event_name":"The Mausoleum","player_choice":"Ignored","floor":20.0,"gold_loss":0.0,"damage_taken":0.0}],"is_beta":false,"boss_relics":[{"not_picked":["Runic Cube","Snecko Eye"],"picked":"Empty Cage"}],"items_purged_floors":[4],"is_endless":false,"potions_floor_spawned":[1,8,12,22],"killed_by":"Book of Stabbing","ascension_level":19}}