{"host":"8qb550oiisecbnz6","time":1609373413,"event":{"mods":["AchievementEnabler","BaseMod","Colored Map","Colored Powertips","Minty Spire (QoL Compilation)","Quick Restart","StSLib"],"gold_per_floor":[114,126,126,143,155,184,184,184,184,211,225,26,26,26],"floor_reached":13,"playtime":728,"items_purged":["Defend_B"],"score":128,"play_id":"a4b85da1-cf19-4e80-8eb4-b70f284a98a4","local_time":"20201231011013","is_ascension_mode":true,"campfire_choices":[{"data":"Zap","floor":7.0,"key":"SMITH"}],"circlet_count":0,"master_deck":["Strike_B","Strike_B","Strike_B","Defend_B","Defend_B","Defend_B","Zap+1","Dualcast","Lockon","Loop","Panacea","Zap","Leap","Flash of Steel","Tempest","Conserve Battery","Defragment"],"relics":["Cracked Core","Torii","Bottled Tornado","Pear"],"acts_visited":["Exordium"],"potions_floor_usage":[10,10,10],"damage_taken":[{"damage":1.0,"enemies":"Cultist","floor":1.0,"turns":3.0},{"damage":2.0,"enemies":"Jaw Worm","floor":2.0,"turns":3.0},{"damage":2.0,"enemies":"2 Louse","floor":4.0,"turns":2.0},{"damage":7.0,"enemies":"Exordium Wildlife","floor":5.0,"turns":5.0},{"damage":25.0,"enemies":"Lagavulin","floor":6.0,"turns":6.0},{"damage":16,"enemies":"Gremlin Nob","floor":10,"turns":3},{"damage":1,"enemies":"3 Louse","floor":11,"turns":3},{"damage":31,"enemies":"3 Sentries","floor":13,"turns":4}],"seed_played":"-9132151084917221251","potions_obtained":[{"floor":1.0,"key":"DuplicationPotion"},{"floor":4.0,"key":"SteroidPotion"},{"floor":6.0,"key":"SteroidPotion"}],"is_trial":false,"path_per_floor":["M","M","?","M","M","E","R","?","T","E","M","$","E"],"character_chosen":"DEFECT","items_purchased":["Conserve Battery","Defragment"],"campfire_rested":0,"item_purchase_floors":[12,12],"current_hp_per_floor":[67,65,65,63,56,31,31,31,31,25,24,24,0,0],"gold":26,"neow_bonus":"REMOVE_CARD","is_daily":false,"chose_seed":false,"campfire_upgraded":1,"win_rate":0.0,"timestamp":1609373413,"path_taken":["M","M","?","M","?","E","R","?","T","E","M","$","E"],"items_purchased_type":["Card","Card"],"build_version":"2020-12-22","purchased_purges":1,"victory":false,"max_hp_per_floor":[75,75,75,75,75,75,75,75,75,85,85,85,85,85],"card_choices":[{"not_picked":["Steam Power","Coolheaded"],"picked":"Lockon","floor":1.0},{"not_picked":["Consume","Rip and Tear"],"picked":"Loop","floor":2.0},{"not_picked":["Stack","Blizzard"],"picked":"Leap","floor":4.0},{"not_picked":["Fusion","Beam Cell","Gash"],"picked":"SKIP","floor":5.0},{"not_picked":["Hyperbeam","Hologram","Rip and Tear"],"picked":"SKIP","floor":6.0},{"not_picked":["Genetic Algorithm","Auto Shields"],"picked":"Tempest","floor":10},{"not_picked":["Coolheaded","Gash","Barrage"],"picked":"SKIP","floor":11}],"player_experience":436330,"relics_obtained":[{"floor":6.0,"key":"Torii"},{"floor":9,"key":"Bottled Tornado"},{"floor":10,"key":"Pear"}],"event_choices":[{"damage_healed":0.0,"max_hp_gain":0.0,"max_hp_loss":0.0,"gold_gain":0.0,"event_name":"Match and Keep!","player_choice":"2 cards matched","floor":3.0,"gold_loss":0.0,"damage_taken":0.0,"cards_obtained":["Panacea","Zap"]},{"damage_healed":0,"gold_gain":0,"player_choice":"1 cards matched","damage_taken":0,"max_hp_gain":0,"max_hp_loss":0,"event_name":"Match and Keep!","floor":8,"gold_loss":0,"cards_obtained":["Flash of Steel"]}],"is_beta":false,"boss_relics":[],"items_purged_floors":[12],"is_endless":false,"potions_floor_spawned":[1,4,6],"killed_by":"3 Sentries","ascension_level":7}}