{"host":"h1l2j95f0ioyx0nx","time":1609395258,"event":{"mods":["AchievementEnabler","BaseMod","BetterRewards","Gold Saver","Minty Spire (QoL Compilation)","Permanent Neow","Quick Restart","Shop Mod","Spicy Shops","StSLib","The Cursed","The Dragon Tamer","The Hierophant","The Poker Player","The Runesmith"],"gold_per_floor":[461,82,102,30,305,331,343,370,370,370,434,454,454,454,454,559,559,575,0,0,0,13,13,33,33,33,33,63,81,81,100,100,201,201,215,215,233,247,247,276,276,276,276,276,290,290,290,321,333,345,345],"floor_reached":50,"playtime":4511,"items_purged":[],"score":602,"play_id":"dcdaad16-21e5-4478-b7db-6e97cb97d2a7","local_time":"20201231151418","is_ascension_mode":true,"campfire_choices":[{"floor":10,"key":"REST"},{"floor":13,"key":"RECALL"},{"floor":15,"key":"REST"},{"data":"Jack Of All Trades","floor":23,"key":"SMITH"},{"data":"Infernal Blade","floor":25,"key":"SMITH"},{"data":"DTMod:Adaptation","floor":30,"key":"SMITH"},{"floor":32,"key":"REST"},{"floor":44,"key":"REST"},{"floor":49,"key":"REST"}],"circlet_count":0,"master_deck":["Strike_R","Strike_R","Strike_R","Strike_R","Defend_R+1","Defend_R","Defend_R+1","Defend_R","Bash","Cleave","Infernal Blade+1","Rage","Rupture","DTMod:CleansingStrike","Iron Wave","Dagger Throw","TheCursedMod:CircleOfAbyss","TheCursedMod:ReleasedStrength","Bloodletting","Jack Of All Trades+1","PokerPlayerMod:Configure+1","TheCursedMod:TroublousMinions","Flash of Steel","DTMod:Training+1","DTMod:Adaptation+1","Pommel Strike","DTMod:WarmUp","Runesmith:UnstableHammer+1","Shrug It Off","Fiend Fire","TheCursedMod:WearCloak","Runesmith:Retool+1","ForeignInfluence+1","Noxious Fumes","Runesmith:Firestorm","Runesmith:CraftProtectio","DTMod:BurningEnergy","hierophant:Doubloon+1"],"relics":["Black Blood","Meat on the Bone","PrismaticShard","Tiny Chest","Bird Faced Urn","Bottled Tornado","War Paint","Runesmith:AutoHammer","MealTicket","Blood Vial","Ice Cream","Prayer Wheel","Mercury Hourglass","Peace Pipe","Black Star","Juzu Bracelet","Molten Egg 2","Du-Vu Doll","Pocketwatch","Letter Opener","MawBank","StoneCalendar"],"acts_visited":["Exordium","TheCity","TheBeyond"],"potions_floor_usage":[11,16,16,16,16,33,40,40,40,45,50],"damage_taken":[{"damage":0,"enemies":"Small Slimes","floor":1,"turns":3},{"damage":1,"enemies":"Cultist","floor":3,"turns":3},{"damage":33,"enemies":"Gremlin Nob","floor":6,"turns":5},{"damage":9,"enemies":"Jaw Worm","floor":7,"turns":3},{"damage":45,"enemies":"Lagavulin","floor":8,"turns":8},{"damage":50,"enemies":"Lagavulin Event","floor":11,"turns":8},{"damage":14,"enemies":"Exordium Thugs","floor":12,"turns":5},{"damage":14,"enemies":"Hexaghost","floor":16,"turns":8},{"damage":24,"enemies":"Chosen","floor":18,"turns":5},{"damage":22,"enemies":"2 Thieves","floor":22,"turns":4},{"damage":27,"enemies":"Snecko","floor":24,"turns":6},{"damage":26,"enemies":"Book of Stabbing","floor":28,"turns":5},{"damage":51,"enemies":"Cultist and Chosen","floor":29,"turns":7},{"damage":15,"enemies":"3 Cultists","floor":31,"turns":5},{"damage":60,"enemies":"Automaton","floor":33,"turns":9},{"damage":23,"enemies":"3 Shapes","floor":35,"turns":5},{"damage":29,"enemies":"Orb Walker","floor":37,"turns":3},{"damage":43,"enemies":"Maw","floor":38,"turns":7},{"damage":64,"enemies":"Nemesis","floor":40,"turns":10},{"damage":48,"enemies":"Spire Growth","floor":45,"turns":5},{"damage":19,"enemies":"Giant Head","floor":48,"turns":8},{"damage":92,"enemies":"Awakened One","floor":50,"turns":6}],"seed_played":"-5554954293741297934","potions_obtained":[{"floor":6,"key":"HeartOfIron"},{"floor":8,"key":"BloodPotion"},{"floor":11,"key":"EntropicBrew"},{"floor":22,"key":"EssenceOfSteel"},{"floor":31,"key":"Energy Potion"},{"floor":33,"key":"GamblersBrew"},{"floor":37,"key":"LiquidMemories"},{"floor":40,"key":"SkillPotion"},{"floor":48,"key":"ColorlessPotion"}],"is_trial":false,"path_per_floor":["M","$","M","$","?","E","M","E","T","R","?","M","R","?","R","B",null,"M","$","T","T","M","R","M","R","T","?","E","M","R","M","R","B",null,"M","$","M","M","T","E","?","?","T","R","M","?","T","E","R","B"],"character_chosen":"IRONCLAD","items_purchased":["Meat on the Bone","Infernal Blade","PrismaticShard","Bloodletting","MealTicket","Blood Vial","Jack Of All Trades"],"campfire_rested":5,"item_purchase_floors":[2,2,4,19,19,19,19],"current_hp_per_floor":[62,62,67,67,67,52,49,22,22,46,32,38,38,31,55,49,80,68,68,68,68,62,62,55,55,55,55,59,38,38,55,79,44,80,69,80,63,54,54,28,20,20,20,44,30,30,30,47,71,0,0],"gold":345,"neow_bonus":"TWO_FIFTY_GOLD","is_daily":false,"chose_seed":false,"campfire_upgraded":3,"win_rate":0.0,"timestamp":1609395258,"path_taken":["M","$","M","$","?","E","?","E","T","R","?","M","R","?","R","BOSS","M","$","?","?","?","R","M","R","T","?","E","M","R","M","R","BOSS","M","$","M","M","?","E","?","?","T","R","M","?","?","E","R","BOSS"],"items_purchased_type":["Relic","Card","Relic","Card","Relic","Relic","Card"],"build_version":"2020-12-22","purchased_purges":0,"victory":false,"max_hp_per_floor":[80,80,80,80,80,80,80,80,80,80,80,80,80,80,80,80,80,80,80,80,80,80,80,80,80,80,80,80,80,80,80,80,80,80,80,80,80,80,80,80,80,80,80,80,80,80,80,80,80,80,80],"card_choices":[{"not_picked":["Sword Boomerang","Hemokinesis"],"picked":"Cleave","floor":1},{"not_picked":["Reckless Charge","Perfected Strike"],"picked":"Rage","floor":3},{"not_picked":["PokerPlayerMod:WasteCollection","Streamline","Runesmith:HammerTime"],"picked":"SKIP","floor":6},{"not_picked":["Go for the Eyes","EmptyFist"],"picked":"Rupture","floor":7},{"not_picked":["PokerPlayerMod:ClubsClub","Slice"],"picked":"DTMod:CleansingStrike","floor":8},{"not_picked":["DTMod:BuildUp","Backflip"],"picked":"Iron Wave","floor":11},{"not_picked":["Runesmith:NegativeSpace","hierophant:ArchangelShield"],"picked":"Dagger Throw","floor":12},{"not_picked":["TheCursedMod:ManaCirculation","Blasphemy"],"picked":"TheCursedMod:CircleOfAbyss","floor":16},{"not_picked":["Runesmith:CraftProtectio","TheCursedMod:CursedStaff"],"picked":"TheCursedMod:ReleasedStrength","floor":18},{"not_picked":["DTMod:Cover+1","Sever Soul"],"picked":"PokerPlayerMod:Configure+1","floor":22},{"not_picked":["TheCursedMod:HellsGateOpen","Runesmith:CraftMagma"],"picked":"TheCursedMod:TroublousMinions","floor":22},{"not_picked":["EmptyBody","Barrage"],"picked":"Flash of Steel","floor":24},{"not_picked":["Wallop+1","Runesmith:HammerThrow"],"picked":"DTMod:Training+1","floor":24},{"not_picked":["hierophant:MorningPrayer","FlyingSleeves"],"picked":"DTMod:Adaptation","floor":28},{"not_picked":["PokerPlayerMod:Configure","Secret Technique"],"picked":"Pommel Strike","floor":29},{"not_picked":["Rip and Tear","PokerPlayerMod:HiddenCard+1"],"picked":"DTMod:WarmUp","floor":29},{"not_picked":["TheCursedMod:Wield+1","hierophant:Refuge"],"picked":"Runesmith:UnstableHammer+1","floor":31},{"not_picked":["CrushJoints","TheCursedMod:FleshFromBone"],"picked":"Shrug It Off","floor":31},{"not_picked":["DTMod:GearUp","Runesmith:CraftPrismatica"],"picked":"Fiend Fire","floor":33},{"not_picked":["Runesmith:EarthShield","Runesmith:HammerTime"],"picked":"TheCursedMod:WearCloak","floor":35},{"not_picked":["hierophant:Encroach","ClearTheMind"],"picked":"Runesmith:Retool+1","floor":35},{"not_picked":["DTMod:DarkBreath","Runesmith:PerfectChisel"],"picked":"ForeignInfluence+1","floor":37},{"not_picked":["hierophant:Exaltation+1","Blizzard","Sucker Punch"],"picked":"SKIP","floor":37},{"not_picked":["DTMod:BurningForce","Pommel Strike"],"picked":"Noxious Fumes","floor":38},{"not_picked":["TheCursedMod:RapidMovement+1","hierophant:Doomsaying"],"picked":"Runesmith:Firestorm","floor":38},{"not_picked":["Doom and Gloom+1","Study"],"picked":"Runesmith:CraftProtectio","floor":40},{"not_picked":["hierophant:PassingBell+1","DTMod:GearUp"],"picked":"DTMod:BurningEnergy","floor":45},{"not_picked":["Halt+1","TheCursedMod:Hemoplague+1","PiercingWail"],"picked":"SKIP","floor":45},{"not_picked":["hierophant:HolyVerse","hierophant:ArchangelShield"],"picked":"hierophant:Doubloon+1","floor":48}],"player_experience":124812,"relics_obtained":[{"floor":6,"key":"Tiny Chest"},{"floor":8,"key":"Bird Faced Urn"},{"floor":9,"key":"Bottled Tornado"},{"floor":20,"key":"Ice Cream"},{"floor":21,"key":"Prayer Wheel"},{"floor":28,"key":"Peace Pipe"},{"floor":39,"key":"Juzu Bracelet"},{"floor":40,"key":"Molten Egg 2"},{"floor":40,"key":"Du-Vu Doll"},{"floor":43,"key":"Pocketwatch"},{"floor":47,"key":"Letter Opener"},{"floor":48,"key":"MawBank"},{"floor":48,"key":"StoneCalendar"}],"event_choices":[{"damage_healed":0,"gold_gain":275,"player_choice":"Desecrate","damage_taken":0,"max_hp_gain":0,"max_hp_loss":0,"event_name":"Golden Shrine","floor":5,"gold_loss":0,"cards_obtained":["Regret"]},{"damage_healed":0,"gold_gain":30,"player_choice":"Searched \u00273\u0027 times","damage_taken":0,"relics_obtained":["War Paint"],"max_hp_gain":0,"max_hp_loss":0,"event_name":"Dead Adventurer","floor":11,"gold_loss":0},{"damage_healed":0,"gold_gain":0,"player_choice":"Success","damage_taken":7,"relics_obtained":["Runesmith:AutoHammer"],"max_hp_gain":0,"max_hp_loss":0,"event_name":"Scrap Ooze","floor":14,"gold_loss":0},{"damage_healed":0,"gold_gain":0,"player_choice":"Opened","damage_taken":0,"relics_obtained":["Mercury Hourglass"],"max_hp_gain":0,"max_hp_loss":0,"event_name":"The Mausoleum","floor":27,"gold_loss":0},{"damage_healed":0,"gold_gain":0,"player_choice":"Damaged","damage_taken":8,"max_hp_gain":0,"max_hp_loss":0,"event_name":"Wheel of Change","floor":41,"gold_loss":0},{"cards_removed":["Strike_R"],"damage_healed":0,"gold_gain":0,"player_choice":"Removed Attack","damage_taken":0,"max_hp_gain":0,"max_hp_loss":0,"event_name":"Falling","floor":42,"gold_loss":0},{"cards_removed":["Regret"],"damage_healed":0,"gold_gain":0,"player_choice":"Purged","damage_taken":0,"max_hp_gain":0,"max_hp_loss":0,"event_name":"Purifier","floor":46,"gold_loss":0}],"is_beta":false,"boss_relics":[{"not_picked":["Empty Cage","SacredBark"],"picked":"Black Blood"},{"not_picked":["Coffee Dripper","Fusion Hammer"],"picked":"Black Star"}],"items_purged_floors":[],"is_endless":false,"potions_floor_spawned":[6,8,11,22,31,33,37,40,48],"killed_by":"Awakened One","ascension_level":1}}