{"host":"w3q5ijqu8eoknil3","time":1609374983,"event":{"mods":["AchievementEnabler","BaseMod","Block Reminder","Colored Powertips","Minty Spire (QoL Compilation)","Quick Restart","Relic Stats","ojb\u0027s Better Paths Mod","ojb\u0027s Info Mod","slay the spire mod where everything is the same but ironclad has a cowboy hat"],"gold_per_floor":[365,378,389,152,166,194,208,218,243,271,236,236,256,27,27,101,101,114,29,51,83,95,107,119,148,160,172,219,231,259,271,271],"floor_reached":31,"playtime":1412,"items_purged":["Strike_G"],"score":471,"play_id":"d50e9d13-29c4-4f0e-ba02-68cbb4f88647","local_time":"20201231003623","is_ascension_mode":true,"campfire_choices":[{"data":"Bouncing Flask","floor":12,"key":"SMITH"},{"floor":15,"key":"REST"},{"data":"A Thousand Cuts","floor":24,"key":"SMITH"},{"floor":27,"key":"DIG"},{"floor":29,"key":"DIG"}],"circlet_count":0,"master_deck":["AscendersBane","Strike_G","Strike_G","Strike_G","Defend_G","Defend_G","Defend_G","Defend_G","Survivor","Neutralize","Blade Dance","Sucker Punch","Dagger Spray","Bandage Up","Blur","Bouncing Flask+1","Concentrate","Acrobatics","Cloak And Dagger","Calculated Gamble","Deflect","A Thousand Cuts+1","Die Die Die","Slice+1","Finisher","Caltrops","Well Laid Plans","Poisoned Stab","Dash","Clumsy","Outmaneuver","Bouncing Flask"],"relics":["Ring of the Snake","Bronze Scales","Centennial Puzzle","Shovel","ClockworkSouvenir","Cursed Key","MawBank","Darkstone Periapt","Akabeko","Frozen Egg 2","Dream Catcher"],"acts_visited":["Exordium","TheCity"],"potions_floor_usage":[10,10,16,18,25,28,31],"damage_taken":[{"damage":13,"enemies":"Jaw Worm","floor":1,"turns":6},{"damage":0,"enemies":"2 Louse","floor":2,"turns":3},{"damage":0,"enemies":"Cultist","floor":3,"turns":4},{"damage":0,"enemies":"Blue Slaver","floor":5,"turns":5},{"damage":26,"enemies":"Lagavulin","floor":6,"turns":6},{"damage":0,"enemies":"3 Louse","floor":7,"turns":3},{"damage":9,"enemies":"Looter","floor":8,"turns":4},{"damage":12,"enemies":"3 Sentries","floor":10,"turns":6},{"damage":0,"enemies":"2 Fungi Beasts","floor":13,"turns":3},{"damage":37,"enemies":"Slime Boss","floor":16,"turns":13},{"damage":1,"enemies":"Chosen","floor":18,"turns":5},{"damage":19,"enemies":"2 Thieves","floor":20,"turns":4},{"damage":16,"enemies":"Centurion and Healer","floor":21,"turns":5},{"damage":12,"enemies":"Snecko","floor":25,"turns":4},{"damage":8,"enemies":"Gremlin Leader","floor":28,"turns":3},{"damage":18,"enemies":"Shelled Parasite and Fungi","floor":30,"turns":5},{"damage":14,"enemies":"Slavers","floor":31,"turns":1}],"seed_played":"7160401205154249219","potions_obtained":[{"floor":1,"key":"ColorlessPotion"},{"floor":3,"key":"DistilledChaos"},{"floor":13,"key":"Explosive Potion"},{"floor":16,"key":"Block Potion"},{"floor":18,"key":"SteroidPotion"},{"floor":21,"key":"Regen Potion"},{"floor":30,"key":"PowerPotion"}],"is_trial":false,"path_per_floor":["M","M","M","$","M","E","M","M","T","E","?","R","M","$","R","B",null,"M","?","M","M","?","?","R","M","T","R","E","R","M","E"],"character_chosen":"THE_SILENT","items_purchased":["Bandage Up","Blur","A Thousand Cuts","ClockworkSouvenir"],"campfire_rested":1,"item_purchase_floors":[4,4,14,14],"current_hp_per_floor":[31,31,31,31,35,13,17,12,12,4,20,20,24,24,43,10,52,55,55,40,28,28,28,28,32,32,32,28,28,14,0,0],"gold":271,"neow_bonus":"TWO_FIFTY_GOLD","is_daily":false,"chose_seed":false,"campfire_upgraded":2,"win_rate":0.0,"timestamp":1609374983,"path_taken":["M","M","M","$","M","E","M","M","T","E","?","R","M","$","R","BOSS","M","?","M","M","?","?","R","M","T","R","E","R","M","E"],"items_purchased_type":["Card","Card","Card","Relic"],"build_version":"2020-12-22","purchased_purges":1,"victory":false,"max_hp_per_floor":[66,66,66,66,66,66,66,66,66,66,66,66,66,66,66,66,66,66,66,66,66,66,66,66,66,66,66,66,66,66,66,66],"relic_stats":{"Darkstone Periapt":0,"Centennial Puzzle":[27],"Dream Catcher":0,"Shovel":2,"counters":[17,80],"Bronze Scales":[133],"Cursed Key":1,"MawBank":144,"obtain_stats":[{"Darkstone Periapt":26,"Centennial Puzzle":9,"Dream Catcher":29,"Shovel":10,"Bronze Scales":6,"Frozen Egg 2":28,"Cursed Key":17,"MawBank":19,"Akabeko":27,"Ring of the Snake":0,"ClockworkSouvenir":14},{"Darkstone Periapt":14,"Centennial Puzzle":7,"Dream Catcher":15,"Shovel":8,"Bronze Scales":5,"Frozen Egg 2":15,"Cursed Key":10,"MawBank":11,"Akabeko":14,"Ring of the Snake":0,"ClockworkSouvenir":9},{"Darkstone Periapt":71,"Centennial Puzzle":31,"Dream Catcher":74,"Shovel":37,"Bronze Scales":24,"Frozen Egg 2":74,"Cursed Key":53,"MawBank":58,"Akabeko":71,"Ring of the Snake":0,"ClockworkSouvenir":40}],"Ring of the Snake":[34]},"card_choices":[{"not_picked":["Concentrate","Prepared"],"picked":"Blade Dance","floor":1},{"not_picked":["Dagger Throw","Concentrate"],"picked":"Sucker Punch","floor":2},{"not_picked":["Heel Hook","Prepared"],"picked":"Dagger Spray","floor":3},{"not_picked":["Leg Sweep","Dagger Spray"],"picked":"Bouncing Flask","floor":5},{"not_picked":["Bane","Quick Slash"],"picked":"Concentrate","floor":6},{"not_picked":["Infinite Blades","Footwork"],"picked":"Acrobatics","floor":7},{"not_picked":["Bouncing Flask","Distraction"],"picked":"Cloak And Dagger","floor":8},{"not_picked":["Distraction","Finisher"],"picked":"Calculated Gamble","floor":10},{"not_picked":["Heel Hook","Underhanded Strike"],"picked":"Deflect","floor":13},{"not_picked":["Doppelganger","Night Terror"],"picked":"Die Die Die","floor":16},{"not_picked":["Eviscerate","Blade Dance"],"picked":"Slice+1","floor":18},{"not_picked":["Backflip+1","Slice"],"picked":"Finisher","floor":20},{"not_picked":["PiercingWail+1","Bouncing Flask"],"picked":"Caltrops","floor":21},{"not_picked":["Poisoned Stab","Prepared"],"picked":"Dash","floor":25},{"not_picked":["Endless Agony","Expertise"],"picked":"Outmaneuver","floor":28},{"not_picked":["Masterful Stab+1","Slice"],"picked":"Bouncing Flask","floor":30}],"player_experience":964600,"relics_obtained":[{"floor":6,"key":"Bronze Scales"},{"floor":9,"key":"Centennial Puzzle"},{"floor":10,"key":"Shovel"},{"floor":26,"key":"Darkstone Periapt"},{"floor":27,"key":"Akabeko"},{"floor":28,"key":"Frozen Egg 2"},{"floor":29,"key":"Dream Catcher"}],"event_choices":[{"damage_healed":16,"gold_gain":0,"player_choice":"Healed","damage_taken":0,"max_hp_gain":0,"max_hp_loss":0,"event_name":"The Cleric","floor":11,"gold_loss":35},{"damage_healed":0,"gold_gain":0,"player_choice":"Obtained Relic","damage_taken":0,"relics_obtained":["MawBank"],"max_hp_gain":0,"max_hp_loss":0,"event_name":"Addict","floor":19,"gold_loss":85},{"damage_healed":0,"gold_gain":0,"cards_transformed":["Strike_G","Defend_G"],"player_choice":"Became Test Subject","damage_taken":0,"max_hp_gain":0,"max_hp_loss":0,"event_name":"Drug Dealer","floor":22,"gold_loss":0,"cards_obtained":["Well Laid Plans","Poisoned Stab"]},{"damage_healed":0,"gold_gain":0,"player_choice":"Ignored","damage_taken":0,"max_hp_gain":0,"max_hp_loss":0,"event_name":"Ghosts","floor":23,"gold_loss":0}],"is_beta":false,"boss_relics":[{"not_picked":["Black Star","Velvet Choker"],"picked":"Cursed Key"}],"items_purged_floors":[4],"is_endless":false,"potions_floor_spawned":[1,3,7,13,16,18,21,30],"killed_by":"Slavers","ascension_level":15}}