{"host":"kh6fvhxn285ncg0o","time":1609397375,"event":{"mods":["Act Like it!","BaseMod","Colored Map","Friendly Minions","Keyboard Shortcuts","Minty Spire (QoL Compilation)","Quick Restart","Relic Stats","StSLib","SuperFastMode"],"gold_per_floor":[109,126,126,141,160,194,194,41,88,99,126,126,154,166,166,243,243,256,256,269,269,305,305,358,403,403,454,190,190,244,244,244,348,348,394,436,74,121,166,224,265,330,330,386,428,476,476,476,476,506,536,536,536,17,72,72],"floor_reached":57,"playtime":2293,"items_purged":["Strike_P","Strike_P","Halt","SignatureMove+1"],"score":3573,"play_id":"8206a015-407e-4f63-b8b3-30f55e962486","local_time":"20201231154935","is_ascension_mode":true,"campfire_choices":[{"floor":7.0,"key":"REST"},{"data":"Adaptation","floor":12.0,"key":"SMITH"},{"data":"Eruption","floor":15.0,"key":"SMITH"},{"data":"Vault","floor":23.0,"key":"SMITH"},{"data":"Wish","floor":32.0,"key":"SMITH"},{"floor":47,"key":"RECALL"},{"data":"DeusExMachina","floor":49,"key":"SMITH"},{"floor":53,"key":"REST"}],"circlet_count":0,"master_deck":["AscendersBane","Eruption+1","Vigilance+1","FearNoEvil+1","Adaptation+1","WheelKick+1","Vault+1","Adaptation+1","Wish+1","Crescendo+1","DeusExMachina+1","Vault+1","Ghostly+1","Ghostly+1","Ghostly+1","LessonLearned+1","Halt+1","FlurryOfBlows+1","EmptyFist+1","InnerPeace+1","Master of Strategy+1","Tantrum+1","Madness+1","Madness+1","Adaptation+1"],"relics":["Philosopher\u0027s Stone","Pantograph","Toy Ornithopter","Pen Nib","Lizard Tail","VioletLotus","TeardropLocket","Gremlin Horn","Question Card","DollysMirror","PreservedInsect","Astrolabe","Whetstone","Frozen Egg 2","Gambling Chip","Toxic Egg 2","Medical Kit","Boot","Akabeko"],"acts_visited":["TheCity","TheBeyond","TheEnding"],"potions_floor_usage":[56,56],"damage_taken":[{"damage":15.0,"enemies":"Small Slimes","floor":1.0,"turns":6.0},{"damage":0.0,"enemies":"Cultist","floor":2.0,"turns":2.0},{"damage":5.0,"enemies":"Jaw Worm","floor":4.0,"turns":2.0},{"damage":1.0,"enemies":"Blue Slaver","floor":5.0,"turns":2.0},{"damage":12.0,"enemies":"3 Sentries","floor":6.0,"turns":5.0},{"damage":4.0,"enemies":"3 Louse","floor":10.0,"turns":3.0},{"damage":24.0,"enemies":"Lagavulin","floor":11.0,"turns":6.0},{"damage":18.0,"enemies":"Gremlin Nob","floor":13.0,"turns":3.0},{"damage":0.0,"enemies":"Exordium Thugs","floor":14.0,"turns":2.0},{"damage":25.0,"enemies":"The Guardian","floor":16.0,"turns":8.0},{"damage":19.0,"enemies":"Shell Parasite","floor":18.0,"turns":4.0},{"damage":19.0,"enemies":"2 Thieves","floor":20.0,"turns":2.0},{"damage":0.0,"enemies":"Snake Plant","floor":22.0,"turns":2.0},{"damage":27.0,"enemies":"Slavers","floor":24.0,"turns":4.0},{"damage":28.0,"enemies":"Snecko","floor":25.0,"turns":3.0},{"damage":6.0,"enemies":"Book of Stabbing","floor":27.0,"turns":3.0},{"damage":0.0,"enemies":"Gremlin Leader","floor":30.0,"turns":5.0},{"damage":0.0,"enemies":"Automaton","floor":33.0,"turns":5.0},{"damage":0.0,"enemies":"3 Shapes","floor":35.0,"turns":3.0},{"damage":6.0,"enemies":"Orb Walker","floor":36.0,"turns":4.0},{"damage":0.0,"enemies":"Sphere and 2 Shapes","floor":38.0,"turns":3.0},{"damage":0.0,"enemies":"Jaw Worm Horde","floor":39.0,"turns":4.0},{"damage":0.0,"enemies":"Reptomancer","floor":40.0,"turns":3.0},{"damage":0,"enemies":"Transient","floor":41,"turns":7},{"damage":0,"enemies":"Giant Head","floor":42,"turns":4},{"damage":0,"enemies":"Reptomancer","floor":44,"turns":2},{"damage":0,"enemies":"Maw","floor":45,"turns":3},{"damage":0,"enemies":"3 Darklings","floor":46,"turns":3},{"damage":0,"enemies":"Donu and Deca","floor":50,"turns":3},{"damage":0,"enemies":"Awakened One","floor":51,"turns":4},{"damage":0,"enemies":"Shield and Spear","floor":55,"turns":2},{"damage":21,"enemies":"The Heart","floor":56,"turns":6}],"seed_played":"-2669407911052657876","potions_obtained":[{"floor":4.0,"key":"Dexterity Potion"},{"floor":5.0,"key":"DistilledChaos"},{"floor":14.0,"key":"PowerPotion"},{"floor":16.0,"key":"FairyPotion"},{"floor":22.0,"key":"SteroidPotion"},{"floor":24.0,"key":"Fruit Juice"},{"floor":33.0,"key":"AttackPotion"},{"floor":38.0,"key":"SteroidPotion"},{"floor":44,"key":"DuplicationPotion"}],"is_trial":false,"path_per_floor":["M","M","?","M","M","E","R","$","T","M","E","R","E","M","R","B",null,"M","T","M","?","M","R","E","M","T","E","$","?","E","?","R","B",null,"M","M","$","M","M","E","M","E","T","E","M","M","R","?","R","B","B",null,"R","$","E","B",null],"character_chosen":"WATCHER","items_purchased":["Adaptation","DollysMirror","InnerPeace","Master of Strategy","Adaptation+1","Medical Kit","Boot"],"campfire_rested":2,"item_purchase_floors":[8,28,37,37,54,54,54],"current_hp_per_floor":[46,46,46,41,40,28,48,48,48,49,25,25,7,7,7,12,54,35,35,16,16,16,16,20,34,34,28,28,28,28,28,28,39,39,39,33,33,33,33,33,33,33,33,33,33,33,33,26,26,39,39,39,39,39,39,28],"gold":72,"neow_bonus":"BOSS_RELIC","is_daily":false,"chose_seed":false,"campfire_upgraded":5,"win_rate":0.0,"timestamp":1609397375,"path_taken":["M","M","?","M","M","E","R","$","T","M","E","R","E","M","R","BOSS","M","?","?","?","M","R","E","M","T","E","?","?","E","?","R","BOSS","M","M","$","M","M","E","M","E","T","E","M","M","R","?","R","BOSS","BOSS","R","$","E","BOSS"],"items_purchased_type":["Card","Relic","Card","Card","Card","Relic","Relic"],"build_version":"2020-12-22","purchased_purges":4,"victory":true,"max_hp_per_floor":[68,68,68,68,68,68,68,68,68,68,68,68,68,68,68,68,68,68,68,68,68,68,68,68,68,68,68,68,34,34,34,34,39,39,39,39,39,39,39,39,39,39,39,39,39,39,39,39,39,39,39,39,39,39,39,39],"relic_stats":{"Gremlin Horn":[24,23],"counters":[32,118],"Astrolabe":["Halt","FlurryOfBlows","EmptyFist"],"Pen Nib":[35],"PreservedInsect":327,"Whetstone":["FearNoEvil","LessonLearned"],"Question Card":13,"Medical Kit":[4],"Boot":[8],"Lizard Tail":34,"Pantograph":44,"Gambling Chip":[24],"VioletLotus":[112],"obtain_stats":[{"Gremlin Horn":24,"Astrolabe":34,"Pen Nib":11,"PreservedInsect":30,"TeardropLocket":19,"Whetstone":40,"Frozen Egg 2":42,"Question Card":27,"Medical Kit":54,"Boot":54,"Akabeko":55,"Lizard Tail":13,"DollysMirror":28,"Pantograph":6,"Gambling Chip":43,"Philosopher\u0027s Stone":0,"VioletLotus":17,"PureWater":0,"Toxic Egg 2":44,"Toy Ornithopter":9},{"Gremlin Horn":14,"Astrolabe":18,"Pen Nib":7,"PreservedInsect":17,"TeardropLocket":11,"Whetstone":23,"Frozen Egg 2":25,"Question Card":16,"Medical Kit":30,"Boot":30,"Akabeko":31,"Lizard Tail":8,"DollysMirror":16,"Pantograph":5,"Gambling Chip":25,"Philosopher\u0027s Stone":0,"VioletLotus":10,"PureWater":0,"Toxic Egg 2":26,"Toy Ornithopter":5},{"Gremlin Horn":51,"Astrolabe":67,"Pen Nib":26,"PreservedInsect":62,"TeardropLocket":43,"Whetstone":84,"Frozen Egg 2":95,"Question Card":57,"Medical Kit":110,"Boot":110,"Akabeko":112,"Lizard Tail":29,"DollysMirror":57,"Pantograph":17,"Gambling Chip":95,"Philosopher\u0027s Stone":0,"VioletLotus":39,"PureWater":0,"Toxic Egg 2":97,"Toy Ornithopter":17}],"Toy Ornithopter":20},"card_choices":[{"not_picked":["Consecrate","CrushJoints"],"picked":"SignatureMove","floor":2.0},{"not_picked":["Perseverance","Consecrate"],"picked":"FearNoEvil","floor":5.0},{"not_picked":["Establishment","FearNoEvil","CutThroughFate"],"picked":"SKIP","floor":6.0},{"not_picked":["Conclude","Judgement","JustLucky"],"picked":"SKIP","floor":11.0},{"not_picked":["CrushJoints","JustLucky"],"picked":"WheelKick","floor":13.0},{"not_picked":["ThirdEye","EmptyBody","PathToVictory"],"picked":"SKIP","floor":14.0},{"not_picked":["SpiritShield","Wish"],"picked":"Vault","floor":16.0},{"not_picked":["WheelKick","EmptyFist","Wallop"],"picked":"SKIP","floor":18.0},{"not_picked":["PathToVictory","Wallop"],"picked":"Adaptation+1","floor":20.0},{"not_picked":["EmptyFist","Pray"],"picked":"DeusExMachina","floor":22.0},{"not_picked":["ClearTheMind+1","WindmillStrike","FlurryOfBlows"],"picked":"SKIP","floor":24.0},{"not_picked":["CutThroughFate+1","Vengeance","ThirdEye"],"picked":"SKIP","floor":25.0},{"not_picked":["Halt","Worship","Collect+1"],"picked":"SKIP","floor":27.0},{"not_picked":["Protect+1","Pray+1","WindmillStrike","ThirdEye"],"picked":"SKIP","floor":30.0},{"not_picked":["Ragnarok","Wish","Judgement"],"picked":"LessonLearned","floor":33.0},{"not_picked":["Halt+1","FlyingSleeves+1","SashWhip+1","ThirdEye"],"picked":"SKIP","floor":35.0},{"not_picked":["Protect","Consecrate","Wireheading","WindmillStrike"],"picked":"SKIP","floor":36.0},{"not_picked":["EmptyBody","ClearTheMind","FollowUp","Consecrate"],"picked":"SKIP","floor":38.0},{"not_picked":["EmptyBody","ClearTheMind","FollowUp","Consecrate"],"picked":"SKIP","floor":38.0},{"not_picked":["CarveReality","BattleHymn","ThirdEye","Adaptation"],"picked":"SKIP","floor":39.0},{"not_picked":["ClearTheMind","Establishment","Sanctity","Evaluate"],"picked":"SKIP","floor":40.0},{"not_picked":["BattleHymn+1","Wireheading","BowlingBash","Evaluate"],"picked":"SKIP","floor":41},{"not_picked":["PathToVictory","Conclude","ThirdEye+1"],"picked":"Tantrum+1","floor":42},{"not_picked":["Meditate+1","Pray+1","EmptyBody+1","FollowUp"],"picked":"SKIP","floor":44},{"not_picked":["Perseverance+1","CrushJoints","ClearTheMind+1","Halt+1"],"picked":"SKIP","floor":45},{"not_picked":["WindmillStrike","PathToVictory+1","BowlingBash+1","Evaluate+1"],"picked":"SKIP","floor":46},{"not_picked":["Crescendo+1","Conclude","Wireheading+1","Wallop"],"picked":"SKIP","floor":55}],"player_experience":3329314,"relics_obtained":[{"floor":6.0,"key":"Pantograph"},{"floor":9.0,"key":"Toy Ornithopter"},{"floor":11.0,"key":"Pen Nib"},{"floor":13.0,"key":"Lizard Tail"},{"floor":19.0,"key":"TeardropLocket"},{"floor":24.0,"key":"Gremlin Horn"},{"floor":27.0,"key":"Question Card"},{"floor":30.0,"key":"PreservedInsect"},{"floor":40.0,"key":"Whetstone"},{"floor":42,"key":"Frozen Egg 2"},{"floor":43,"key":"Gambling Chip"},{"floor":44,"key":"Toxic Egg 2"},{"floor":55,"key":"Akabeko"}],"event_choices":[{"damage_healed":0.0,"max_hp_gain":0.0,"max_hp_loss":0.0,"gold_gain":0.0,"event_name":"Upgrade Shrine","player_choice":"Upgraded","floor":3.0,"gold_loss":0.0,"damage_taken":0.0,"cards_upgraded":["SignatureMove"]},{"damage_healed":0.0,"max_hp_gain":0.0,"max_hp_loss":0.0,"gold_gain":0.0,"cards_transformed":["Strike_P","Strike_P"],"event_name":"Drug Dealer","player_choice":"Became Test Subject","floor":21.0,"gold_loss":0.0,"damage_taken":0.0,"cards_obtained":["Wish","Crescendo"]},{"damage_healed":0.0,"max_hp_gain":0.0,"max_hp_loss":34.0,"gold_gain":0.0,"event_name":"Ghosts","player_choice":"Became a Ghost","floor":29.0,"gold_loss":0.0,"damage_taken":0.0,"cards_obtained":["Ghostly","Ghostly","Ghostly"]},{"damage_healed":0.0,"max_hp_gain":0.0,"max_hp_loss":0.0,"gold_gain":0.0,"cards_transformed":["Defend_P"],"event_name":"Transmorgrifier","player_choice":"Transformed","floor":31.0,"gold_loss":0.0,"damage_taken":0.0,"cards_obtained":["Halt"]},{"damage_healed":0,"gold_gain":0,"player_choice":"Embrace Madness","damage_taken":7,"max_hp_gain":0,"max_hp_loss":0,"event_name":"Winding Halls","floor":48,"gold_loss":0,"cards_obtained":["Madness","Madness"]}],"is_beta":false,"boss_relics":[{"not_picked":["Snecko Eye","SacredBark"],"picked":"VioletLotus"},{"not_picked":["Black Star","Runic Dome"],"picked":"Astrolabe"}],"items_purged_floors":[8,28,37,54],"is_endless":false,"potions_floor_spawned":[4,5,14,16,18,22,24,33,38,40,44,45,46],"ascension_level":20}}