{"host":"lvhfn8l5bvc4nolx","time":1609380686,"event":{"mods":["AchievementEnabler","BaseMod","Colored Map","Keyboard Shortcuts","Minty Spire (QoL Compilation)","Permanent Neow","Quick Restart","SuperFastMode"],"gold_per_floor":[116,116,132,48,67,67,42,52,98,98,131,141,141,141,141,264,264,285,285,306,322,322,322],"floor_reached":22,"playtime":413,"items_purged":[],"score":329,"play_id":"9827f51b-264d-4a9c-aa60-0839d2a231b5","local_time":"20201231111126","is_ascension_mode":true,"campfire_choices":[{"data":"Trip","floor":6,"key":"SMITH"},{"data":"Eruption","floor":13,"key":"SMITH"},{"floor":15,"key":"REST"}],"circlet_count":0,"master_deck":["Strike_P","Strike_P","Defend_P+1","Defend_P","Eruption+1","Vigilance+1","Consecrate","EmptyFist","Trip+1","Fasting2","Halt","SandsOfTime","CutThroughFate","DevaForm","MentalFortress","TalkToTheHand+1"],"relics":["PureWater","Omamori","Nunchaku","Golden Idol","Empty Cage"],"acts_visited":["Exordium","TheCity"],"potions_floor_usage":[],"damage_taken":[{"damage":0,"enemies":"Small Slimes","floor":1,"turns":2},{"damage":0,"enemies":"2 Louse","floor":3,"turns":2},{"damage":0,"enemies":"Cultist","floor":5,"turns":2},{"damage":18,"enemies":"Red Slaver","floor":8,"turns":3},{"damage":0,"enemies":"3 Sentries","floor":11,"turns":1},{"damage":16,"enemies":"Lots of Slimes","floor":12,"turns":4},{"damage":0,"enemies":"Slime Boss","floor":16,"turns":3},{"damage":15,"enemies":"Shell Parasite","floor":18,"turns":3},{"damage":32,"enemies":"3 Byrds","floor":20,"turns":5},{"damage":3,"enemies":"Centurion and Healer","floor":21,"turns":5},{"damage":6,"enemies":"Chosen and Byrds","floor":22,"turns":1}],"seed_played":"2109898498498387201","potions_obtained":[{"floor":3,"key":"SpeedPotion"},{"floor":8,"key":"EssenceOfSteel"},{"floor":12,"key":"EntropicBrew"}],"is_trial":false,"path_per_floor":["M","?","M","$","M","R","$","M","T","?","E","M","R","?","R","B",null,"M","?","M","M","M"],"character_chosen":"WATCHER","items_purchased":["Trip","Halt"],"campfire_rested":1,"item_purchase_floors":[4,7],"current_hp_per_floor":[51,56,56,56,56,56,56,38,38,23,23,7,7,7,28,28,71,56,49,17,14,8,8],"gold":322,"neow_bonus":"REMOVE_TWO","is_daily":false,"chose_seed":false,"campfire_upgraded":2,"win_rate":0.0,"timestamp":1609380686,"path_taken":["M","?","M","$","M","R","$","M","T","?","E","M","R","?","R","BOSS","M","?","?","M","M"],"items_purchased_type":["Card","Card"],"build_version":"2020-12-22","purchased_purges":0,"victory":false,"max_hp_per_floor":[72,77,77,77,77,77,77,77,77,77,77,77,77,71,71,71,71,71,71,71,71,71,71],"card_choices":[{"not_picked":["FollowUp","Protect"],"picked":"Consecrate","floor":1},{"not_picked":["FlurryOfBlows","FlyingSleeves"],"picked":"EmptyFist","floor":3},{"not_picked":["ClearTheMind","Consecrate"],"picked":"Fasting2","floor":5},{"not_picked":["ReachHeaven","Consecrate"],"picked":"SandsOfTime","floor":8},{"not_picked":["JustLucky","Ragnarok"],"picked":"CutThroughFate","floor":11},{"not_picked":["Weave","LikeWater","JustLucky"],"picked":"SKIP","floor":12},{"not_picked":["SpiritShield","Establishment"],"picked":"DevaForm","floor":16},{"not_picked":["DeceiveReality","Indignation"],"picked":"MentalFortress","floor":18},{"not_picked":["CrushJoints+1","ClearTheMind"],"picked":"TalkToTheHand+1","floor":20},{"not_picked":["ClearTheMind","CutThroughFate+1","EmptyFist"],"picked":"SKIP","floor":21}],"player_experience":354925,"relics_obtained":[{"floor":9,"key":"Omamori"},{"floor":11,"key":"Nunchaku"}],"event_choices":[{"damage_healed":0,"gold_gain":0,"player_choice":"Donut","damage_taken":0,"max_hp_gain":5,"max_hp_loss":0,"event_name":"Big Fish","floor":2,"gold_loss":0},{"damage_healed":0,"gold_gain":0,"player_choice":"Entered Light","damage_taken":15,"max_hp_gain":0,"max_hp_loss":0,"event_name":"Shining Light","floor":10,"gold_loss":0,"cards_upgraded":["Defend_P","Vigilance"]},{"damage_healed":0,"gold_gain":0,"player_choice":"Lose Max HP","damage_taken":0,"relics_obtained":["Golden Idol"],"max_hp_gain":0,"max_hp_loss":6,"event_name":"Golden Idol","floor":14,"gold_loss":0},{"damage_healed":0,"gold_gain":0,"player_choice":"Damaged","damage_taken":7,"max_hp_gain":0,"max_hp_loss":0,"event_name":"Wheel of Change","floor":19,"gold_loss":0}],"is_beta":false,"boss_relics":[{"not_picked":["Black Star","HolyWater"],"picked":"Empty Cage"}],"items_purged_floors":[],"is_endless":false,"potions_floor_spawned":[3,8,12,18],"killed_by":"Chosen and Byrds","ascension_level":3}}