{"host":"hig8qfi5vzbgudte","time":1609397470,"event":{"mods":["BaseMod","Colored Map","Downfall","Hermit","Hubris","Jorbs\u0027s Wanderer Trilogy","Minty Spire (QoL Compilation)","Quick Restart","StSLib","The Cursed","The Hierophant","The Marked"],"gold_per_floor":[111,111,125,137,149,149,324,324,324,20,41,41,60,76,76,76,76],"floor_reached":16,"playtime":1367,"items_purged":["Doubt"],"score":92,"play_id":"0ba1d0e1-97a7-4e95-a075-b693ae036f60","local_time":"20201231005110","is_ascension_mode":false,"campfire_choices":[{"data":"hermit:ItchyTrigger","floor":6,"key":"SMITH"},{"data":"hermit:Roulette","floor":8,"key":"SMITH"},{"floor":15,"key":"REST"}],"circlet_count":0,"master_deck":["hermit:Strike_Hermit","hermit:Strike_Hermit","hermit:Strike_Hermit","hermit:Strike_Hermit","hermit:Defend_Hermit","hermit:Defend_Hermit","hermit:Defend_Hermit","hermit:Defend_Hermit","hermit:Snapshot","hermit:Covet","hermit:HighCaliber","hermit:Roulette+1","hermit:ItchyTrigger+1","hermit:GhostlyPresence","hermit:CalledShot","hermit:Maintenance","hermit:WideOpen"],"relics":["hermit:Momento","NeowsBlessing","hubris:Metronome","hubris:TinFlute","HandDrill","Odd Mushroom"],"acts_visited":["Exordium"],"potions_floor_usage":[16,16],"damage_taken":[{"damage":0,"enemies":"Jaw Worm","floor":1,"turns":1},{"damage":0,"enemies":"Cultist","floor":3,"turns":1},{"damage":0,"enemies":"Small Slimes","floor":4,"turns":1},{"damage":5,"enemies":"Looter","floor":5,"turns":2},{"damage":22,"enemies":"The Mushroom Lair","floor":11,"turns":3},{"damage":29,"enemies":"Lots of Slimes","floor":13,"turns":5},{"damage":24,"enemies":"Gremlin Gang","floor":14,"turns":5},{"damage":41,"enemies":"The Guardian","floor":16,"turns":7}],"seed_played":"-5192146899175857082","potions_obtained":[{"floor":4,"key":"DistilledChaos"},{"floor":11,"key":"FearPotion"},{"floor":12,"key":"FairyPotion"}],"is_trial":false,"path_per_floor":["M","?","M","M","M","R","?","R","T","$","?","?","M","M","R","B"],"character_chosen":"HERMIT","items_purchased":["hermit:GhostlyPresence","HandDrill"],"campfire_rested":1,"item_purchase_floors":[10,10],"current_hp_per_floor":[75,75,75,75,70,70,70,70,70,70,48,48,19,18,40,0,0],"gold":76,"neow_bonus":"THREE_ENEMY_KILL","is_daily":false,"chose_seed":false,"campfire_upgraded":2,"win_rate":0.0,"timestamp":1609397470,"path_taken":["M","?","?","M","M","R","?","R","T","$","?","?","M","M","R","BOSS"],"items_purchased_type":["Card","Relic"],"build_version":"2020-12-22","purchased_purges":1,"victory":false,"max_hp_per_floor":[75,75,75,75,75,75,75,75,75,75,75,75,75,75,75,75,75],"card_choices":[{"not_picked":["hermit:BodyArmor","hermit:Vantage"],"picked":"hermit:Ricochet","floor":1},{"not_picked":["hermit:HoleUp","hermit:Misfire"],"picked":"hermit:HighCaliber","floor":3},{"not_picked":["hermit:FatalDesire","hermit:WideOpen"],"picked":"hermit:Roulette","floor":4},{"not_picked":["hermit:EyeOfTheStorm","hermit:Ricochet"],"picked":"hermit:ItchyTrigger","floor":5},{"not_picked":["hermit:HighCaliber","hermit:Desperado"],"picked":"hermit:CalledShot","floor":11},{"not_picked":["hermit:Cheat","hermit:Ricochet"],"picked":"hermit:Maintenance","floor":13},{"not_picked":["hermit:Purgatory","hermit:Ricochet"],"picked":"hermit:WideOpen","floor":14}],"player_experience":24287,"relics_obtained":[{"floor":9,"key":"hubris:TinFlute"},{"floor":11,"key":"Odd Mushroom"}],"event_choices":[{"cards_removed":["hermit:Ricochet"],"damage_healed":0,"gold_gain":0,"player_choice":"Gave Card","damage_taken":0,"relics_obtained":["hubris:Metronome"],"max_hp_gain":0,"max_hp_loss":0,"event_name":"WeMeetAgain","floor":2,"gold_loss":0},{"damage_healed":0,"gold_gain":175,"player_choice":"AGREE","damage_taken":0,"max_hp_gain":0,"max_hp_loss":0,"event_name":"Liars Game","floor":7,"gold_loss":0,"cards_obtained":["Doubt"]},{"damage_healed":0,"gold_gain":0,"player_choice":"Fought Mushrooms","damage_taken":0,"max_hp_gain":0,"max_hp_loss":0,"event_name":"Mushrooms","floor":11,"gold_loss":0},{"damage_healed":0,"gold_gain":0,"player_choice":"Got Potions","damage_taken":0,"max_hp_gain":0,"max_hp_loss":0,"event_name":"Lab","floor":12,"gold_loss":0}],"is_beta":false,"boss_relics":[],"items_purged_floors":[10],"is_endless":false,"potions_floor_spawned":[4,11],"killed_by":"The Guardian","ascension_level":0}}