{"host":"15dd7v8o90xso62x","time":1609412956,"event":{"mods":["BaseMod","Minty Spire (QoL Compilation)","Quick Restart","StSLib","SuperFastMode"],"gold_per_floor":[116,126,138,118,138,468,468,510,510,69,69,104,104,121,121,206,206,233,247,89,103,121,121,143,143,170,170,198,223,223,242,242,316,316,345,369,126,151,171,206,233,233,260,260,309,336,361,385,385,385,385],"floor_reached":50,"playtime":1947,"items_purged":["Strike_R","Strike_R"],"score":1284,"play_id":"53cec698-85d3-4e97-ae58-a5fba31a2999","local_time":"20201231200916","is_ascension_mode":true,"campfire_choices":[{"data":"Immolate","floor":7.0,"key":"SMITH"},{"data":"Apotheosis","floor":11.0,"key":"SMITH"},{"floor":13.0,"key":"REST"},{"data":"Evolve","floor":15.0,"key":"SMITH"},{"data":"Feel No Pain","floor":23.0,"key":"SMITH"},{"floor":25.0,"key":"REST"},{"data":"Seeing Red","floor":27.0,"key":"SMITH"},{"data":"Dark Embrace","floor":30.0,"key":"SMITH"},{"floor":32.0,"key":"REST"},{"floor":42.0,"key":"DIG"},{"floor":44.0,"key":"DIG"},{"floor":49,"key":"RECALL"}],"circlet_count":0,"master_deck":["AscendersBane","Strike_R","Defend_R","Defend_R","Defend_R","Defend_R","Bash","Headbutt","Cleave","Shockwave","Pommel Strike","Immolate+1","Feed","Apotheosis+1","Dark Embrace+1","Evolve+1","Body Slam","Dropkick","Shrug It Off","Fiend Fire","True Grit","Feel No Pain+1","Purity","Havoc","Fiend Fire","Seeing Red+1","Power Through","Dual Wield","Havoc+1","Shrug It Off+1","Flame Barrier","Inflame","Shrug It Off","Fire Breathing","Power Through"],"relics":["Burning Blood","Champion Belt","Old Coin","CeramicFish","Orichalcum","Orrery","Bottled Flame","Runic Cube","Bag of Marbles","Fusion Hammer","Du-Vu Doll","Shovel","Thread and Needle","MealTicket","White Beast Statue","Mango","Anchor","Vajra"],"acts_visited":["Exordium","TheCity","TheBeyond"],"potions_floor_usage":[],"damage_taken":[{"damage":6.0,"enemies":"Jaw Worm","floor":1.0,"turns":4.0},{"damage":4.0,"enemies":"Cultist","floor":2.0,"turns":3.0},{"damage":1.0,"enemies":"2 Louse","floor":3.0,"turns":3.0},{"damage":15.0,"enemies":"2 Fungi Beasts","floor":5.0,"turns":3.0},{"damage":8.0,"enemies":"Gremlin Nob","floor":6.0,"turns":3.0},{"damage":30.0,"enemies":"Lagavulin","floor":8.0,"turns":6.0},{"damage":0.0,"enemies":"Gremlin Nob","floor":12.0,"turns":3.0},{"damage":0.0,"enemies":"Looter","floor":14.0,"turns":1.0},{"damage":33.0,"enemies":"Slime Boss","floor":16.0,"turns":8.0},{"damage":21.0,"enemies":"Shell Parasite","floor":18.0,"turns":5.0},{"damage":27.0,"enemies":"3 Byrds","floor":19.0,"turns":5.0},{"damage":5.0,"enemies":"Snecko","floor":21.0,"turns":3.0},{"damage":17.0,"enemies":"Centurion and Healer","floor":24.0,"turns":5.0},{"damage":39.0,"enemies":"Book of Stabbing","floor":28.0,"turns":5.0},{"damage":0.0,"enemies":"Cultist and Chosen","floor":29.0,"turns":3.0},{"damage":12.0,"enemies":"Snake Plant","floor":31.0,"turns":2.0},{"damage":7.0,"enemies":"Champ","floor":33.0,"turns":6.0},{"damage":2.0,"enemies":"3 Shapes","floor":35.0,"turns":2.0},{"damage":6.0,"enemies":"Orb Walker","floor":36.0,"turns":3.0},{"damage":4.0,"enemies":"Mind Bloom Boss Battle","floor":38.0,"turns":6.0},{"damage":0.0,"enemies":"Jaw Worm Horde","floor":39.0,"turns":2.0},{"damage":4.0,"enemies":"Giant Head","floor":40.0,"turns":4.0},{"damage":28.0,"enemies":"4 Shapes","floor":41.0,"turns":2.0},{"damage":28.0,"enemies":"2 Orb Walkers","floor":45.0,"turns":5.0},{"damage":29.0,"enemies":"Reptomancer","floor":47.0,"turns":5.0},{"damage":20.0,"enemies":"Maw","floor":48.0,"turns":7.0},{"damage":89,"enemies":"Awakened One","floor":50,"turns":12}],"seed_played":"6496788813330016534","potions_obtained":[{"floor":2.0,"key":"SteroidPotion"},{"floor":4.0,"key":"AttackPotion"},{"floor":6.0,"key":"Fruit Juice"},{"floor":14.0,"key":"Ancient Potion"},{"floor":36.0,"key":"FairyPotion"},{"floor":38.0,"key":"SteroidPotion"},{"floor":41.0,"key":"Fruit Juice"},{"floor":45.0,"key":"Weak Potion"},{"floor":47.0,"key":"Ancient Potion"}],"is_trial":false,"path_per_floor":["M","M","M","?","M","E","R","E","T","$","R","E","R","M","R","B",null,"M","M","$","M","?","R","M","R","T","R","E","M","R","M","R","B",null,"M","M","$","?","M","E","M","R","T","R","?","T","E","M","R","B"],"character_chosen":"IRONCLAD","items_purchased":["Apotheosis","Orrery","Fire Potion","Feel No Pain","Purity","Flame Barrier","Inflame"],"campfire_rested":3,"item_purchase_floors":[10,10,10,20,20,37,37],"current_hp_per_floor":[50,52,57,57,48,46,51,27,27,27,27,33,57,63,63,40,73,62,44,44,45,45,45,34,61,61,61,28,38,38,32,60,59,86,90,90,90,92,95,95,78,78,78,78,74,74,51,37,37,0,0],"gold":385,"neow_bonus":"ONE_RARE_RELIC","is_daily":false,"chose_seed":false,"campfire_upgraded":6,"win_rate":0.0,"timestamp":1609412956,"path_taken":["M","M","M","?","M","E","R","E","T","?","R","E","R","M","R","BOSS","M","M","$","M","?","R","M","R","T","R","E","M","R","M","R","BOSS","M","M","$","?","M","E","M","R","T","R","?","?","E","M","R","BOSS"],"items_purchased_type":["Card","Relic","Potion","Card","Card","Card","Card"],"build_version":"2020-12-22","purchased_purges":2,"victory":false,"max_hp_per_floor":[75,75,75,75,75,75,80,80,80,80,80,80,80,80,80,84,84,88,91,91,91,91,91,91,91,91,91,91,95,95,95,95,95,95,95,95,95,95,95,95,100,100,100,100,118,118,118,118,118,118,118],"card_choices":[{"not_picked":["Flex","Burning Pact"],"picked":"Headbutt","floor":1.0},{"not_picked":["Headbutt","Clash"],"picked":"Cleave","floor":2.0},{"not_picked":["Havoc","Anger"],"picked":"Shockwave","floor":3.0},{"not_picked":["Infernal Blade","Twin Strike"],"picked":"Pommel Strike","floor":5.0},{"not_picked":["Uppercut","Carnage"],"picked":"Immolate","floor":6.0},{"not_picked":["True Grit","Havoc"],"picked":"Feed","floor":8.0},{"not_picked":["Cleave","Thunderclap"],"picked":"Dark Embrace","floor":10.0},{"not_picked":["Battle Trance","Clash"],"picked":"Evolve","floor":10.0},{"not_picked":["Clash","Intimidate"],"picked":"Body Slam","floor":10.0},{"not_picked":["Twin Strike","Perfected Strike"],"picked":"Dropkick","floor":10.0},{"not_picked":["Combust","Heavy Blade"],"picked":"Shrug It Off","floor":12.0},{"not_picked":["Juggernaut","Pommel Strike","Heavy Blade"],"picked":"SKIP","floor":14.0},{"not_picked":["Immolate","Exhume"],"picked":"Fiend Fire","floor":16.0},{"not_picked":["True Grit","Sword Boomerang","Wild Strike+1"],"picked":"SKIP","floor":18.0},{"not_picked":["Sword Boomerang","Wild Strike+1"],"picked":"True Grit","floor":18.0},{"not_picked":["True Grit","Iron Wave","Rage"],"picked":"SKIP","floor":19.0},{"not_picked":["Headbutt","Sword Boomerang","Demon Form"],"picked":"SKIP","floor":21.0},{"not_picked":["Anger","Perfected Strike"],"picked":"Seeing Red","floor":24.0},{"not_picked":["Pummel","Warcry","Spot Weakness"],"picked":"SKIP","floor":28.0},{"not_picked":["Ghostly Armor","Havoc"],"picked":"Power Through","floor":29.0},{"not_picked":["Twin Strike","Flex+1"],"picked":"Dual Wield","floor":31.0},{"not_picked":["Infernal Blade+1","True Grit"],"picked":"Havoc+1","floor":35.0},{"not_picked":["Feel No Pain","Armaments"],"picked":"Shrug It Off+1","floor":36.0},{"not_picked":["Cleave+1","Body Slam","Pommel Strike"],"picked":"SKIP","floor":39.0},{"not_picked":["Thunderclap+1","Seeing Red"],"picked":"Shrug It Off","floor":40.0},{"not_picked":["Havoc","Clothesline"],"picked":"Fire Breathing","floor":41.0},{"not_picked":["Flex","Intimidate","Metallicize"],"picked":"SKIP","floor":47.0},{"not_picked":["Rampage","Pummel+1"],"picked":"Power Through","floor":48.0}],"player_experience":972335,"relics_obtained":[{"floor":6.0,"key":"Old Coin"},{"floor":8.0,"key":"CeramicFish"},{"floor":9.0,"key":"Orichalcum"},{"floor":12.0,"key":"Bottled Flame"},{"floor":28.0,"key":"Bag of Marbles"},{"floor":38.0,"key":"Du-Vu Doll"},{"floor":40.0,"key":"Shovel"},{"floor":42.0,"key":"Thread and Needle"},{"floor":43.0,"key":"MealTicket"},{"floor":44.0,"key":"White Beast Statue"},{"floor":45.0,"key":"Mango"},{"floor":46.0,"key":"Anchor"},{"floor":47.0,"key":"Vajra"}],"event_choices":[{"damage_healed":0.0,"max_hp_gain":0.0,"max_hp_loss":0.0,"gold_gain":0.0,"event_name":"The Woman in Blue","player_choice":"Bought 1 Potion","floor":4.0,"gold_loss":0.0,"damage_taken":0.0},{"damage_healed":0.0,"max_hp_gain":0.0,"max_hp_loss":0.0,"gold_gain":0.0,"cards_transformed":["Strike_R","Strike_R"],"event_name":"Drug Dealer","player_choice":"Became Test Subject","floor":22.0,"gold_loss":0.0,"damage_taken":0.0,"cards_obtained":["Havoc","Fiend Fire"]},{"damage_healed":0.0,"max_hp_gain":0.0,"max_hp_loss":0.0,"gold_gain":0.0,"event_name":"MindBloom","player_choice":"Fight","floor":38.0,"gold_loss":0.0,"damage_taken":0.0},{"damage_healed":0.0,"max_hp_gain":0.0,"max_hp_loss":0.0,"gold_gain":0.0,"event_name":"Mysterious Sphere","player_choice":"Fight","floor":45.0,"gold_loss":0.0,"damage_taken":0.0}],"is_beta":false,"boss_relics":[{"not_picked":["Calling Bell","Philosopher\u0027s Stone"],"picked":"Runic Cube"},{"not_picked":["Black Star","Snecko Eye"],"picked":"Fusion Hammer"}],"items_purged_floors":[10,37],"is_endless":false,"potions_floor_spawned":[2,6,14,16,21,24,31,36,38,39,41,45,47,48],"killed_by":"Awakened One","ascension_level":20}}