{"host":"1zfbckszmdcrhnfi","time":1609441246,"event":{"mods":["AchievementEnabler","BaseMod","Colored Map","Downfall","Marisa£®ÏF”Í°°ƒß¿Ì…≥£©","Minty Spire (QoL Compilation)","Replay The Spire","Shop Mod","StSLib","The Cursed","The Servant 0.9.4"],"gold_per_floor":[111,121,121,139,149,149,174,174,174,186,200,200,228,215,215,313,313,325,309,320,245,255,287,301,301,301,301,301],"floor_reached":27,"playtime":1680,"items_purged":[],"score":260,"play_id":"b8cf4653-52a1-41c6-af77-585b376071af","local_time":"20210101030046","is_ascension_mode":true,"campfire_choices":[{"floor":6.0,"key":"RECALL"},{"floor":12.0,"key":"REST"},{"data":"TheCursedMod:HellfireBreathing","floor":15.0,"key":"SMITH"},{"floor":25,"key":"REST"}],"circlet_count":0,"master_deck":["TheCursedMod:Strike_TheCursed","TheCursedMod:Strike_TheCursed","TheCursedMod:Strike_TheCursed","TheCursedMod:Defend_TheCursed","TheCursedMod:Defend_TheCursed","TheCursedMod:Defend_TheCursed","TheCursedMod:Defend_TheCursed","TheCursedMod:CursedWand","TheCursedMod:CleanUpWorkshop","TheCursedMod:Dregs","TheCursedMod:WearCloak","TheCursedMod:RapidMovement","TheCursedMod:CircleOfCorruption","TheCursedMod:HellfireBreathing+1","TheCursedMod:CircleOfCorruption","TheCursedMod:Evocation","TheCursedMod:Hemoplague","TheCursedMod:CircleOfAbyss","TheCursedMod:CursedAmulet","TheCursedMod:CircleOfFlame","TheCursedMod:CursedArmor","TheCursedMod:CursedBlade"],"relics":["TheCursedMod:BlackMagic101","Turnip","WarpedTongs","White Beast Statue","Spirit Poop","Divine Protection","Busted Crown","Unceasing Top","Strawberry"],"acts_visited":["Exordium","TheCity"],"potions_floor_usage":[24,27],"damage_taken":[{"damage":0.0,"enemies":"Cultist","floor":1.0,"turns":4.0},{"damage":0.0,"enemies":"Jaw Worm","floor":2.0,"turns":5.0},{"damage":1.0,"enemies":"2 Louse","floor":4.0,"turns":3.0},{"damage":2.0,"enemies":"Blue Slaver","floor":5.0,"turns":3.0},{"damage":7.0,"enemies":"Gremlin Nob","floor":7.0,"turns":4.0},{"damage":0.0,"enemies":"3 Louse","floor":10.0,"turns":3.0},{"damage":0.0,"enemies":"Large Slime","floor":11.0,"turns":7.0},{"damage":15.0,"enemies":"Lagavulin","floor":13.0,"turns":6.0},{"damage":0.0,"enemies":"Exordium Thugs","floor":14.0,"turns":5.0},{"damage":23.0,"enemies":"Slime Boss","floor":16.0,"turns":10.0},{"damage":0.0,"enemies":"Shell Parasite","floor":18.0,"turns":8.0},{"damage":9.0,"enemies":"2 Thieves","floor":19.0,"turns":5.0},{"damage":18.0,"enemies":"3 Cultists","floor":20.0,"turns":6.0},{"damage":16.0,"enemies":"Chosen and Byrds","floor":22.0,"turns":8.0},{"damage":3.0,"enemies":"Book of Stabbing","floor":23.0,"turns":5.0},{"damage":10,"enemies":"Cultist and Chosen","floor":24,"turns":6},{"damage":204,"enemies":"Slavers","floor":27,"turns":6}],"seed_played":"-1250848557055969187","potions_obtained":[{"floor":2.0,"key":"Elixir"},{"floor":10.0,"key":"FearPotion"},{"floor":11.0,"key":"SneckoOil"},{"floor":13.0,"key":"EssenceOfSteel"},{"floor":14.0,"key":"BlessingOfTheForge"},{"floor":18.0,"key":"Venom Potion"},{"floor":19.0,"key":"Doom Potion"},{"floor":23.0,"key":"Toxic Potion"},{"floor":24,"key":"EssenceOfSteel"}],"is_trial":false,"path_per_floor":["M","M","?","M","M","R","E","?","T","M","M","R","E","M","R","B",null,"M","M","M","?","M","E","M","R","T","E"],"character_chosen":"THE_CURSED","items_purchased":[],"campfire_rested":2,"item_purchase_floors":[],"current_hp_per_floor":[54,54,54,53,51,51,44,44,44,44,44,66,51,51,51,28,75,75,66,48,48,32,29,19,41,48,0,0],"gold":301,"neow_bonus":"ONE_RARE_RELIC","is_daily":false,"chose_seed":false,"campfire_upgraded":1,"win_rate":0.0,"timestamp":1609441246,"path_taken":["M","M","?","?","M","R","E","?","T","?","M","R","E","M","R","BOSS","M","M","M","?","M","E","M","R","T","E"],"items_purchased_type":[],"build_version":"2020-12-22","purchased_purges":0,"victory":false,"max_hp_per_floor":[75,75,75,75,75,75,75,75,75,75,75,75,75,75,75,75,75,75,75,75,75,75,75,75,75,82,82,82],"card_choices":[{"not_picked":["TheCursedMod:CursedSpellbook","TheCursedMod:CursedBlade"],"picked":"TheCursedMod:WearCloak","floor":1.0},{"not_picked":["TheCursedMod:TacticalStrike","TheCursedMod:CircleOfAbyss"],"picked":"TheCursedMod:RapidMovement","floor":2.0},{"not_picked":["TheCursedMod:FuryStrike","TheCursedMod:Stigma"],"picked":"TheCursedMod:CircleOfCorruption","floor":4.0},{"not_picked":["TheCursedMod:RapidMovement","TheCursedMod:Torture"],"picked":"TheCursedMod:HellfireBreathing","floor":5.0},{"not_picked":["TheCursedMod:RapidMovement","TheCursedMod:Stigma","TheCursedMod:CursedArmor"],"picked":"SKIP","floor":7.0},{"not_picked":["TheCursedMod:BlessingInDisguise","TheCursedMod:ReleasedKnowledge","TheCursedMod:CursedAmulet"],"picked":"SKIP","floor":10.0},{"not_picked":["TheCursedMod:RapidMovement","TheCursedMod:CursedArmor"],"picked":"TheCursedMod:CircleOfCorruption","floor":11.0},{"not_picked":["TheCursedMod:WearCloak","TheCursedMod:CollectTribute"],"picked":"TheCursedMod:Evocation","floor":13.0},{"not_picked":["TheCursedMod:RapidMovement","TheCursedMod:CircleOfCorruption"],"picked":"TheCursedMod:Hemoplague","floor":14.0},{"not_picked":["TheCursedMod:AntiAging","TheCursedMod:ParallelWorld"],"picked":"TheCursedMod:CircleOfAbyss","floor":16.0},{"not_picked":["TheCursedMod:Stretching+1"],"picked":"SKIP","floor":18.0},{"not_picked":[],"picked":"TheCursedMod:CursedAmulet","floor":19.0},{"not_picked":[],"picked":"TheCursedMod:CircleOfFlame","floor":20.0},{"not_picked":["TheCursedMod:TacticalStrike+1"],"picked":"SKIP","floor":22.0},{"not_picked":[],"picked":"TheCursedMod:CursedArmor","floor":23.0},{"not_picked":[],"picked":"TheCursedMod:CursedBlade","floor":24}],"player_experience":170942,"relics_obtained":[{"floor":7.0,"key":"White Beast Statue"},{"floor":13.0,"key":"Divine Protection"},{"floor":23.0,"key":"Unceasing Top"},{"floor":26,"key":"Strawberry"}],"event_choices":[{"damage_healed":0.0,"max_hp_gain":0.0,"max_hp_loss":0.0,"gold_gain":0.0,"event_name":"Accursed Blacksmith","player_choice":"Rummage","floor":3.0,"gold_loss":0.0,"damage_taken":0.0,"relics_obtained":["WarpedTongs"],"cards_obtained":["Pain"]},{"cards_removed":["Pain"],"damage_healed":0.0,"max_hp_gain":0.0,"max_hp_loss":0.0,"gold_gain":0.0,"event_name":"Bonfire Elementals","player_choice":"Offered Curse","floor":8.0,"gold_loss":0.0,"damage_taken":0.0,"relics_obtained":["Spirit Poop"]},{"cards_removed":["TheCursedMod:Strike_TheCursed"],"damage_healed":0.0,"max_hp_gain":0.0,"max_hp_loss":0.0,"gold_gain":0.0,"event_name":"Beggar","player_choice":"Gave Gold","floor":21.0,"gold_loss":75.0,"damage_taken":0.0}],"is_beta":false,"boss_relics":[{"not_picked":["Painkiller Herb","SlaversCollar"],"picked":"Busted Crown"}],"items_purged_floors":[],"is_endless":false,"potions_floor_spawned":[2,10,11,13,14,16,18,19,20,22,23,24],"killed_by":"Slavers","ascension_level":1}}