{"host":"8by3m8mve9y2rhh4","time":1609375826,"event":{"mods":["BaseMod","Minty Spire (QoL Compilation)","Quick Restart"],"gold_per_floor":[114,114,126,139,156,172,200,300,327,344,127,157,157,177,177,280,280,296,51,71,83,83,116,128,172,209,221,266,377,424,451,463,475,475],"floor_reached":33,"playtime":1961,"items_purged":["Strike_G","Strike_G"],"score":379,"play_id":"6e7f2bdc-851e-4abd-857c-0a28d68e863f","local_time":"20201231005026","is_ascension_mode":true,"campfire_choices":[{"floor":13,"key":"REST"},{"floor":15,"key":"REST"},{"floor":27,"key":"REST"},{"floor":32,"key":"REST"}],"circlet_count":0,"master_deck":["Strike_G","Strike_G","Defend_G","Defend_G","Defend_G","Defend_G","Survivor","Neutralize","Prepared","Deadly Poison","Footwork","Cloak And Dagger","Bane","Dodge and Roll","Noxious Fumes","Poisoned Stab","Cloak And Dagger","Poisoned Stab","Deadly Poison","After Image","After Image","Deadly Poison+1","Backflip","Catalyst+1","Dodge and Roll","After Image"],"relics":["Empty Cage","Peace Pipe","MealTicket","Black Star","Orrery","MawBank","Pear","Mercury Hourglass","Oddly Smooth Stone","Tiny Chest","Bird Faced Urn","Strawberry","The Courier","Art of War"],"acts_visited":["Exordium","TheCity"],"potions_floor_usage":[12,12,18,23,25,30],"damage_taken":[{"damage":0,"enemies":"Jaw Worm","floor":1,"turns":6},{"damage":1,"enemies":"Cultist","floor":3,"turns":5},{"damage":0,"enemies":"2 Louse","floor":4,"turns":3},{"damage":16,"enemies":"Lots of Slimes","floor":5,"turns":9},{"damage":5,"enemies":"Exordium Wildlife","floor":6,"turns":6},{"damage":25,"enemies":"3 Sentries","floor":7,"turns":14},{"damage":0,"enemies":"Blue Slaver","floor":10,"turns":4},{"damage":8,"enemies":"Lagavulin","floor":12,"turns":5},{"damage":10,"enemies":"3 Louse","floor":14,"turns":3},{"damage":19,"enemies":"The Guardian","floor":16,"turns":9},{"damage":22,"enemies":"2 Thieves","floor":18,"turns":5},{"damage":0,"enemies":"Shell Parasite","floor":20,"turns":7},{"damage":11,"enemies":"Snake Plant","floor":21,"turns":5},{"damage":28,"enemies":"Book of Stabbing","floor":23,"turns":8},{"damage":6,"enemies":"Gremlin Leader","floor":25,"turns":10},{"damage":17,"enemies":"Book of Stabbing","floor":28,"turns":7},{"damage":56,"enemies":"Gremlin Leader","floor":30,"turns":8},{"damage":1,"enemies":"3 Cultists","floor":31,"turns":8},{"damage":59,"enemies":"Collector","floor":33,"turns":5}],"seed_played":"-1573410323620277720","potions_obtained":[{"floor":6,"key":"CultistPotion"},{"floor":7,"key":"BlessingOfTheForge"},{"floor":10,"key":"LiquidBronze"},{"floor":18,"key":"SpeedPotion"},{"floor":21,"key":"CultistPotion"},{"floor":28,"key":"Poison Potion"}],"is_trial":false,"path_per_floor":["M","?","M","M","M","M","E","?","T","M","$","E","R","M","R","B",null,"M","$","M","M","?","E","$","E","T","R","E","?","E","M","R","B"],"character_chosen":"THE_SILENT","items_purchased":["Noxious Fumes","Poisoned Stab","Cloak And Dagger","Orrery"],"campfire_rested":4,"item_purchase_floors":[11,11,11,19],"current_hp_per_floor":[70,70,69,69,53,48,23,23,23,23,23,15,36,26,47,28,70,48,63,63,52,52,34,49,43,43,67,57,57,9,18,44,0,0],"gold":475,"neow_bonus":"BOSS_RELIC","is_daily":false,"chose_seed":false,"campfire_upgraded":0,"win_rate":0.0,"timestamp":1609375826,"path_taken":["M","?","?","M","M","M","E","?","T","?","$","E","R","M","R","BOSS","M","$","M","M","?","E","$","E","T","R","E","?","E","M","R","BOSS"],"items_purchased_type":["Card","Card","Card","Relic"],"build_version":"2020-12-22","purchased_purges":2,"victory":false,"max_hp_per_floor":[70,70,70,70,70,70,70,70,70,70,70,70,70,70,70,70,70,70,70,70,70,70,80,80,80,80,80,87,87,87,87,87,87,87],"card_choices":[{"not_picked":["Outmaneuver","Acrobatics"],"picked":"Prepared","floor":1},{"not_picked":["Deflect","Bane"],"picked":"Deadly Poison","floor":3},{"not_picked":["Poisoned Stab","Glass Knife"],"picked":"Footwork","floor":4},{"not_picked":["Sucker Punch","Riddle With Holes"],"picked":"Cloak And Dagger","floor":5},{"not_picked":["Slice","Acrobatics"],"picked":"Bane","floor":6},{"not_picked":["Riddle With Holes","Night Terror","Acrobatics"],"picked":"SKIP","floor":7},{"not_picked":["Underhanded Strike","Skewer"],"picked":"Dodge and Roll","floor":10},{"not_picked":["Underhanded Strike","Choke"],"picked":"Poisoned Stab","floor":12},{"not_picked":["Acrobatics","Slice"],"picked":"Deadly Poison","floor":14},{"not_picked":["Tools of the Trade","Envenom"],"picked":"After Image","floor":16},{"not_picked":["Slice","Bane+1","Dagger Throw"],"picked":"SKIP","floor":18},{"not_picked":["Flechettes+1","Flying Knee"],"picked":"After Image","floor":19},{"not_picked":["Poisoned Stab+1","Bane+1"],"picked":"Deadly Poison+1","floor":19},{"not_picked":["Crippling Poison","Eviscerate+1","Backflip"],"picked":"SKIP","floor":20},{"not_picked":["Blade Dance","Setup+1","Flying Knee"],"picked":"SKIP","floor":21},{"not_picked":["Dagger Spray","Sucker Punch"],"picked":"Backflip","floor":23},{"not_picked":["Quick Slash+1","Tools of the Trade"],"picked":"Catalyst+1","floor":25},{"not_picked":["Deadly Poison+1","Choke"],"picked":"Dodge and Roll","floor":28},{"not_picked":["Endless Agony","Noxious Fumes"],"picked":"After Image","floor":30},{"not_picked":["Quick Slash","Sucker Punch","Infinite Blades"],"picked":"SKIP","floor":31}],"player_experience":625619,"relics_obtained":[{"floor":7,"key":"Peace Pipe"},{"floor":12,"key":"MealTicket"},{"floor":23,"key":"MawBank"},{"floor":23,"key":"Pear"},{"floor":25,"key":"Mercury Hourglass"},{"floor":25,"key":"Oddly Smooth Stone"},{"floor":26,"key":"Tiny Chest"},{"floor":28,"key":"Bird Faced Urn"},{"floor":28,"key":"Strawberry"},{"floor":30,"key":"The Courier"},{"floor":30,"key":"Art of War"}],"event_choices":[{"damage_healed":0,"gold_gain":0,"player_choice":"Ignored","damage_taken":0,"max_hp_gain":0,"max_hp_loss":0,"event_name":"NoteForYourself","floor":2,"gold_loss":0},{"damage_healed":0,"gold_gain":100,"player_choice":"Pray","damage_taken":0,"max_hp_gain":0,"max_hp_loss":0,"event_name":"Golden Shrine","floor":8,"gold_loss":0},{"damage_healed":0,"gold_gain":0,"player_choice":"Ignored","damage_taken":0,"max_hp_gain":0,"max_hp_loss":0,"event_name":"Ghosts","floor":22,"gold_loss":0},{"damage_healed":0,"gold_gain":99,"player_choice":"Stole From Cult","damage_taken":0,"max_hp_gain":0,"max_hp_loss":0,"event_name":"Nest","floor":29,"gold_loss":0}],"is_beta":false,"boss_relics":[{"not_picked":["Cursed Key","SlaversCollar"],"picked":"Black Star"}],"items_purged_floors":[11,19],"is_endless":false,"potions_floor_spawned":[6,7,10,18,21,28],"killed_by":"Collector","ascension_level":1}}