{"host":"3qkmyeoym75lj4wn","time":1609425732,"event":{"mods":["2.2 Compatiblity","BaseMod","Block Reminder","Colored Powertips","Highlight Path","Minty Spire (QoL Compilation)","Permanent Neow","Potion Indicator Mod","Rare Cards Sparkle","Relic Stats","StSLib"],"gold_per_floor":[99,99,24,24,24,24,24,24,24,24,24,24,24,4,4,4,4],"floor_reached":16,"playtime":508,"items_purged":["Strike_P"],"score":208,"play_id":"c26d94e4-1297-4769-8198-6a8ee0e1d414","local_time":"20201231144212","is_ascension_mode":true,"campfire_choices":[{"data":"Vigilance","floor":6,"key":"SMITH"},{"floor":15,"key":"REST"}],"circlet_count":0,"master_deck":["AscendersBane","Strike_P","Strike_P","Strike_P","Defend_P","Defend_P","Defend_P","Defend_P","Eruption+1","Vigilance+1","FollowUp","Halt","Evaluate","BowlingBash","TalkToTheHand","Conclude","BowlingBash"],"relics":["Ectoplasm","Golden Idol","CeramicFish","Question Card","FaceOfCleric"],"acts_visited":["Exordium"],"potions_floor_usage":[8,15,16],"damage_taken":[{"damage":0,"enemies":"2 Louse","floor":1,"turns":3},{"damage":2,"enemies":"Cultist","floor":4,"turns":3},{"damage":0,"enemies":"Jaw Worm","floor":5,"turns":2},{"damage":26,"enemies":"Lagavulin","floor":8,"turns":5},{"damage":0,"enemies":"Large Slime","floor":11,"turns":4},{"damage":4,"enemies":"Exordium Thugs","floor":12,"turns":5},{"damage":5,"enemies":"Gremlin Gang","floor":13,"turns":6},{"damage":17,"enemies":"Looter","floor":14,"turns":2},{"damage":38,"enemies":"Hexaghost","floor":16,"turns":7}],"seed_played":"2753529838276292430","potions_obtained":[{"floor":5,"key":"Swift Potion"},{"floor":11,"key":"BlessingOfTheForge"},{"floor":14,"key":"Fruit Juice"}],"is_trial":false,"path_per_floor":["M","?","$","M","M","R","?","E","T","?","M","M","M","M","R","B"],"character_chosen":"WATCHER","items_purchased":[],"campfire_rested":1,"item_purchase_floors":[],"current_hp_per_floor":[61,61,61,59,59,59,59,33,33,33,34,31,27,11,37,0,0],"gold":4,"neow_bonus":"BOSS_RELIC","is_daily":false,"chose_seed":false,"campfire_upgraded":1,"win_rate":0.0,"timestamp":1609425732,"path_taken":["M","?","$","M","M","R","?","E","T","?","M","?","M","M","R","BOSS"],"items_purchased_type":[],"build_version":"2020-12-22","purchased_purges":1,"victory":false,"max_hp_per_floor":[68,68,68,68,68,68,62,62,62,62,63,64,65,66,71,71,71],"relic_stats":{"FaceOfCleric":4,"counters":[9,37],"Golden Idol":23,"CeramicFish":0,"Ectoplasm":280,"Question Card":4,"obtain_stats":[{"FaceOfCleric":10,"Golden Idol":7,"CeramicFish":8,"Ectoplasm":0,"PureWater":0,"Question Card":9},{"FaceOfCleric":4,"Golden Idol":3,"CeramicFish":4,"Ectoplasm":0,"PureWater":0,"Question Card":4},{"FaceOfCleric":13,"Golden Idol":8,"CeramicFish":13,"Ectoplasm":0,"PureWater":0,"Question Card":13}]},"card_choices":[{"not_picked":["FlurryOfBlows","Halt"],"picked":"FollowUp","floor":1},{"not_picked":["Study","Worship","WreathOfFlame"],"picked":"SKIP","floor":4},{"not_picked":["Prostrate","Omniscience"],"picked":"Halt","floor":5},{"not_picked":["WreathOfFlame","EmptyMind"],"picked":"Evaluate","floor":8},{"not_picked":["Conclude","ClearTheMind","Consecrate"],"picked":"BowlingBash","floor":11},{"not_picked":["WindmillStrike","FlyingSleeves","Crescendo"],"picked":"TalkToTheHand","floor":12},{"not_picked":["Halt","Prostrate","CrushJoints"],"picked":"Conclude","floor":13},{"not_picked":["JustLucky","Alpha","SashWhip"],"picked":"BowlingBash","floor":14}],"player_experience":1628029,"relics_obtained":[{"floor":8,"key":"CeramicFish"},{"floor":9,"key":"Question Card"}],"event_choices":[{"damage_healed":0,"gold_gain":0,"player_choice":"Grow","damage_taken":0,"max_hp_gain":0,"max_hp_loss":0,"event_name":"Living Wall","floor":2,"gold_loss":0,"cards_upgraded":["Eruption"]},{"damage_healed":0,"gold_gain":0,"player_choice":"Lose Max HP","damage_taken":0,"relics_obtained":["Golden Idol"],"max_hp_gain":0,"max_hp_loss":6,"event_name":"Golden Idol","floor":7,"gold_loss":0},{"damage_healed":0,"gold_gain":0,"player_choice":"Trade","damage_taken":0,"relics_obtained":["FaceOfCleric"],"max_hp_gain":0,"max_hp_loss":0,"event_name":"FaceTrader","floor":10,"gold_loss":0}],"is_beta":false,"boss_relics":[],"items_purged_floors":[3],"is_endless":false,"potions_floor_spawned":[5,11,14],"killed_by":"Hexaghost","ascension_level":20}}