{"host":"nz11ypxva4e39b7q","time":1609429443,"event":{"mods":["BaseMod","Better Altar","Better Skull","Better Third Choice","Better Vampires","Colored Map","Minty Spire (QoL Compilation)","Spicy Shops","StSLib"],"gold_per_floor":[113,77,77,77,97,97,108,108,108,126,144,144,171,5,5,76,76,92,12,12,27,27,27,57,57,57,107,107,26,40,72,72,148,148,165,165,178,178,203,203,233,29,53,53,53,86,36,66,66,66,66,66,66,25,25,25],"floor_reached":55,"playtime":3450,"items_purged":["Defend_B","Defend_B"],"score":2120,"play_id":"677dc959-ac89-4da1-999a-921063c47f75","local_time":"20201231164403","is_ascension_mode":true,"campfire_choices":[{"floor":6.0,"key":"REST"},{"data":"Chaos","floor":8.0,"key":"SMITH"},{"data":"Dualcast","floor":12.0,"key":"SMITH"},{"floor":15.0,"key":"REST"},{"floor":23.0,"key":"REST"},{"floor":25,"key":"REST"},{"floor":32,"key":"RECALL"},{"floor":40,"key":"REST"},{"floor":44,"key":"REST"},{"floor":49,"key":"REST"},{"floor":53,"key":"REST"}],"circlet_count":0,"master_deck":["AscendersBane","Defend_B+1","Dualcast+1","Chaos+1","Leg Sweep","Lockon","Coolheaded","Ball Lightning","Coolheaded+1","Echo Form","Core Surge","Leap+1","Glacier","Machine Learning","Force Field+1","Storm+1","Melter+1","Coolheaded+1","Storm","Self Repair","Defragment","Storm+1"],"relics":["Cracked Core","Art of War","betterThird:SlimedRelic","Juzu Bracelet","Potion Belt","Pocketwatch","Membership Card","Fusion Hammer","War Paint","Enchiridion","Calipers","FossilizedHelix","DataDisk","MealTicket","Astrolabe","Bird Faced Urn","Bottled Flame","Medical Kit","Ginger","PreservedInsect","InkBottle","Pantograph"],"acts_visited":["Exordium","TheCity","TheBeyond","TheEnding"],"potions_floor_usage":[30,33,41,46,51,51],"damage_taken":[{"damage":4.0,"enemies":"Jaw Worm","floor":1.0,"turns":4.0},{"damage":4.0,"enemies":"Small Slimes","floor":5.0,"turns":4.0},{"damage":9.0,"enemies":"Cultist","floor":7.0,"turns":4.0},{"damage":1.0,"enemies":"Looter","floor":10.0,"turns":3.0},{"damage":0.0,"enemies":"2 Fungi Beasts","floor":11.0,"turns":4.0},{"damage":7.0,"enemies":"Gremlin Nob","floor":13.0,"turns":3.0},{"damage":9.0,"enemies":"Hexaghost","floor":16.0,"turns":11.0},{"damage":0.0,"enemies":"3 Byrds","floor":18.0,"turns":4.0},{"damage":0.0,"enemies":"Shell Parasite","floor":21.0,"turns":6.0},{"damage":21,"enemies":"Gremlin Leader","floor":24,"turns":7},{"damage":18,"enemies":"Snake Plant","floor":30,"turns":2},{"damage":0,"enemies":"Book of Stabbing","floor":31,"turns":8},{"damage":0,"enemies":"Automaton","floor":33,"turns":14},{"damage":0,"enemies":"3 Darklings","floor":35,"turns":8},{"damage":0,"enemies":"3 Shapes","floor":37,"turns":6},{"damage":12,"enemies":"Mind Bloom Boss Battle","floor":39,"turns":7},{"damage":43,"enemies":"Giant Head","floor":41,"turns":13},{"damage":9,"enemies":"Reptomancer","floor":46,"turns":5},{"damage":0,"enemies":"Nemesis","floor":48,"turns":3},{"damage":26,"enemies":"Time Eater","floor":50,"turns":12},{"damage":22,"enemies":"Awakened One","floor":51,"turns":37},{"damage":78,"enemies":"Shield and Spear","floor":55,"turns":3}],"seed_played":"515994615374734765","potions_obtained":[{"floor":7.0,"key":"AttackPotion"},{"floor":10.0,"key":"EssenceOfDarkness"},{"floor":16.0,"key":"Energy Potion"},{"floor":24,"key":"Regen Potion"},{"floor":30,"key":"CultistPotion"},{"floor":31,"key":"AttackPotion"},{"floor":33,"key":"FocusPotion"},{"floor":39,"key":"ColorlessPotion"},{"floor":46,"key":"Weak Potion"},{"floor":48,"key":"EssenceOfDarkness"}],"is_trial":false,"path_per_floor":["M","?","?","?","M","R","M","R","T","M","M","R","E","$","R","B",null,"M","$","?","M","?","R","E","R","T","?","?","$","M","E","R","B",null,"M","?","M","?","?","R","E","$","T","R","?","E","$","E","R","B","B",null,"R","$","E"],"character_chosen":"DEFECT","items_purchased":["Membership Card","War Paint","DataDisk","Medical Kit","Ginger","Defragment","PreservedInsect","Ancient Potion"],"campfire_rested":8,"item_purchase_floors":[14,19,29,42,42,42,42,54],"current_hp_per_floor":[60,49,20,20,16,37,28,28,28,27,27,27,20,20,41,32,61,61,61,61,61,40,61,40,61,61,61,61,61,52,52,52,52,66,66,66,66,66,54,67,26,41,41,61,61,67,67,67,67,67,67,67,67,67,0,0],"gold":25,"neow_bonus":"RANDOM_COMMON_RELIC","is_daily":false,"chose_seed":false,"campfire_upgraded":2,"win_rate":0.0,"timestamp":1609429443,"path_taken":["M","?","?","?","M","R","M","R","T","M","M","R","E","?","R","BOSS","M","$","?","M","?","R","E","R","T","?","?","$","M","E","R","BOSS","M","?","M","?","?","R","E","$","T","R","?","E","$","E","R","BOSS","BOSS","R","$","E"],"items_purchased_type":["Relic","Relic","Relic","Relic","Relic","Card","Relic","Potion"],"build_version":"2020-12-22","purchased_purges":2,"victory":false,"max_hp_per_floor":[71,71,71,71,71,71,71,71,71,71,71,71,71,71,71,71,71,71,71,71,71,71,71,71,71,71,71,71,71,71,71,71,71,71,71,67,67,67,67,67,67,67,67,67,67,67,67,67,67,67,67,67,67,67,67,67],"card_choices":[{"not_picked":["Turbo","Ball Lightning"],"picked":"Chaos","floor":1.0},{"not_picked":["Sweeping Beam","Skim"],"picked":"Coolheaded","floor":5.0},{"not_picked":["Melter","Scrape"],"picked":"Ball Lightning","floor":7.0},{"not_picked":["Beam Cell","Sweeping Beam"],"picked":"Coolheaded","floor":10.0},{"not_picked":["Chaos","Beam Cell","Turbo"],"picked":"SKIP","floor":11.0},{"not_picked":["Sweeping Beam","Force Field","Cold Snap"],"picked":"SKIP","floor":13.0},{"not_picked":["Thunder Strike","Buffer"],"picked":"Echo Form","floor":16.0},{"not_picked":["Streamline+1","Storm","Steam"],"picked":"SKIP","floor":18.0},{"not_picked":["Rebound","Stack","Hologram"],"picked":"SKIP","floor":21.0},{"not_picked":["Hologram","Coolheaded"],"picked":"Core Surge","floor":24},{"not_picked":["Streamline","Rebound"],"picked":"Leap+1","floor":30},{"not_picked":["Compile Driver","Rebound"],"picked":"Glacier","floor":31},{"not_picked":["All For One","Hyperbeam"],"picked":"Machine Learning","floor":33},{"not_picked":["Stack+1","Hologram","Ball Lightning+1"],"picked":"SKIP","floor":35},{"not_picked":["Melter","Storm"],"picked":"Coolheaded+1","floor":37},{"not_picked":["Rebound","Coolheaded"],"picked":"Storm","floor":39},{"not_picked":["Tempest","Amplify"],"picked":"Self Repair","floor":41},{"not_picked":["Conserve Battery","Leap"],"picked":"Storm+1","floor":46},{"not_picked":["Redo","Ball Lightning","Rip and Tear"],"picked":"SKIP","floor":48}],"player_experience":961128,"relics_obtained":[{"floor":9.0,"key":"Potion Belt"},{"floor":13.0,"key":"Pocketwatch"},{"floor":22.0,"key":"Enchiridion"},{"floor":24,"key":"Calipers"},{"floor":26,"key":"FossilizedHelix"},{"floor":31,"key":"MealTicket"},{"floor":39,"key":"Bird Faced Urn"},{"floor":41,"key":"Bottled Flame"},{"floor":46,"key":"InkBottle"},{"floor":48,"key":"Pantograph"}],"event_choices":[{"damage_healed":0.0,"max_hp_gain":0.0,"max_hp_loss":0.0,"gold_gain":0.0,"event_name":"betterThird:BetterGoop","player_choice":"Slimed","floor":2.0,"gold_loss":36.0,"damage_taken":11.0},{"damage_healed":0.0,"max_hp_gain":0.0,"max_hp_loss":0.0,"gold_gain":0.0,"cards_transformed":["Strike_B"],"event_name":"Living Wall","player_choice":"Change","floor":4.0,"gold_loss":0.0,"damage_taken":0.0,"cards_obtained":["Lockon"]},{"cards_removed":["Strike_B"],"damage_healed":0.0,"max_hp_gain":0.0,"max_hp_loss":0.0,"gold_gain":0.0,"event_name":"Bonfire Elementals","player_choice":"Offered Basic","floor":20.0,"gold_loss":0.0,"damage_taken":0.0},{"damage_healed":0.0,"max_hp_gain":0.0,"max_hp_loss":0.0,"gold_gain":0.0,"event_name":"Cursed Tome","player_choice":"Obtained Book","floor":22.0,"gold_loss":0.0,"damage_taken":21.0},{"damage_healed":0,"gold_gain":50,"player_choice":"Steal","damage_taken":0,"max_hp_gain":0,"max_hp_loss":0,"event_name":"betterThird:BetterNest","floor":27,"gold_loss":0},{"damage_healed":0,"gold_gain":0,"player_choice":"Ignored","damage_taken":0,"max_hp_gain":0,"max_hp_loss":0,"event_name":"Ghosts","floor":28,"gold_loss":0},{"damage_healed":0,"gold_gain":0,"player_choice":"Max HP","damage_taken":0,"max_hp_gain":0,"max_hp_loss":4,"event_name":"Winding Halls","floor":36,"gold_loss":0},{"damage_healed":0,"gold_gain":0,"player_choice":"Ignored","damage_taken":0,"max_hp_gain":0,"max_hp_loss":0,"event_name":"Tomb of Lord Red Mask","floor":38,"gold_loss":0},{"damage_healed":0,"gold_gain":0,"player_choice":"Fight","damage_taken":0,"max_hp_gain":0,"max_hp_loss":0,"event_name":"MindBloom","floor":39,"gold_loss":0},{"cards_removed":["Defend_B"],"damage_healed":0,"gold_gain":0,"player_choice":"Removed Skill","damage_taken":0,"max_hp_gain":0,"max_hp_loss":0,"event_name":"Falling","floor":45,"gold_loss":0}],"is_beta":false,"boss_relics":[{"not_picked":["Cursed Key","Black Star"],"picked":"Fusion Hammer"},{"not_picked":["Empty Cage","Coffee Dripper"],"picked":"Astrolabe"}],"items_purged_floors":[42,47],"is_endless":false,"potions_floor_spawned":[7,10,16,24,30,31,33,39,46,48],"killed_by":"Shield and Spear","ascension_level":20}}