{"host":"f0dbpmn0khgeoqc0","time":1609377314,"event":{"mods":["2.2 Compatiblity","AchievementEnabler","Act Like it!","Ascension Unlocker","Aspiration","BaseMod","Better Altar","Better Match","Better Sensory Stone","Better Skull","Better Third Choice","BetterRewards","Block Reminder","Colored Map","Colored Powertips","Conspire","DNKmod","Disable Question Mark Monsters","Displayed Cursed Tome","Downfall","Evolution","Friendly Minions","Hermit","Highlight Path","Humility","Infinite Spire","Jorbs\u0027s Wanderer Trilogy","Koishi","Marisa????????","Minty Spire (QoL Compilation)","MostiFishMod","Permanent Neow","Random Character Button","Relic Filter","Relic Stats","Spicy Shops","StSLib","Td1madao Mod","The Gatherer","Treasure Hunter","Wandering Minibosses","??????REMEMod"],"gold_per_floor":[165,182,31,42,53,53,117,34,34,61,61,81,6,19,19,121,121,134,134,134,84,103,135,135,155,155,155,44,44,44,69,69,168,168,187,202,202,218,318,353,353,406,463,807,836,836,836,759,759,760,760,760,26,70,70],"floor_reached":56,"playtime":3311,"items_purged":["Normality"],"score":1793,"play_id":"c8e95c53-0853-42b7-a0a8-6f157a58a964","local_time":"20201230201514","is_ascension_mode":true,"campfire_choices":[{"data":"Koishi:MentalBreakdown","floor":6,"key":"SMITH"},{"data":"champ:HeavySlash","floor":11,"key":"SMITH"},{"data":"champ:CrookedStrike","floor":15,"key":"SMITH"},{"data":"MostiFishMod:Dust","floor":24,"key":"SMITH"},{"floor":27,"key":"RECALL"},{"data":"champ:Taunt","floor":32,"key":"SMITH"},{"floor":41,"key":"REST"},{"floor":49,"key":"REST"},{"floor":52,"key":"REST"}],"circlet_count":0,"master_deck":["champ:FlashCut","champ:Defend","champ:Defend","champ:Defend","champ:Defend","champ:Execute","champ:Taunt+1","Koishi:MentalBreakdown+1","champ:FaceSlap","champ:Circumvent","champ:Aggression","champ:Backstep","champ:CrownThrow","champ:StanceDance","champ:CrookedStrike+1","champ:RisingSlash","TH:CopperCoins","champ:HeavySlash+1","expansioncontent:ChargeUp","TH:CursedSword","TH:CursedSword","champ:FanOfKnives","champ:Encircle","Ragnarok+1","Vault+1","champ:LastStand+1","REME_EmptyShield+1","FlurryOfBlows","TH:CursedSword","MostiFishMod:Dust+1","EmptyBody","Bite","Bite","Bite","Bite","Bite","J.A.X.","champ:BerserkersShout","TH:CursedSword","FlurryOfBlows","MentalFortress","TH:CursedSword","champ:CalledShot","champ:Encircle","TH:CopperCoins","TH:CursedSword","MostiFishMod:PathToVictory+1","TH:CursedSword","Devotion","ClearTheMind","Evaluate","FlurryOfBlows+1","Madness+1","FollowUp+1","champ:IronFortress+1","TH:CopperCoins","champ:Improvising","TH:CursedSword","FlurryOfBlows","TH:DeckOfManyThings","TH:CursedSword","ClearTheMind","champ:HeartStrike+1","Consecrate","FollowUp","ClearTheMind","Evaluate","TH:CopperCoins","champ:AdrenalArmor"],"relics":["champ:ChampionCrown","EVO:Axolotl","DaveBox","REME_ComplimentaryCards","JellyFishMachine","SynthV:TestCard","infinitespire:Satchel","aspiration:WatcherSkillbook","PatriotShield","Prayer Wheel","Ornamental Fan","champ:GladiatorsBookOfMartialProwess","conspire:Dentures","Vajra","Fusion Hammer","wanderingMiniBosses:CarrionFlame","Calipers","CeramicFish","conspire:TopHat","Old Coin","Potion Belt","Du-Vu Doll","champ:BerserkersGuideToSlaughter","infinitespire:CursedDice","Dodecahedron","Eternal Feather"],"acts_visited":["Exordium","TheCity","TheBeyond","TheEnding"],"potions_floor_usage":[7,16,55],"damage_taken":[{"damage":5,"enemies":"Cultist","floor":1,"turns":2},{"damage":0,"enemies":"2 Louse","floor":2,"turns":1},{"damage":18,"enemies":"Small Slimes","floor":4,"turns":5},{"damage":0,"enemies":"3 Louse","floor":5,"turns":2},{"damage":24,"enemies":"Lagavulin","floor":7,"turns":5},{"damage":32,"enemies":"3 Sentries","floor":10,"turns":7},{"damage":5,"enemies":"Looter","floor":12,"turns":1},{"damage":9,"enemies":"Exordium Thugs","floor":14,"turns":3},{"damage":48,"enemies":"The Guardian","floor":16,"turns":8},{"damage":0,"enemies":"Chosen","floor":18,"turns":2},{"damage":5,"enemies":"3 Byrds","floor":22,"turns":3},{"damage":12,"enemies":"Book of Stabbing","floor":23,"turns":6},{"damage":0,"enemies":"Snecko","floor":25,"turns":3},{"damage":3,"enemies":"conspire:SneckoGhost","floor":31,"turns":3},{"damage":18,"enemies":"Collector","floor":33,"turns":7},{"damage":5,"enemies":"3 Shapes","floor":35,"turns":5},{"damage":0,"enemies":"Orb Walker","floor":36,"turns":2},{"damage":6,"enemies":"Sphere and 2 Shapes","floor":38,"turns":3},{"damage":0,"enemies":"Reptomancer","floor":40,"turns":2},{"damage":3,"enemies":"Giant Head","floor":42,"turns":5},{"damage":0,"enemies":"Reptomancer","floor":44,"turns":2},{"damage":9,"enemies":"4 Shapes","floor":45,"turns":4},{"damage":37,"enemies":"conspire:OrnateMirror","floor":50,"turns":7},{"damage":0,"enemies":"Shield and Spear","floor":54,"turns":3},{"damage":4,"enemies":"The Heart","floor":55,"turns":4}],"seed_played":"5683466511636048649","potions_obtained":[{"floor":5,"key":"REME_GoldPotion"},{"floor":7,"key":"SteroidPotion"},{"floor":10,"key":"BlessingOfTheForge"},{"floor":18,"key":"DuplicationPotion"},{"floor":23,"key":"Weak Potion"},{"floor":25,"key":"SpeedPotion"},{"floor":36,"key":"Energy Potion"},{"floor":40,"key":"champ:TechniquePotion"}],"is_trial":false,"path_per_floor":["M","M","$","M","M","R","E","$","T","E","R","M","?","M","R","B",null,"M","?","?","?","M","E","R","M","T","R","$","?","T","E","R","B",null,"M","M","?","M","?","E","R","E","T","E","M","AVR","?","?","R","B",null,"R","$","E","B",null],"character_chosen":"THE_CHAMP","items_purchased":["champ:FaceSlap","champ:Circumvent","champ:CrownThrow","champ:StanceDance","expansioncontent:ChargeUp","champ:CalledShot","champ:Encircle","Du-Vu Doll","champ:BerserkersGuideToSlaughter","FollowUp","ClearTheMind","Evaluate","infinitespire:CursedDice","Dodecahedron"],"campfire_rested":3,"item_purchase_floors":[0,0,3,3,8,28,28,53,53,53,53,53,53,53],"current_hp_per_floor":[90,90,90,81,81,81,61,61,61,39,39,39,39,32,32,9,90,90,62,62,62,62,62,62,62,62,62,62,62,62,62,62,62,62,62,62,50,50,50,50,62,62,62,62,62,62,62,62,62,51,62,62,62,62,62],"gold":70,"neow_bonus":"","is_daily":false,"chose_seed":false,"campfire_upgraded":5,"win_rate":0.0,"timestamp":1609377314,"path_taken":["M","M","$","M","M","R","E","$","T","E","R","?","?","M","R","BOSS","M","?","?","?","M","E","R","?","T","R","?","?","?","E","R","BOSS","M","M","?","M","?","E","R","E","T","E","?","AVR","?","?","R","BOSS","R","$","E","BOSS"],"items_purchased_type":["Card","Card","Card","Card","Card","Card","Card","Relic","Relic","Card","Card","Card","Relic","Relic"],"build_version":"2020-12-22","purchased_purges":1,"victory":true,"max_hp_per_floor":[90,90,90,90,90,90,90,90,90,90,90,90,90,90,90,90,90,90,62,62,62,62,62,62,62,62,62,62,62,62,62,62,62,62,62,62,62,62,62,62,62,62,62,62,62,62,62,62,62,62,62,62,62,62,62],"relic_stats":{"counters":[49,181],"Ornamental Fan":[212],"CeramicFish":117,"Prayer Wheel":5,"Eternal Feather":0,"obtain_stats":[{"aspiration:Lifesprig":9,"PatriotShield":17,"Calipers":40,"DaveBox":0,"CeramicFish":42,"Vajra":31,"champ:ChampionCrown":0,"downfall:HeartBlessingGreen":18,"EVO:Axolotl":0,"Smiling Mask":8,"conspire:TopHat":43,"Old Coin":44,"GreenFoldingFan":1,"downfall:BrokenWingStatue":10,"downfall:HeartBlessingBlue":9,"Sundial":24,"Gambling Chip":7,"Prayer Wheel":23,"Fusion Hammer":34,"champ:BerserkersGuideToSlaughter":53,"REME_LowDesire":17,"conspire:Dentures":30,"Potion Belt":48,"downfall:HeartBlessingRed":6,"Dodecahedron":53,"infinitespire:CursedDice":53,"Eternal Feather":54,"Akabeko":17,"champ:GladiatorsBookOfMartialProwess":29,"Du-Vu Doll":53,"SynthV:TestCard":1,"wanderingMiniBosses:CarrionFlame":35,"Ornamental Fan":26,"infinitespire:Satchel":7,"aspiration:WatcherSkillbook":10,"REME_HandOfSuture":17,"Bag of Marbles":14,"Nloth\u0027s Gift":22,"TungstenRod":11,"REME_ComplimentaryCards":0},{"aspiration:Lifesprig":21,"PatriotShield":33,"Calipers":43,"DaveBox":0,"CeramicFish":44,"Vajra":38,"champ:ChampionCrown":0,"downfall:HeartBlessingGreen":10,"EVO:Axolotl":0,"Smiling Mask":4,"conspire:TopHat":44,"Old Coin":45,"GreenFoldingFan":0,"downfall:BrokenWingStatue":4,"downfall:HeartBlessingBlue":4,"Sundial":14,"Gambling Chip":20,"Prayer Wheel":36,"Fusion Hammer":39,"champ:BerserkersGuideToSlaughter":47,"REME_LowDesire":10,"conspire:Dentures":37,"Potion Belt":46,"downfall:HeartBlessingRed":3,"Dodecahedron":47,"infinitespire:CursedDice":47,"Eternal Feather":48,"Akabeko":10,"champ:GladiatorsBookOfMartialProwess":37,"Du-Vu Doll":47,"SynthV:TestCard":16,"wanderingMiniBosses:CarrionFlame":40,"Ornamental Fan":37,"infinitespire:Satchel":29,"aspiration:WatcherSkillbook":30,"REME_HandOfSuture":10,"Bag of Marbles":8,"Nloth\u0027s Gift":13,"TungstenRod":22,"REME_ComplimentaryCards":0},{"aspiration:Lifesprig":78,"PatriotShield":120,"Calipers":156,"DaveBox":0,"CeramicFish":161,"Vajra":137,"champ:ChampionCrown":0,"downfall:HeartBlessingGreen":37,"EVO:Axolotl":0,"Smiling Mask":16,"conspire:TopHat":161,"Old Coin":163,"GreenFoldingFan":0,"downfall:BrokenWingStatue":16,"downfall:HeartBlessingBlue":16,"Sundial":54,"Gambling Chip":73,"Prayer Wheel":131,"Fusion Hammer":144,"champ:BerserkersGuideToSlaughter":174,"REME_LowDesire":37,"conspire:Dentures":134,"Potion Belt":167,"downfall:HeartBlessingRed":9,"Dodecahedron":174,"infinitespire:CursedDice":174,"Eternal Feather":177,"Akabeko":37,"champ:GladiatorsBookOfMartialProwess":134,"Du-Vu Doll":174,"SynthV:TestCard":62,"wanderingMiniBosses:CarrionFlame":149,"Ornamental Fan":134,"infinitespire:Satchel":101,"aspiration:WatcherSkillbook":108,"REME_HandOfSuture":37,"Bag of Marbles":27,"Nloth\u0027s Gift":48,"TungstenRod":83,"REME_ComplimentaryCards":0}]},"card_choices":[{"not_picked":["champ:Circumvent","champ:ArenaPreparation"],"picked":"champ:Aggression","floor":1},{"not_picked":["champ:RapidStrikes","champ:DefensiveStyle","champ:FlashCut","champ:PerfectedStrike"],"picked":"champ:Backstep","floor":2},{"not_picked":["champ:BerserkersShout","champ:BladeFlurry","champ:Haymaker","champ:Balance"],"picked":"champ:CrookedStrike","floor":4},{"not_picked":["champ:FocusedBerserking","champ:Haymaker","champ:Circumvent","champ:Backstep"],"picked":"champ:RisingSlash","floor":5},{"not_picked":["TH:PixieDust","TH:EnergyPotion","TH:BikiniMail"],"picked":"TH:CopperCoins","floor":7},{"not_picked":["champ:Lariat","champ:FocusedGladiator","champ:StanceDance","champ:ArenaPreparation"],"picked":"champ:HeavySlash","floor":7},{"not_picked":["TH:ArmorSpikes","TH:EnergyPotion","TH:CopperCoins"],"picked":"TH:CursedSword","floor":9},{"not_picked":["TH:PixieDust","TH:Mimic","TH:TreasureMap"],"picked":"TH:CursedSword","floor":10},{"not_picked":["champ:HeavySlash","champ:Circumvent","champ:Control","champ:Riposte"],"picked":"champ:FanOfKnives","floor":10},{"not_picked":["champ:AdrenalArmor","champ:Haymaker","champ:BladeFlurry","LessonLearned","Consecrate"],"picked":"champ:Encircle","floor":12},{"not_picked":["champ:Backstep","Protect","JustLucky","champ:ShieldThrow","champ:PerfectedStrike"],"picked":"FlurryOfBlows","floor":14},{"not_picked":["TH:CopperCoins","TH:PixieDust","TH:EnergyPotion","TH:BikiniMail"],"picked":"TH:CursedSword","floor":16},{"not_picked":["champ:Devastate","MostiFishMod:ScryFuture","SpiritShield","MostiFishMod:StarHerder","MostiFishMod:Minus"],"picked":"MostiFishMod:Dust","floor":16},{"not_picked":["Evaluate+1","Halt","JustLucky","champ:GutPunch","ClearTheMind+1"],"picked":"EmptyBody","floor":18},{"not_picked":["champ:Devastate","SignatureMove","Adaptation+1","FlyingSleeves","champ:TornadoPunch"],"picked":"champ:BerserkersShout","floor":22},{"not_picked":["TH:DeckOfManyThings","TH:BikiniMail","TH:Mimic","TH:ArmorSpikes"],"picked":"TH:CursedSword","floor":23},{"not_picked":["champ:Shatter","Crescendo","REME_MusicOfDeath","champ:FlashCut","FlyingSleeves"],"picked":"FlurryOfBlows","floor":23},{"not_picked":["LikeWater","CrushJoints","Halt","REME_MusicOfDeath","champ:HeartStrike+1"],"picked":"MentalFortress","floor":25},{"not_picked":["Fasting2","champ:BerserkersShout+1","champ:PreciseThrust","champ:ShieldWall","Protect","champ:DefensiveShout"],"picked":"SKIP","floor":25},{"not_picked":["TH:ArmorSpikes","TH:ElvenBoots","TH:CopperCoins","TH:BikiniMail"],"picked":"TH:CursedSword","floor":26},{"not_picked":["TH:DeckOfManyThings","TH:PixieDust","TH:ElvenBoots","TH:Mimic"],"picked":"TH:CopperCoins","floor":30},{"not_picked":["TH:CopperCoins","TH:Mimic","TH:DeckOfManyThings","TH:BikiniMail"],"picked":"TH:CursedSword","floor":31},{"not_picked":["Prostrate","BowlingBash+1","champ:Circumvent+1","Evaluate","champ:FightOn"],"picked":"MostiFishMod:PathToVictory+1","floor":31},{"not_picked":["TH:EnergyPotion","TH:CopperCoins","TH:BikiniMail","TH:Mimic"],"picked":"TH:CursedSword","floor":33},{"not_picked":["LessonLearned","MostiFishMod:KamiSmash","Blasphemy","MostiFishMod:ScryFuture","champ:HoldFirm"],"picked":"Devotion","floor":33},{"not_picked":["champ:EnGarde","CrushJoints+1","Protect+1","ReachHeaven","champ:TornadoPunch"],"picked":"ClearTheMind","floor":35},{"not_picked":["Fasting2","champ:DefensiveStyle+1","MostiFishMod:Clarity","champ:Haymaker+1","ReachHeaven","MostiFishMod:LegendTransform"],"picked":"SKIP","floor":35},{"not_picked":["BowlingBash+1","MentalFortress+1","EmptyBody+1","CrushJoints","Consecrate+1"],"picked":"Evaluate","floor":36},{"not_picked":["Consecrate","champ:GutPunch+1","Pray+1","FlyingSleeves+1","champ:Shatter"],"picked":"FlurryOfBlows+1","floor":36},{"not_picked":["champ:DefensiveShout","SashWhip+1","champ:BladeFlurry+1","PathToVictory","REME_Repentance+1"],"picked":"FollowUp+1","floor":38},{"not_picked":["champ:FanOfKnives+1","champ:CheapShot","champ:Haymaker","champ:StanceDance","champ:PerfectedStrike+1"],"picked":"champ:IronFortress+1","floor":38},{"not_picked":["TH:ArmorSpikes","TH:EnergyPotion","TH:TreasureMap","TH:ElvenBoots"],"picked":"TH:CopperCoins","floor":40},{"not_picked":["champ:GladiatorsShout","ReachHeaven","Consecrate","FlurryOfBlows","Crescendo"],"picked":"champ:Improvising","floor":40},{"not_picked":["TH:CopperCoins","TH:ElvenBoots","TH:PixieDust","TH:ArmorSpikes"],"picked":"TH:CursedSword","floor":42},{"not_picked":["champ:DefensiveShout+1","champ:FanOfKnives","champ:GladiatorsShout+1","JustLucky","EmptyFist+1"],"picked":"FlurryOfBlows","floor":42},{"not_picked":["TH:Mimic","TH:EnergyPotion","TH:ElvenBoots","TH:PixieDust"],"picked":"TH:DeckOfManyThings","floor":43},{"not_picked":["TH:ElvenBoots","TH:BikiniMail","TH:EnergyPotion","TH:DeckOfManyThings"],"picked":"TH:CursedSword","floor":44},{"not_picked":["Evaluate+1","Wish","Halt+1","champ:ShieldWall+1","EmptyFist"],"picked":"ClearTheMind","floor":44},{"not_picked":["champ:AdrenalArmor+1","Study+1","EmptyBody","champ:Encircle+1","champ:CalledShot+1"],"picked":"champ:HeartStrike+1","floor":45},{"not_picked":["FlyingSleeves+1","MostiFishMod:Dust","champ:DefensiveShout+1","Fasting2+1","CrushJoints"],"picked":"Consecrate","floor":45},{"not_picked":["TH:DeckOfManyThings","TH:EnergyPotion","TH:ElvenBoots","TH:TreasureMap"],"picked":"TH:CopperCoins","floor":54},{"not_picked":["champ:FaceSlap","champ:FocusedBerserking+1","champ:FanOfKnives+1","Study","CrushJoints+1"],"picked":"champ:AdrenalArmor","floor":54}],"player_experience":541769,"relics_obtained":[{"floor":1,"key":"SynthV:TestCard"},{"floor":7,"key":"infinitespire:Satchel"},{"floor":10,"key":"aspiration:WatcherSkillbook"},{"floor":23,"key":"Prayer Wheel"},{"floor":26,"key":"Ornamental Fan"},{"floor":30,"key":"conspire:Dentures"},{"floor":31,"key":"Vajra"},{"floor":35,"key":"wanderingMiniBosses:CarrionFlame"},{"floor":40,"key":"Calipers"},{"floor":42,"key":"CeramicFish"},{"floor":43,"key":"conspire:TopHat"},{"floor":44,"key":"Old Coin"},{"floor":54,"key":"Eternal Feather"}],"event_choices":[{"damage_healed":0,"gold_gain":0,"player_choice":"1","damage_taken":0,"max_hp_gain":0,"max_hp_loss":0,"event_name":"betterMatch:BetterMatch","floor":13,"gold_loss":0,"cards_obtained":["betterMatch:RareCard"]},{"damage_healed":0,"gold_gain":0,"player_choice":"Became a vampire","damage_taken":0,"max_hp_gain":0,"max_hp_loss":28,"event_name":"Vampires","floor":19,"gold_loss":0,"cards_obtained":["Bite","Bite","Bite","Bite","Bite"]},{"damage_healed":0,"gold_gain":0,"player_choice":"Obtain J.A.X.","damage_taken":0,"max_hp_gain":0,"max_hp_loss":0,"event_name":"Drug Dealer","floor":20,"gold_loss":0,"cards_obtained":["J.A.X."]},{"damage_healed":0,"gold_gain":0,"player_choice":"Bet on Owner","damage_taken":0,"max_hp_gain":0,"max_hp_loss":0,"event_name":"The Joust","floor":21,"gold_loss":50},{"damage_healed":0,"gold_gain":3,"player_choice":"2","damage_taken":0,"max_hp_gain":0,"max_hp_loss":12,"event_name":"betterStone:BetterStone","floor":37,"gold_loss":0},{"damage_healed":0,"gold_gain":100,"player_choice":"Pray","damage_taken":0,"max_hp_gain":0,"max_hp_loss":0,"event_name":"Golden Shrine","floor":39,"gold_loss":0},{"damage_healed":0,"gold_gain":0,"player_choice":"Ignored","damage_taken":0,"max_hp_gain":0,"max_hp_loss":0,"event_name":"Tomb of Lord Red Mask","floor":47,"gold_loss":0},{"damage_healed":0,"gold_gain":0,"player_choice":"Paid Gold","damage_taken":0,"relics_obtained":["Potion Belt"],"max_hp_gain":0,"max_hp_loss":0,"event_name":"WeMeetAgain","floor":48,"gold_loss":77}],"is_beta":false,"boss_relics":[{"not_picked":["infinitespire:Cupcake","conspire:RunicOctahedron"],"picked":"PatriotShield"},{"not_picked":["Empty Cage","xbg"],"picked":"Fusion Hammer"}],"items_purged_floors":[53],"is_endless":false,"potions_floor_spawned":[5,7,10,18,23,25,36,40,45],"ascension_level":1}}