{"host":"u3zhfyeznnb1kiy1","time":1609377113,"event":{"mods":["BaseMod","Colored Map","Colored Powertips","Downfall","GifTheSpireLib","Highlight Path","Minty Spire (QoL Compilation)","StSLib"],"gold_per_floor":[99,109,559,559,570,603,603,215,215,215,215],"floor_reached":10,"playtime":622,"items_purged":["Slimebound:Icky"],"score":67,"play_id":"fb0b0d5e-a96a-4492-a4f2-f5980be7f30f","local_time":"20201230201153","is_ascension_mode":true,"campfire_choices":[{"floor":1,"key":"RECALL"}],"circlet_count":0,"master_deck":["sneckomod:Strike","sneckomod:Strike","sneckomod:Strike","sneckomod:Defend","sneckomod:Defend","sneckomod:Defend","sneckomod:TailWhip","sneckomod:SnekBite","sneckomod:Unknown","sneckomod:Unknown","sneckomod:SnakeSap","Slimebound:Icky","Slimebound:Icky","sneckomod:UnknownUncommonPower","sneckomod:UnknownVulnerable","sneckomod:UnknownDexterity+1","sneckomod:UnknownWeak","sneckomod:IronFang"],"relics":["sneckomod:SneckoSoul","Matryoshka","Happy Flower","Bronze Scales","Tiny Chest"],"acts_visited":["Exordium"],"potions_floor_usage":[5,10],"damage_taken":[{"damage":8,"enemies":"Jaw Worm","floor":2,"turns":4},{"damage":1,"enemies":"2 Louse","floor":5,"turns":2},{"damage":72,"enemies":"3 Sentries","floor":6,"turns":14},{"damage":0,"enemies":"downfall:FleeingMerchant","floor":8,"turns":4},{"damage":6,"enemies":"Lagavulin","floor":10,"turns":4}],"seed_played":"5534730701733257548","potions_obtained":[{"floor":2,"key":"SkillPotion"}],"is_trial":false,"path_per_floor":["R","M","?","?","M","E","T","$","?","E"],"character_chosen":"THE_SNECKO","items_purchased":["sneckomod:UnknownWeak","sneckomod:IronFang","Tiny Chest","Guardian:BlockOnCardUsePotion"],"campfire_rested":0,"item_purchase_floors":[8,8,8,8],"current_hp_per_floor":[99,91,91,73,73,2,2,4,4,0,0],"gold":215,"neow_bonus":"TEN_PERCENT_HP_BONUS","is_daily":false,"chose_seed":false,"campfire_upgraded":0,"win_rate":0.0,"timestamp":1609377113,"path_taken":["R","M","?","?","M","E","T","$","?","E"],"items_purchased_type":["Card","Card","Relic","Potion"],"build_version":"2020-12-22","purchased_purges":1,"victory":false,"max_hp_per_floor":[99,99,99,99,100,101,101,103,103,103,103],"card_choices":[{"not_picked":["sneckomod:QuickBite","sneckomod:UnknownStrike"],"picked":"sneckomod:SnakeSap","floor":2},{"not_picked":["sneckomod:UnknownStrength","sneckomod:Unknown1Cost"],"picked":"sneckomod:UnknownUncommonPower","floor":5},{"not_picked":["sneckomod:RainOfDice","sneckomod:Nope"],"picked":"sneckomod:UnknownVulnerable","floor":6},{"not_picked":["sneckomod:SerpentIdol","sneckomod:SoulExchange"],"picked":"sneckomod:UnknownDexterity","floor":8}],"player_experience":1205708,"relics_obtained":[{"floor":6,"key":"Happy Flower"},{"floor":7,"key":"Bronze Scales"}],"event_choices":[{"damage_healed":0,"gold_gain":0,"player_choice":"Success","damage_taken":18,"relics_obtained":["Matryoshka"],"max_hp_gain":0,"max_hp_loss":0,"event_name":"Scrap Ooze","floor":4,"gold_loss":0},{"damage_healed":0,"gold_gain":0,"player_choice":"Upgraded","damage_taken":0,"max_hp_gain":0,"max_hp_loss":0,"event_name":"Upgrade Shrine","floor":9,"gold_loss":0,"cards_upgraded":["sneckomod:UnknownDexterity"]}],"is_beta":false,"boss_relics":[],"items_purged_floors":[8],"is_endless":false,"potions_floor_spawned":[2],"killed_by":"Lagavulin","ascension_level":1}}