{"host":"jl15pmpb41l0mhji","time":1609454811,"event":{"mods":["2.2 Compatiblity","AchievementEnabler","Aspiration","Astrologer","BaseMod","Better Altar","Better Match","Better Note","Better Sensory Stone","Better Skull","Better Third Choice","Better Vampires","CCEM","Clawfect","Colored Map","Defuse TimeMaze Blight","Displayed Cursed Tome","Downfall","Emptier Cage","FruityMod","GifTheSpireLib","Hermit","Highlight Path","Hubris","JesterMod","Minty Spire (QoL Compilation)","Permanent Neow","Random Character Button","Relic Stats","Replay The Spire","Shade Mod","Spicy Shops","StSLib","Stuff the Spire","The Bug Knight","The Disciple","The Hierophant","The Necromancer","The Runesmith"],"gold_per_floor":[115,179,196,82,101,101,101,128,152,152,152,152,167,41,41,144,144,157,177,27,47,47,77,77,77,77],"floor_reached":25,"playtime":1493,"items_purged":["Shade:Defend_Shade","hexamod:Haunted"],"score":285,"play_id":"b04a072b-fd13-4193-a0ff-0b533f0d3151","local_time":"20201231164651","is_ascension_mode":true,"campfire_choices":[{"data":"Shade:AncientSpear","floor":6,"key":"SMITH"},{"data":"Shade:GreyBargain","floor":10,"key":"SMITH"},{"data":"Shade:WallOfFlesh","floor":12,"key":"SMITH"},{"data":"Shade:ScuttlingHand","floor":15,"key":"SMITH"},{"data":"Shade:UnbarTheGrave","floor":24,"key":"SMITH"}],"circlet_count":0,"master_deck":["Shade:Strike_Shade","Shade:Strike_Shade","Shade:Strike_Shade","Shade:Strike_Shade","Shade:Defend_Shade","Shade:Defend_Shade","Shade:AnimateDead","Shade:CarefulCut","Shade:AncientSpear+1","Shade:WallOfFlesh+1","Shade:CallOfTheGrave","Shade:SensePrey","Shade:StitchTogether","Shade:ClawBack","Shade:GreyBargain+1","Shade:RitualOffering","Shade:ScuttlingHand+1","Shade:SoulToxin+1","Shade:UnbarTheGrave+1","CommonCold","hubris:Despair","Shade:FreshBones","Shade:ExtraLimbs+1","Shade:PotionOfRestlessness","Shade:PotionOfRestlessness","Shade:SpectralStrikes","Shade:FuneraryArmor"],"relics":["Shade:YorickSkull","Bag of Preparation","Bottled Tornado","Blue Doll","Replay:Ancient Bell","aspiration:Lifesprig","hubris:TinFlute","StuffTheSpire:DarkSteelAnvil","hubris:Towel","Nunchaku"],"acts_visited":["Exordium","TheCity"],"potions_floor_usage":[8,23],"damage_taken":[{"damage":0,"enemies":"Small Slimes","floor":1,"turns":3},{"damage":0,"enemies":"2 Louse","floor":3,"turns":2},{"damage":0,"enemies":"Cultist","floor":5,"turns":3},{"damage":2,"enemies":"3 Sentries","floor":8,"turns":4},{"damage":0,"enemies":"3 Louse","floor":13,"turns":2},{"damage":18,"enemies":"Hexaghost","floor":16,"turns":9},{"damage":4,"enemies":"Shell Parasite","floor":18,"turns":5},{"damage":0,"enemies":"Chosen","floor":19,"turns":3},{"damage":11,"enemies":"Centurion and Healer","floor":21,"turns":5},{"damage":34,"enemies":"Book of Stabbing","floor":23,"turns":5},{"damage":25,"enemies":"Gremlin Leader","floor":25,"turns":2}],"seed_played":"-1458128008596976577","potions_obtained":[{"floor":1,"key":"DuplicationPotion"},{"floor":2,"key":"Ancient Potion"},{"floor":8,"key":"SteroidPotion"},{"floor":19,"key":"Energy Potion"},{"floor":23,"key":"Slimebound:ThreeZeroPotion"}],"is_trial":false,"path_per_floor":["M","?","M","$","M","R","?","E","T","R","?","R","M","$","R","B",null,"M","M","$","M","?","E","R","E"],"character_chosen":"SHADE","items_purchased":["Shade:StitchTogether","Shade:ScuttlingHand","Shade:SoulToxin+1","Shade:PotionOfRestlessness"],"campfire_rested":0,"item_purchase_floors":[4,14,14,20],"current_hp_per_floor":[59,59,59,59,59,59,59,57,57,57,51,51,51,51,51,40,59,55,55,55,51,51,24,24,0,0],"gold":77,"neow_bonus":"REMOVE_CARD","is_daily":false,"chose_seed":false,"campfire_upgraded":5,"win_rate":0.0,"timestamp":1609454811,"path_taken":["M","?","?","$","M","R","?","E","T","R","?","R","M","$","R","BOSS","M","M","$","?","?","E","R","E"],"items_purchased_type":["Card","Card","Card","Card"],"build_version":"2020-12-22","purchased_purges":2,"victory":false,"max_hp_per_floor":[65,65,65,65,65,65,65,65,65,65,65,65,65,65,65,65,65,65,65,65,65,65,65,65,65,65],"relic_stats":{"Nunchaku":[0],"counters":[11,43],"Bag of Preparation":[20],"obtain_stats":[{"aspiration:Lifesprig":17,"Nunchaku":23,"Shade:YorickSkull":0,"Blue Doll":9,"StuffTheSpire:DarkSteelAnvil":17,"Bag of Preparation":2,"Replay:Ancient Bell":17,"Bottled Tornado":8,"hubris:Towel":22,"hubris:TinFlute":17},{"aspiration:Lifesprig":6,"Nunchaku":10,"Shade:YorickSkull":0,"Blue Doll":4,"StuffTheSpire:DarkSteelAnvil":6,"Bag of Preparation":1,"Replay:Ancient Bell":6,"Bottled Tornado":4,"hubris:Towel":9,"hubris:TinFlute":6},{"aspiration:Lifesprig":23,"Nunchaku":41,"Shade:YorickSkull":0,"Blue Doll":12,"StuffTheSpire:DarkSteelAnvil":23,"Bag of Preparation":3,"Replay:Ancient Bell":23,"Bottled Tornado":12,"hubris:Towel":36,"hubris:TinFlute":23}]},"card_choices":[{"not_picked":["Shade:FreshBones","Shade:AblativeArmor"],"picked":"Shade:AncientSpear","floor":1},{"not_picked":["Shade:Trample","Shade:FeralStrike"],"picked":"Shade:WallOfFlesh","floor":2},{"not_picked":["Shade:CommandSoldier","Shade:GraveStillness"],"picked":"Shade:CallOfTheGrave","floor":2},{"not_picked":["Shade:Bonestorm","Shade:BoneShards"],"picked":"Shade:SensePrey","floor":3},{"not_picked":["Shade:SkeletonArmy","Shade:ExtraLimbs"],"picked":"Shade:ClawBack","floor":5},{"not_picked":["Shade:Premonition","Shade:RavenousHorde"],"picked":"Shade:GreyBargain","floor":8},{"not_picked":["Shade:Bonestorm","Shade:RavenousHorde"],"picked":"Shade:RitualOffering","floor":13},{"not_picked":["Shade:MadHubris","Shade:SelfBurial"],"picked":"Shade:UnbarTheGrave","floor":16},{"not_picked":["hexamod:Haunted","Decay"],"picked":"CommonCold","floor":17},{"not_picked":["hubris:Envy","ReplayTheSpireMod:Restless Dread"],"picked":"hubris:Despair","floor":17},{"not_picked":["Amnesia","hubris:Lust"],"picked":"hexamod:Haunted","floor":17},{"not_picked":["Shade:CallWraith","Shade:Trample"],"picked":"Shade:FreshBones","floor":18},{"not_picked":["Shade:FreshBones+1","Shade:TouchOfTheGrave"],"picked":"Shade:ExtraLimbs+1","floor":19},{"not_picked":["Shade:FeralStrike","Shade:FreshBones"],"picked":"Shade:SpectralStrikes","floor":21},{"not_picked":["Shade:GreyBargain","Shade:TouchOfTheGrave+1"],"picked":"Shade:FuneraryArmor","floor":23}],"player_experience":1995660,"relics_obtained":[{"floor":2,"key":"Bag of Preparation"},{"floor":8,"key":"Bottled Tornado"},{"floor":9,"key":"Blue Doll"},{"floor":23,"key":"Nunchaku"}],"event_choices":[{"damage_healed":0,"gold_gain":0,"player_choice":"Damaged","damage_taken":6,"max_hp_gain":0,"max_hp_loss":0,"event_name":"Wheel of Change","floor":11,"gold_loss":0}],"is_beta":false,"boss_relics":[{"not_picked":["Fusion Hammer","Black Star"],"picked":"Replay:Ancient Bell"},{"not_picked":["StuffTheSpire:Mouthbags","Guardian:PocketSentry"],"picked":"aspiration:Lifesprig"},{"not_picked":["Chameleon Ring","aspiration:StickyExplosives_weak"],"picked":"hubris:TinFlute"},{"not_picked":["StuffTheSpire:NeowsTribute","TungstenRod"],"picked":"StuffTheSpire:DarkSteelAnvil"}],"items_purged_floors":[4,20],"is_endless":false,"potions_floor_spawned":[1,8,19,23],"killed_by":"Gremlin Leader","ascension_level":6}}