{"host":"6azrrw3tf7wb0f4b","time":1609400103,"event":{"mods":["BaseMod","DeckTracker","Minty Spire (QoL Compilation)","SuperFastMode"],"gold_per_floor":[112,112,187,187,86,120,120,151,203,215,242,272,297,319,331,440,452,451,463,147,246,258,291,291,323,323,323,323,323],"floor_reached":28,"playtime":581,"items_purged":["Strike_G"],"score":487,"play_id":"6fb4503a-3738-47d2-bfdf-afe19b24e1a2","local_time":"20201231163503","is_ascension_mode":true,"campfire_choices":[{"data":"Envenom","floor":7,"key":"SMITH"},{"data":"Neutralize","floor":10,"key":"SMITH"},{"data":"Malaise","floor":15,"key":"SMITH"},{"floor":24,"key":"REST"},{"floor":27,"key":"REST"}],"circlet_count":0,"master_deck":["AscendersBane","Strike_G","Strike_G","Strike_G","Strike_G","Defend_G","Defend_G","Defend_G","Defend_G","Defend_G","Survivor","Neutralize+1","Dash","Deadly Poison","Envenom+1","Bane","Outmaneuver","Blade Dance","Malaise+1","Dagger Throw","After Image","Deadly Poison","Acrobatics","Accuracy","Tactician","A Thousand Cuts","Noxious Fumes+1"],"relics":["Ring of the Snake","NeowsBlessing","Art of War","PreservedInsect","Incense Burner","MawBank","HoveringKite","Lee\u0027s Waffle","Juzu Bracelet","Toy Ornithopter","Akabeko","WingedGreaves"],"acts_visited":["Exordium","TheCity"],"potions_floor_usage":[14,18,23,25],"damage_taken":[{"damage":0,"enemies":"Small Slimes","floor":1,"turns":1},{"damage":0,"enemies":"Lagavulin","floor":6,"turns":1},{"damage":0,"enemies":"Gremlin Nob","floor":8,"turns":1},{"damage":1,"enemies":"2 Louse","floor":11,"turns":3},{"damage":0,"enemies":"Cultist","floor":12,"turns":4},{"damage":9,"enemies":"Exordium Thugs","floor":13,"turns":4},{"damage":0,"enemies":"Large Slime","floor":14,"turns":4},{"damage":31,"enemies":"The Guardian","floor":16,"turns":11},{"damage":14,"enemies":"2 Thieves","floor":18,"turns":4},{"damage":22,"enemies":"Spheric Guardian","floor":22,"turns":6},{"damage":34,"enemies":"Gremlin Leader","floor":23,"turns":8},{"damage":40,"enemies":"Slavers","floor":25,"turns":5},{"damage":39,"enemies":"Colosseum Slavers","floor":28,"turns":4}],"seed_played":"-4927507129747460654","potions_obtained":[{"floor":1,"key":"Energy Potion"},{"floor":4,"key":"Explosive Potion"},{"floor":22,"key":"Dexterity Potion"},{"floor":23,"key":"SneckoOil"}],"is_trial":false,"path_per_floor":["M","?","?","?","$","E","R","E","T","R","M","M","M","M","R","B",null,"M","?","$","?","M","E","R","E","T","R","?"],"character_chosen":"THE_SILENT","items_purchased":["Deadly Poison","Accuracy","Lee\u0027s Waffle","Juzu Bracelet"],"campfire_rested":2,"item_purchase_floors":[5,20,20,20],"current_hp_per_floor":[63,51,51,51,51,51,51,51,51,51,50,50,41,41,41,10,55,41,41,77,77,55,21,44,9,9,32,0,0],"gold":323,"neow_bonus":"THREE_ENEMY_KILL","is_daily":false,"chose_seed":false,"campfire_upgraded":3,"win_rate":0.0,"timestamp":1609400103,"path_taken":["M","?","?","?","$","E","R","E","T","R","M","M","?","M","R","BOSS","M","?","$","?","M","E","R","E","T","R","?"],"items_purchased_type":["Card","Card","Relic","Relic"],"build_version":"2020-12-22","purchased_purges":1,"victory":false,"max_hp_per_floor":[70,70,70,70,70,70,70,70,70,70,70,70,70,70,70,70,70,70,70,77,77,77,77,77,77,77,77,77,77],"card_choices":[{"not_picked":["Reflex","Choke"],"picked":"Dash","floor":1},{"not_picked":["PiercingWail","Underhanded Strike"],"picked":"Envenom","floor":6},{"not_picked":["Acrobatics","Outmaneuver"],"picked":"Bane","floor":8},{"not_picked":["Dagger Spray","Deadly Poison"],"picked":"Outmaneuver","floor":11},{"not_picked":["Reflex","Slice"],"picked":"Blade Dance","floor":12},{"not_picked":["Eviscerate","Riddle With Holes"],"picked":"Malaise","floor":13},{"not_picked":["Underhanded Strike","Prepared"],"picked":"Dagger Throw","floor":14},{"not_picked":["Unload","Malaise"],"picked":"After Image","floor":16},{"not_picked":["Poisoned Stab","Finisher+1"],"picked":"Deadly Poison","floor":18},{"not_picked":["Terror","Eviscerate"],"picked":"Tactician","floor":22},{"not_picked":["Sucker Punch","Dodge and Roll"],"picked":"A Thousand Cuts","floor":23},{"not_picked":["Distraction+1","Finisher"],"picked":"Noxious Fumes+1","floor":25}],"player_experience":653957,"relics_obtained":[{"floor":6,"key":"PreservedInsect"},{"floor":8,"key":"Incense Burner"},{"floor":9,"key":"MawBank"},{"floor":23,"key":"Toy Ornithopter"},{"floor":25,"key":"Akabeko"},{"floor":26,"key":"WingedGreaves"}],"event_choices":[{"damage_healed":0,"gold_gain":0,"player_choice":"Success","damage_taken":12,"relics_obtained":["Art of War"],"max_hp_gain":0,"max_hp_loss":0,"event_name":"Scrap Ooze","floor":2,"gold_loss":0},{"damage_healed":0,"gold_gain":75,"player_choice":"Gained Gold","damage_taken":0,"max_hp_gain":0,"max_hp_loss":0,"event_name":"Golden Wing","floor":3,"gold_loss":0},{"damage_healed":0,"gold_gain":0,"player_choice":"Got Potions","damage_taken":0,"max_hp_gain":0,"max_hp_loss":0,"event_name":"Lab","floor":4,"gold_loss":0},{"damage_healed":0,"gold_gain":0,"player_choice":"Read","damage_taken":0,"max_hp_gain":0,"max_hp_loss":0,"event_name":"The Library","floor":19,"gold_loss":0,"cards_obtained":["Acrobatics"]},{"damage_healed":0,"gold_gain":99,"player_choice":"Stole From Cult","damage_taken":0,"max_hp_gain":0,"max_hp_loss":0,"event_name":"Nest","floor":21,"gold_loss":0},{"damage_healed":0,"gold_gain":0,"player_choice":"Fight","damage_taken":0,"max_hp_gain":0,"max_hp_loss":0,"event_name":"Colosseum","floor":28,"gold_loss":0}],"is_beta":false,"boss_relics":[{"not_picked":["Calling Bell","Coffee Dripper"],"picked":"HoveringKite"}],"items_purged_floors":[5],"is_endless":false,"potions_floor_spawned":[1,8,11,13,22,23],"killed_by":"Colosseum Slavers","ascension_level":11}}