{"host":"y2qfgmdkwisnz7x5","time":1609381074,"event":{"mods":["BaseMod","Colored Map","Minty Spire (QoL Compilation)","Shop Mod"],"gold_per_floor":[109,21,96,96,110,143,161,161,161],"floor_reached":8,"playtime":407,"items_purged":[],"score":64,"play_id":"47abe250-e42f-4ffd-b9d1-4971b3529c24","local_time":"20201231031754","is_ascension_mode":true,"campfire_choices":[],"circlet_count":0,"master_deck":["Strike_G","Strike_G","Strike_G","Strike_G","Strike_G","Defend_G","Defend_G","Defend_G","Defend_G","Defend_G","Survivor","Neutralize","Burst","Caltrops","Flying Knee","Dagger Spray","Dagger Spray","Noxious Fumes"],"relics":["Ring of the Snake","Matryoshka"],"acts_visited":["Exordium"],"potions_floor_usage":[8,8],"damage_taken":[{"damage":13,"enemies":"Jaw Worm","floor":1,"turns":8},{"damage":0,"enemies":"Small Slimes","floor":5,"turns":3},{"damage":32,"enemies":"3 Sentries","floor":6,"turns":7},{"damage":0,"enemies":"2 Louse","floor":7,"turns":2},{"damage":6,"enemies":"Gremlin Nob","floor":8,"turns":3}],"seed_played":"3227668210018001471","potions_obtained":[{"floor":6,"key":"AttackPotion"},{"floor":7,"key":"Dexterity Potion"}],"is_trial":false,"path_per_floor":["M","$","?","?","M","E","M","E"],"character_chosen":"THE_SILENT","items_purchased":["Caltrops","Flying Knee"],"campfire_rested":0,"item_purchase_floors":[2,2],"current_hp_per_floor":[57,57,46,51,51,19,19,13,13],"gold":161,"neow_bonus":"ONE_RANDOM_RARE_CARD","is_daily":false,"chose_seed":false,"campfire_upgraded":0,"win_rate":0.0,"timestamp":1609381074,"path_taken":["M","$","?","?","M","E","M","E"],"items_purchased_type":["Card","Card"],"build_version":"2020-12-22","purchased_purges":0,"victory":false,"max_hp_per_floor":[70,70,70,75,75,75,75,75,75],"card_choices":[{"not_picked":["Underhanded Strike","Setup","Tactician"],"picked":"SKIP","floor":1},{"not_picked":["Eviscerate","Cloak And Dagger"],"picked":"Dagger Spray","floor":5},{"not_picked":["Terror","Choke"],"picked":"Dagger Spray","floor":6},{"not_picked":["Deflect","PiercingWail"],"picked":"Noxious Fumes","floor":7}],"player_experience":892992,"relics_obtained":[{"floor":6,"key":"Matryoshka"}],"event_choices":[{"damage_healed":0,"gold_gain":75,"player_choice":"Gather Gold","damage_taken":11,"max_hp_gain":0,"max_hp_loss":0,"event_name":"World of Goop","floor":3,"gold_loss":0},{"damage_healed":0,"gold_gain":0,"player_choice":"Donut","damage_taken":0,"max_hp_gain":5,"max_hp_loss":0,"event_name":"Big Fish","floor":4,"gold_loss":0}],"is_beta":false,"boss_relics":[],"items_purged_floors":[],"is_endless":false,"potions_floor_spawned":[6,7],"killed_by":"Gremlin Nob","ascension_level":3}}