{"host":"i0avyit1s6jb1siw","time":1609416325,"event":{"mods":["BaseMod","DeckTracker","Dota2Spire","Highlight Path","Minty Spire (QoL Compilation)","Quick Restart","Replay The Spire","StSLib","SuperFastMode"],"gold_per_floor":[119,138,63,63,63,94,94,107,177,177,190,190,224,34,34,34,34],"floor_reached":16,"playtime":246,"items_purged":["Strike_G","Strike_G"],"score":266,"play_id":"22f07b91-f3f9-412f-9e61-edbd1f71ef2b","local_time":"20201231130525","is_ascension_mode":true,"campfire_choices":[{"data":"Toxin Wave","floor":7,"key":"SMITH"},{"data":"Flechettes","floor":10,"key":"SMITH"},{"data":"Neutralize","floor":15,"key":"SMITH"}],"circlet_count":0,"master_deck":["AscendersBane","Strike_G","Strike_G","Strike_G","Defend_G","Defend_G","Defend_G","Defend_G","Survivor","Neutralize+1","Toxin Wave","Dagger Throw","Atom Bomb+1","Toxin Wave+1","Flechettes+1","Blade Dance","Reflex"],"relics":["Ring of the Snake","NeowsBlessing","Bronze Scales","Ornamental Fan","Byrd Skull"],"acts_visited":["Exordium"],"potions_floor_usage":[13,16],"damage_taken":[{"damage":0,"enemies":"Cultist","floor":1,"turns":1},{"damage":0,"enemies":"Jaw Worm","floor":2,"turns":1},{"damage":0,"enemies":"3 Sentries","floor":6,"turns":2},{"damage":7,"enemies":"Small Slimes","floor":8,"turns":3},{"damage":4,"enemies":"Blue Slaver","floor":11,"turns":4},{"damage":13,"enemies":"Lagavulin","floor":13,"turns":6},{"damage":35,"enemies":"Hexaghost","floor":16,"turns":10}],"seed_played":"-2684732477071635955","potions_obtained":[{"floor":1,"key":"Explosive Potion"},{"floor":2,"key":"Venom Potion"},{"floor":13,"key":"Swift Potion"}],"is_trial":false,"path_per_floor":["M","M","$","?","?","E","R","M","T","R","M","T","E","$","R","B"],"character_chosen":"THE_SILENT","items_purchased":["Reflex"],"campfire_rested":0,"item_purchase_floors":[14],"current_hp_per_floor":[59,59,59,59,59,59,59,52,52,52,48,48,35,35,35,0,0],"gold":34,"neow_bonus":"THREE_ENEMY_KILL","is_daily":false,"chose_seed":false,"campfire_upgraded":3,"win_rate":0.0,"timestamp":1609416325,"path_taken":["M","?","$","?","?","E","R","M","T","R","M","?","E","$","R","BOSS"],"items_purchased_type":["Card"],"build_version":"2020-12-22","purchased_purges":2,"victory":false,"max_hp_per_floor":[66,66,66,66,66,66,66,66,66,66,66,66,66,66,66,66,66],"card_choices":[{"not_picked":["Blur","Dodge and Roll"],"picked":"Toxin Wave","floor":1},{"not_picked":["Flying Knee","Draining Mist"],"picked":"Dagger Throw","floor":2},{"not_picked":["Setup","Backflip"],"picked":"Toxin Wave","floor":6},{"not_picked":["Backflip","Hidden Blade"],"picked":"Flechettes","floor":8},{"not_picked":["Blur","Finisher"],"picked":"Blade Dance","floor":11},{"not_picked":["Blade Dance","Eviscerate","Riddle With Holes"],"picked":"SKIP","floor":13}],"player_experience":2148866,"relics_obtained":[{"floor":6,"key":"Bronze Scales"},{"floor":9,"key":"Ornamental Fan"},{"floor":13,"key":"Byrd Skull"}],"event_choices":[{"damage_healed":0,"gold_gain":0,"player_choice":"Leave","damage_taken":0,"max_hp_gain":0,"max_hp_loss":0,"event_name":"The Cleric","floor":5,"gold_loss":0}],"is_beta":false,"boss_relics":[],"items_purged_floors":[3,14],"is_endless":false,"potions_floor_spawned":[1,2,11,13],"killed_by":"Hexaghost","ascension_level":20}}