{"host":"1c52r9kaxdyo25eq","time":1609408143,"event":{"mods":["AchievementEnabler","BaseMod","Minty Spire (QoL Compilation)","Rare Cards Sparkle","SuperFastMode","everything is the same but u backflip on backflip"],"gold_per_floor":[364,364,289,309,326,326,345,345,345,362,380,380,413,425,425,504,504,523,541,555,4,20,20,37,55,55,75,93,93,93,108,108,186,186,206,218,93,107,107,138,138,171,171,183,197,209,236,247,247,247,247,247,247,55,87,87,87],"floor_reached":56,"playtime":2331,"items_purged":["Defend_G","Strike_G","Defend_G"],"score":2077,"play_id":"07608e06-ca50-4721-bd41-27b6a18fabf9","local_time":"20201231184903","is_ascension_mode":true,"campfire_choices":[{"data":"Bouncing Flask","floor":6.0,"key":"SMITH"},{"data":"Catalyst","floor":8.0,"key":"SMITH"},{"floor":15.0,"key":"REST"},{"data":"Calculated Gamble","floor":23.0,"key":"SMITH"},{"data":"Tactician","floor":29.0,"key":"SMITH"},{"floor":32.0,"key":"REST"},{"data":"Burst","floor":41.0,"key":"SMITH"},{"floor":49.0,"key":"RECALL"},{"data":"Well Laid Plans","floor":53.0,"key":"SMITH"}],"circlet_count":0,"master_deck":["AscendersBane","Strike_G","Strike_G","Defend_G+1","Defend_G","Defend_G+1","Survivor","Neutralize","Quick Slash","Bouncing Flask+1","Catalyst+1","Acrobatics","Reflex","Tactician+1","Well Laid Plans+1","Burst+1","Calculated Gamble+1","Acrobatics","Grand Finale","Footwork+1","Calculated Gamble","Acrobatics","Backflip"],"relics":["Ring of the Snake","Tough Bandages","Prayer Wheel","HoveringKite","Eternal Feather","The Specimen","Sozu","War Paint","Ornamental Fan","Gremlin Horn","Oddly Smooth Stone","Strawberry"],"acts_visited":["Exordium","TheCity","TheBeyond","TheEnding"],"potions_floor_usage":[56],"damage_taken":[{"damage":1.0,"enemies":"2 Louse","floor":1.0,"turns":3.0},{"damage":0.0,"enemies":"Cultist","floor":4.0,"turns":3.0},{"damage":1.0,"enemies":"Small Slimes","floor":5.0,"turns":3.0},{"damage":22.0,"enemies":"Gremlin Gang","floor":7.0,"turns":6.0},{"damage":14.0,"enemies":"3 Louse","floor":10.0,"turns":4.0},{"damage":4.0,"enemies":"Blue Slaver","floor":11.0,"turns":3.0},{"damage":3.0,"enemies":"Gremlin Nob","floor":13.0,"turns":3.0},{"damage":9.0,"enemies":"2 Fungi Beasts","floor":14.0,"turns":3.0},{"damage":3.0,"enemies":"Hexaghost","floor":16.0,"turns":6.0},{"damage":8.0,"enemies":"Shell Parasite","floor":18.0,"turns":3.0},{"damage":21.0,"enemies":"2 Thieves","floor":19.0,"turns":4.0},{"damage":0.0,"enemies":"Centurion and Healer","floor":20.0,"turns":5.0},{"damage":0.0,"enemies":"3 Cultists","floor":22.0,"turns":2.0},{"damage":21.0,"enemies":"Cultist and Chosen","floor":24.0,"turns":8.0},{"damage":0.0,"enemies":"Centurion and Healer","floor":25.0,"turns":3.0},{"damage":10.0,"enemies":"Shelled Parasite and Fungi","floor":27.0,"turns":5.0},{"damage":0.0,"enemies":"Cultist and Chosen","floor":28.0,"turns":3.0},{"damage":0.0,"enemies":"3 Cultists","floor":31.0,"turns":2.0},{"damage":35.0,"enemies":"Collector","floor":33.0,"turns":5.0},{"damage":25.0,"enemies":"3 Shapes","floor":35.0,"turns":4.0},{"damage":2.0,"enemies":"3 Darklings","floor":36.0,"turns":4.0},{"damage":8.0,"enemies":"4 Shapes","floor":38.0,"turns":4.0},{"damage":0.0,"enemies":"Giant Head","floor":40.0,"turns":4.0},{"damage":2.0,"enemies":"Nemesis","floor":42.0,"turns":3.0},{"damage":0.0,"enemies":"Maw","floor":44.0,"turns":3.0},{"damage":0.0,"enemies":"3 Darklings","floor":45.0,"turns":1.0},{"damage":0.0,"enemies":"Spire Growth","floor":46.0,"turns":3.0},{"damage":9.0,"enemies":"Giant Head","floor":47.0,"turns":4.0},{"damage":0.0,"enemies":"Writhing Mass","floor":48.0,"turns":4.0},{"damage":9.0,"enemies":"Time Eater","floor":50.0,"turns":6.0},{"damage":0.0,"enemies":"Donu and Deca","floor":51.0,"turns":4.0},{"damage":17.0,"enemies":"Shield and Spear","floor":55.0,"turns":5.0},{"damage":55,"enemies":"The Heart","floor":56,"turns":5}],"seed_played":"-5125022355582838791","potions_obtained":[{"floor":1.0,"key":"BlessingOfTheForge"},{"floor":4.0,"key":"Regen Potion"},{"floor":10.0,"key":"GhostInAJar"},{"floor":19.0,"key":"EntropicBrew"},{"floor":20.0,"key":"Strength Potion"},{"floor":27.0,"key":"GamblersBrew"},{"floor":28.0,"key":"LiquidBronze"},{"floor":33.0,"key":"LiquidBronze"}],"is_trial":false,"path_per_floor":["M","?","$","M","M","R","M","R","T","M","M","?","E","M","R","B",null,"M","M","M","$","M","R","M","M","T","M","M","R","$","M","R","B",null,"M","M","$","M","?","E","R","E","T","M","M","M","E","M","R","B","B",null,"R","$","E","B"],"character_chosen":"THE_SILENT","items_purchased":["Grand Finale","Eternal Feather","Backflip","Oddly Smooth Stone"],"campfire_rested":2,"item_purchase_floors":[21,21,54,54],"current_hp_per_floor":[43,43,43,43,42,42,20,20,20,20,16,16,13,4,23,20,55,47,26,26,26,26,38,17,17,17,7,7,19,19,19,50,15,53,28,26,26,18,18,18,30,28,28,28,28,28,19,19,31,22,22,55,66,66,56,1,1],"gold":87,"neow_bonus":"TWO_FIFTY_GOLD","is_daily":false,"chose_seed":false,"campfire_upgraded":6,"win_rate":0.0,"timestamp":1609408143,"path_taken":["M","?","$","M","M","R","M","R","T","M","M","?","E","M","R","BOSS","M","?","?","$","M","R","M","M","T","M","M","R","$","M","R","BOSS","M","M","$","M","?","E","R","E","T","M","M","M","E","M","R","BOSS","BOSS","R","$","E","BOSS"],"items_purchased_type":["Card","Relic","Card","Relic"],"build_version":"2020-12-22","purchased_purges":3,"victory":false,"max_hp_per_floor":[66,66,66,66,66,66,66,66,66,66,66,66,66,66,66,66,66,66,66,66,66,66,66,66,66,66,66,66,66,66,66,66,66,66,66,66,66,66,66,66,66,66,66,66,66,66,66,66,66,66,66,66,66,66,73,73,73],"card_choices":[{"not_picked":["Riddle With Holes","Underhanded Strike"],"picked":"Quick Slash","floor":1.0},{"not_picked":["Accuracy","Outmaneuver"],"picked":"Catalyst","floor":4.0},{"not_picked":["Bouncing Flask","Blur","Dodge and Roll"],"picked":"SKIP","floor":5.0},{"not_picked":["Bane","Phantasmal Killer"],"picked":"Acrobatics","floor":7.0},{"not_picked":["Escape Plan","Backflip","Underhanded Strike"],"picked":"SKIP","floor":10.0},{"not_picked":["Endless Agony","Noxious Fumes","Predator"],"picked":"SKIP","floor":11.0},{"not_picked":["Distraction","Setup"],"picked":"Reflex","floor":13.0},{"not_picked":["Storm of Steel","Acrobatics"],"picked":"Tactician","floor":14.0},{"not_picked":["Flying Knee","Quick Slash"],"picked":"Well Laid Plans","floor":14.0},{"not_picked":["After Image","Wraith Form v2"],"picked":"Burst","floor":16.0},{"not_picked":["Poisoned Stab+1","Sucker Punch"],"picked":"Calculated Gamble","floor":18.0},{"not_picked":["Endless Agony+1","Bouncing Flask","Cloak And Dagger"],"picked":"SKIP","floor":18.0},{"not_picked":["All Out Attack","Riddle With Holes+1"],"picked":"Acrobatics","floor":19.0},{"not_picked":["Malaise","Deadly Poison","Quick Slash"],"picked":"SKIP","floor":19.0},{"not_picked":["Outmaneuver","Terror","Dagger Throw"],"picked":"SKIP","floor":20.0},{"not_picked":["Backflip","Underhanded Strike","Flying Knee"],"picked":"SKIP","floor":20.0},{"not_picked":["Bane","Dagger Spray","Storm of Steel"],"picked":"SKIP","floor":22.0},{"not_picked":["Cloak And Dagger","Dodge and Roll+1","Masterful Stab"],"picked":"SKIP","floor":22.0},{"not_picked":["Deadly Poison","Cloak And Dagger+1","Eviscerate"],"picked":"SKIP","floor":24.0},{"not_picked":["Dodge and Roll","Distraction","Terror"],"picked":"SKIP","floor":24.0},{"not_picked":["Dodge and Roll","PiercingWail+1","Night Terror"],"picked":"SKIP","floor":25.0},{"not_picked":["Blur+1","Deadly Poison+1","Flying Knee"],"picked":"SKIP","floor":25.0},{"not_picked":["Dodge and Roll","Eviscerate","Bane"],"picked":"SKIP","floor":27.0},{"not_picked":["Blade Dance","Bane","Riddle With Holes"],"picked":"SKIP","floor":27.0},{"not_picked":["Outmaneuver","PiercingWail","Well Laid Plans"],"picked":"SKIP","floor":28.0},{"not_picked":["Caltrops","Concentrate","Prepared"],"picked":"SKIP","floor":28.0},{"not_picked":["Poisoned Stab","Dagger Throw","Flying Knee"],"picked":"SKIP","floor":31.0},{"not_picked":["Deflect+1","PiercingWail","A Thousand Cuts"],"picked":"SKIP","floor":31.0},{"not_picked":["Well Laid Plans","All Out Attack","Infinite Blades"],"picked":"SKIP","floor":35.0},{"not_picked":["Deadly Poison","Underhanded Strike","Blade Dance"],"picked":"SKIP","floor":35.0},{"not_picked":["Blade Dance","Caltrops"],"picked":"Footwork+1","floor":36.0},{"not_picked":["Sucker Punch+1","Concentrate","Skewer"],"picked":"SKIP","floor":36.0},{"not_picked":["Die Die Die","PiercingWail","Predator+1"],"picked":"SKIP","floor":38.0},{"not_picked":["Dagger Throw","Choke+1","Sucker Punch"],"picked":"SKIP","floor":38.0},{"not_picked":["Prepared","Envenom"],"picked":"Calculated Gamble","floor":40.0},{"not_picked":["Accuracy+1","Acrobatics+1","PiercingWail"],"picked":"SKIP","floor":42.0},{"not_picked":["Noxious Fumes+1","Quick Slash","Outmaneuver"],"picked":"SKIP","floor":44.0},{"not_picked":["Dodge and Roll+1","Poisoned Stab+1","Escape Plan"],"picked":"SKIP","floor":44.0},{"not_picked":["Dagger Spray","Deadly Poison","Dodge and Roll"],"picked":"SKIP","floor":45.0},{"not_picked":["Outmaneuver+1","Noxious Fumes","Calculated Gamble"],"picked":"SKIP","floor":45.0},{"not_picked":["Escape Plan","Backstab","Underhanded Strike+1"],"picked":"SKIP","floor":46.0},{"not_picked":["Flying Knee","Die Die Die","Acrobatics"],"picked":"SKIP","floor":46.0},{"not_picked":["Backflip","Deflect","Dodge and Roll+1"],"picked":"SKIP","floor":47.0},{"not_picked":["Concentrate","Endless Agony","Acrobatics"],"picked":"SKIP","floor":48.0},{"not_picked":["Bane","Footwork","Eviscerate+1"],"picked":"SKIP","floor":48.0},{"not_picked":["Concentrate","Endless Agony"],"picked":"Acrobatics","floor":48.0},{"not_picked":["Bane","Footwork","Eviscerate+1"],"picked":"SKIP","floor":48.0},{"not_picked":["Infinite Blades","Concentrate","Bouncing Flask"],"picked":"SKIP","floor":55.0}],"player_experience":532626,"relics_obtained":[{"floor":9.0,"key":"Tough Bandages"},{"floor":13.0,"key":"Prayer Wheel"},{"floor":26.0,"key":"The Specimen"},{"floor":40.0,"key":"War Paint"},{"floor":42.0,"key":"Ornamental Fan"},{"floor":47.0,"key":"Gremlin Horn"},{"floor":55.0,"key":"Strawberry"}],"event_choices":[{"damage_healed":0.0,"max_hp_gain":0.0,"max_hp_loss":0.0,"gold_gain":0.0,"cards_transformed":["Strike_G"],"event_name":"Living Wall","player_choice":"Change","floor":2.0,"gold_loss":0.0,"damage_taken":0.0,"cards_obtained":["Bouncing Flask"]},{"cards_removed":["Strike_G"],"damage_healed":0.0,"max_hp_gain":0.0,"max_hp_loss":0.0,"gold_gain":0.0,"event_name":"Bonfire Elementals","player_choice":"Offered Basic","floor":12.0,"gold_loss":0.0,"damage_taken":0.0},{"damage_healed":0.0,"max_hp_gain":0.0,"max_hp_loss":0.0,"gold_gain":0.0,"event_name":"Mysterious Sphere","player_choice":"Ignored","floor":39.0,"gold_loss":0.0,"damage_taken":0.0}],"is_beta":false,"boss_relics":[{"not_picked":["Ectoplasm","Tiny House"],"picked":"HoveringKite"},{"not_picked":["WristBlade","Cursed Key"],"picked":"Sozu"}],"items_purged_floors":[3,21,37],"is_endless":false,"potions_floor_spawned":[1,4,10,13,16,18,19,20,27,28,33,35,38,45,47,55],"killed_by":"The Heart","ascension_level":20}}