{"host":"r1hgdlwib9qjn5kx","time":1609442740,"event":{"mods":["BaseMod","Downfall","Hubris","Marisa????????","Minty Spire (QoL Compilation)","Replay The Spire","StSLib","The Bug Knight","The Cursed","The Disciple","The Necromancer","The Servant 0.9.4"],"gold_per_floor":[118,118,1,21,196,196,48,48,48,48,74,74,106,126,126,230,230,230,230],"floor_reached":18,"playtime":1363,"items_purged":["Doubt"],"score":156,"play_id":"175c09c3-6e6c-40b4-89a4-ab8f93c55cbb","local_time":"20201231192540","is_ascension_mode":false,"campfire_choices":[{"data":"HollowMod:SoulShaman","floor":6,"key":"SMITH"},{"data":"HollowMod:TaintedHusks","floor":8,"key":"SMITH"},{"data":"HollowMod:MothsMistake","floor":10,"key":"SMITH"},{"data":"HollowMod:GrimmsGift","floor":12,"key":"SMITH"},{"data":"HollowMod:MantisMark","floor":15,"key":"SMITH"}],"circlet_count":0,"master_deck":["HollowMod:NailStrikeStart","HollowMod:NailStrikeStart","HollowMod:NailStrikeStart","HollowMod:NailStrikeStart","HollowMod:QuickDashStart","HollowMod:QuickDashStart","HollowMod:QuickDashStart","HollowMod:FocusHealStart","HollowMod:PogoStrike","HollowMod:TaintedHusks+1","HollowMod:SoulShaman+1","HollowMod:HornetsHelp+1","HollowMod:DoubleDash","HollowMod:MothsMistake+1","HollowMod:GrimmsGift+1","HollowMod:MantisMark+1","HollowMod:HornetsHelp"],"relics":["HollowMod:VesselMask","hubris:TinFlute","Odd Mushroom","Boot","hubris:VirtuousBlindfold"],"acts_visited":["Exordium","TheCity"],"potions_floor_usage":[11,11,13],"damage_taken":[{"damage":4,"enemies":"2 Louse","floor":1,"turns":2},{"damage":13,"enemies":"Small Slimes","floor":4,"turns":4},{"damage":17,"enemies":"The Mushroom Lair","floor":11,"turns":5},{"damage":5,"enemies":"HollowMod:MossKnight","floor":13,"turns":6},{"damage":4,"enemies":"Jaw Worm","floor":14,"turns":2},{"damage":10,"enemies":"Slime Boss","floor":16,"turns":6},{"damage":3,"enemies":"3 Byrds","floor":18,"turns":3}],"seed_played":"-3392496670022735237","potions_obtained":[{"floor":1,"key":"Energy Potion"},{"floor":4,"key":"SkillPotion"},{"floor":11,"key":"GamblersBrew"},{"floor":14,"key":"Block Potion"}],"is_trial":false,"path_per_floor":["M","?","$","M","?","R","$","R","T","R","?","R","E","M","R","B",null,"M"],"character_chosen":"THE_BUGKNIGHT","items_purchased":["HollowMod:HornetsHelp+1","HollowMod:MothsMistake"],"campfire_rested":0,"item_purchase_floors":[3,7],"current_hp_per_floor":[71,71,71,58,58,58,58,58,58,58,41,41,46,42,42,32,75,72,72],"gold":230,"neow_bonus":"TRANSFORM_CARD","is_daily":false,"chose_seed":false,"campfire_upgraded":5,"win_rate":0.0,"timestamp":1609442740,"path_taken":["M","?","$","M","?","R","$","R","T","R","?","R","E","M","R","BOSS","M"],"items_purchased_type":["Card","Card"],"build_version":"2020-12-22","purchased_purges":1,"victory":false,"max_hp_per_floor":[75,75,75,75,75,75,75,75,75,75,75,75,75,75,75,75,75,75,75],"card_choices":[{"not_picked":["HollowMod:HowlingWraiths","HollowMod:FallenFury"],"picked":"HollowMod:SoulShaman","floor":1},{"not_picked":["HollowMod:HowlingWraiths","HollowMod:CycloneSlash"],"picked":"HollowMod:DoubleDash","floor":4},{"not_picked":["HollowMod:VengefulVoid","HollowMod:BrokenVessel"],"picked":"HollowMod:GrimmsGift","floor":11},{"not_picked":["HollowMod:SharpenedShadows","HollowMod:RecoilStrike"],"picked":"HollowMod:MantisMark","floor":13},{"not_picked":["HollowMod:CoiledNail","HollowMod:NewLittleFool","HollowMod:SharpenedShadows"],"picked":"SKIP","floor":14},{"not_picked":["HollowMod:SoulMaster","HollowMod:AwokenDreamNail"],"picked":"HollowMod:HornetsHelp","floor":16}],"player_experience":327522,"relics_obtained":[{"floor":9,"key":"hubris:TinFlute"},{"floor":11,"key":"Odd Mushroom"},{"floor":13,"key":"Boot"}],"event_choices":[{"damage_healed":0,"gold_gain":175,"player_choice":"AGREE","damage_taken":0,"max_hp_gain":0,"max_hp_loss":0,"event_name":"Liars Game","floor":5,"gold_loss":0,"cards_obtained":["Doubt"]},{"damage_healed":0,"gold_gain":0,"player_choice":"Fought Mushrooms","damage_taken":0,"max_hp_gain":0,"max_hp_loss":0,"event_name":"Mushrooms","floor":11,"gold_loss":0}],"is_beta":false,"boss_relics":[{"not_picked":["HollowMod:VoidIdolRelic","Fusion Hammer"],"picked":"hubris:VirtuousBlindfold"}],"items_purged_floors":[7],"is_endless":false,"potions_floor_spawned":[1,4,11,14],"killed_by":"3 Byrds","ascension_level":0}}