{"host":"kos1s9q8ffr8fqos","time":1609404747,"event":{"mods":["BaseMod","Bestiary","Better Altar","Better Match","Better Note","Better Sensory Stone","Better Skull","Better Third Choice","Better Vampires","Colored Map","Colored Powertips","Curses Come First","Downfall","Hermit","Infinite Spire","Minty Spire (QoL Compilation)","Quick Restart","Random Character Button","Relic Stats","Replay The Spire","StSLib","The Blue Laboratory","The Disciple"],"gold_per_floor":[99,99,99,99,249,283,283,283],"floor_reached":6,"playtime":266,"items_purged":[],"score":42,"play_id":"054a55c9-53b7-458a-bf40-cdc39c6d20f3","local_time":"20201231025227","is_ascension_mode":true,"campfire_choices":[{"data":"champ:Taunt","floor":1,"key":"SMITH"}],"circlet_count":0,"master_deck":["champ:Strike","champ:Strike","champ:Strike","champ:Strike","champ:Defend","champ:Defend","champ:Defend","champ:Defend","champ:Execute","champ:Taunt+1","champ:FlashCut","champ:TornadoPunch","champ:GutPunch","Slimebound:Icky","champ:ViciousMockery"],"relics":["champ:ChampionCrown","downfall:HeartsMalice","infinitespire:Bottled Soul"],"acts_visited":["Exordium"],"potions_floor_usage":[],"damage_taken":[{"damage":0,"enemies":"Jaw Worm","floor":2,"turns":1},{"damage":0,"enemies":"Cultist","floor":3,"turns":1},{"damage":0,"enemies":"2 Louse","floor":4,"turns":1},{"damage":32,"enemies":"Replay:BlueRogue","floor":6,"turns":9}],"seed_played":"-2526218533865547604","potions_obtained":[{"floor":6,"key":"blueLaboratory:ImpenetrablePotion"}],"is_trial":false,"path_per_floor":["R","M","M","M","?","E"],"character_chosen":"THE_CHAMP","items_purchased":[],"campfire_rested":0,"item_purchase_floors":[],"current_hp_per_floor":[90,90,90,90,90,71,71,71],"gold":283,"neow_bonus":"THREE_ENEMY_KILL","is_daily":false,"chose_seed":false,"campfire_upgraded":1,"win_rate":0.0,"timestamp":1609404747,"path_taken":["R","M","M","M","?","E"],"items_purchased_type":[],"build_version":"2020-12-22","purchased_purges":0,"victory":false,"max_hp_per_floor":[90,90,90,90,90,90,90,90],"relic_stats":{"counters":[4,9],"obtain_stats":[{"infinitespire:Bottled Soul":6,"champ:ChampionCrown":0,"downfall:HeartsMalice":0},{"infinitespire:Bottled Soul":4,"champ:ChampionCrown":0,"downfall:HeartsMalice":0},{"infinitespire:Bottled Soul":9,"champ:ChampionCrown":0,"downfall:HeartsMalice":0}]},"card_choices":[{"not_picked":["champ:FightOn","champ:GutPunch"],"picked":"champ:FlashCut","floor":2},{"not_picked":["champ:CrookedStrike","champ:PerfectedStrike"],"picked":"champ:TornadoPunch","floor":3},{"not_picked":["champ:Shatter","champ:PerfectedStrike"],"picked":"champ:GutPunch","floor":4},{"not_picked":["champ:Haymaker","champ:Shatter"],"picked":"champ:ViciousMockery","floor":6}],"player_experience":1272327,"relics_obtained":[{"floor":6,"key":"infinitespire:Bottled Soul"}],"event_choices":[],"is_beta":false,"boss_relics":[],"items_purged_floors":[],"is_endless":false,"potions_floor_spawned":[6],"killed_by":"Replay:BlueRogue","ascension_level":1}}