{"host":"weghyrtrhzwgovqi","time":1609423584,"event":{"mods":["BaseMod","Defuse TimeMaze Blight","Minty Spire (QoL Compilation)","StSLib","Uncapped","UnlockEverythingMod","Youmu£®ªÍ∆«—˝√Œ£©"],"gold_per_floor":[115,290,260,274,29,29,64,64,64,79,95,49,149,178,178,281,281,296,50,62,90,110,144,144,144,144,144,173,173,200,219,219,315,365,378,378,398,11,22,52,63,63,63,89,10,10,36,52,52,52],"floor_reached":51,"playtime":1407,"items_purged":["Doubt","Strike_YM","Defend_YM"],"score":1074,"play_id":"940c5112-986d-48b5-8c97-258f9d61cdd3","local_time":"20201231220624","is_ascension_mode":true,"campfire_choices":[{"data":"SwordExtraction","floor":6,"key":"SMITH"},{"data":"DispleasureOfTheSevenHakus","floor":8,"key":"SMITH"},{"data":"LowerRealmReflectionSlash","floor":15,"key":"SMITH"},{"data":"SuddenDivineSeveringOfKarmicWind","floor":24,"key":"SMITH"},{"data":"PretaSword","floor":29,"key":"SMITH"},{"data":"HellRealmSword","floor":32,"key":"SMITH"},{"data":"HumanGodSword","floor":46,"key":"SMITH"},{"data":"EchoesOfTheInclemencyOfAllBeings","floor":49,"key":"SMITH"}],"circlet_count":0,"master_deck":["Strike_YM","Strike_YM","Strike_YM","Defend_YM","Defend_YM","Defend_YM","SlashOfPresentWorld","WheelOfPainOfLivingAndDead","DispleasureOfTheSevenHakus+1","PhosphoricSlash","SwordExtraction+1","CrescentMoonSlash+1","CherryBlossomFlashing","LowerRealmReflectionSlash+1","SuddenDivineSeveringOfKarmicWind+1","SpiritCuttingSword+1","RapidSlash+1","HeavenlyHaloSlash+1","PretaSword+1","SwordOfBindingDesires","HellRealmSword+1","RapidSlash+1","HumanGodSword+1","PretaSword","GhostSword","Decay","EchoesOfTheInclemencyOfAllBeings+1"],"relics":["HalfPhantom","NeowsBlessing","Bronze Scales","PreservedInsect","Pear","ChestCloth","SlaversCollar","HandDrill","Red Mask","HornCleat","MutagenicStrength","Bag of Marbles","Akabeko","Tiny House","Gremlin Horn","Blood Vial","Eternal Feather","Bottled Tornado","Hakurouken"],"acts_visited":["Exordium","TheCity","TheBeyond"],"potions_floor_usage":[33,50,50,50],"damage_taken":[{"damage":0,"enemies":"Cultist","floor":1,"turns":1},{"damage":0,"enemies":"2 Louse","floor":4,"turns":2},{"damage":0,"enemies":"Gremlin Nob","floor":7,"turns":1},{"damage":0,"enemies":"Jaw Worm","floor":10,"turns":3},{"damage":2,"enemies":"Exordium Thugs","floor":11,"turns":4},{"damage":15,"enemies":"3 Sentries","floor":14,"turns":5},{"damage":48,"enemies":"The Guardian","floor":16,"turns":14},{"damage":1,"enemies":"Chosen","floor":18,"turns":4},{"damage":5,"enemies":"Spheric Guardian","floor":20,"turns":3},{"damage":11,"enemies":"Masked Bandits","floor":21,"turns":3},{"damage":12,"enemies":"Cultist and Chosen","floor":22,"turns":4},{"damage":5,"enemies":"Slavers","floor":23,"turns":4},{"damage":0,"enemies":"Book of Stabbing","floor":28,"turns":2},{"damage":0,"enemies":"Gremlin Leader","floor":30,"turns":2},{"damage":0,"enemies":"Centurion and Healer","floor":31,"turns":3},{"damage":0,"enemies":"Automaton","floor":33,"turns":5},{"damage":0,"enemies":"3 Darklings","floor":35,"turns":1},{"damage":1,"enemies":"3 Shapes","floor":37,"turns":1},{"damage":0,"enemies":"3 Darklings","floor":39,"turns":1},{"damage":0,"enemies":"Giant Head","floor":40,"turns":4},{"damage":11,"enemies":"Jaw Worm Horde","floor":41,"turns":2},{"damage":0,"enemies":"Reptomancer","floor":44,"turns":2},{"damage":0,"enemies":"Nemesis","floor":47,"turns":3},{"damage":6,"enemies":"Spire Growth","floor":48,"turns":4},{"damage":24,"enemies":"Awakened One","floor":50,"turns":7}],"seed_played":"-1887704697681696972","potions_obtained":[{"floor":3,"key":"BlessingOfTheForge"},{"floor":3,"key":"CausticAgent"},{"floor":4,"key":"Regen Potion"},{"floor":34,"key":"PowerPotion"},{"floor":48,"key":"Strength Potion"}],"is_trial":false,"path_per_floor":["M","?","?","M","$","R","E","R","T","M","M","$","?","E","R","B",null,"M","$","M","?","M","E","R","?","T","?","E","R","E","M","R","B",null,"M","?","M","$","M","E","M","?","T","E","$","R","E","M","R","B",null],"character_chosen":"YOUMU","items_purchased":["SwordExtraction","Bronze Scales","CherryBlossomFlashing","HandDrill","Gremlin Horn","EchoesOfTheInclemencyOfAllBeings"],"campfire_rested":0,"item_purchase_floors":[5,5,12,19,38,45],"current_hp_per_floor":[75,75,75,75,75,75,75,75,85,85,83,83,83,68,68,20,85,84,84,79,68,56,51,51,51,51,35,35,35,35,35,35,35,95,95,90,89,89,89,89,79,79,79,81,81,90,90,84,90,66],"gold":52,"neow_bonus":"THREE_ENEMY_KILL","is_daily":false,"chose_seed":false,"campfire_upgraded":8,"win_rate":0.0,"timestamp":1609423584,"path_taken":["M","?","?","?","$","R","E","R","T","M","M","$","?","E","R","BOSS","M","$","M","?","M","E","R","?","T","?","E","R","E","M","R","BOSS","M","?","M","$","M","E","M","?","T","E","$","R","E","?","R","BOSS"],"items_purchased_type":["Card","Relic","Card","Relic","Relic","Card"],"build_version":"2020-12-22","purchased_purges":3,"victory":true,"max_hp_per_floor":[75,75,75,75,75,75,75,75,85,85,85,85,85,85,85,85,85,85,85,85,85,85,85,85,85,85,90,90,90,90,90,90,90,95,95,90,90,90,90,90,90,90,90,90,90,90,90,90,90,90],"card_choices":[{"not_picked":["FlashingScatteredFlowers","SpiritCuttingSword"],"picked":"DispleasureOfTheSevenHakus","floor":1},{"not_picked":["DoubleWheelOfPain","LifeCuttingSword"],"picked":"PhosphoricSlash","floor":4},{"not_picked":["SanzenSekai","DispleasureOfTheSevenHakus","TurningAngelCut"],"picked":"SKIP","floor":7},{"not_picked":["SlashOfMeditation","DispleasureOfTheSevenHakus"],"picked":"CrescentMoonSlash","floor":10},{"not_picked":["ConstancyOfTheConventionalTruth","TurningAngelCut","SanzenSekai"],"picked":"SKIP","floor":11},{"not_picked":["DispleasureOfTheSevenHakus","TwoHundredYojanaInOneSlash"],"picked":"LowerRealmReflectionSlash","floor":14},{"not_picked":["ASingleThoughtAndInfiniteKalpas","HeavenSword"],"picked":"SuddenDivineSeveringOfKarmicWind","floor":16},{"not_picked":["DoubleWheelOfPain","TwoHundredYojanaInOneSlash+1"],"picked":"SpiritCuttingSword+1","floor":18},{"not_picked":["SpiritCuttingSword","DispleasureOfTheSevenHakus"],"picked":"RapidSlash+1","floor":20},{"not_picked":["ConstancyOfTheConventionalTruth","FlashingScatteredFlowers+1"],"picked":"HeavenlyHaloSlash+1","floor":21},{"not_picked":["TwoHundredYojanaInOneSlash","ConstancyOfTheConventionalTruth+1","CrescentMoonSlash+1"],"picked":"SKIP","floor":22},{"not_picked":["BizarrenessOfSixRealms","SlashOfDepartureFromHesitation"],"picked":"PretaSword","floor":23},{"not_picked":["ConstancyOfTheConventionalTruth","LowerRealmReflectionSlash","FlashingScatteredFlowers"],"picked":"SKIP","floor":28},{"not_picked":["CherryBlossomFlashing","ObsessionSword+1"],"picked":"SwordOfBindingDesires","floor":30},{"not_picked":["HellFireSword+1","CrescentMoonSlash"],"picked":"HellRealmSword","floor":31},{"not_picked":["SwordOfBindingDesires+1","TwoHundredYojanaInOneSlash"],"picked":"RapidSlash+1","floor":34},{"not_picked":["SwordOfBindingDesires+1","ObsessionSword","DispleasureOfTheSevenHakus"],"picked":"SKIP","floor":35},{"not_picked":["SlashOfMeditation+1","HellFireSword","ConstancyOfTheConventionalTruth"],"picked":"SKIP","floor":37},{"not_picked":["TwoHundredYojanaInOneSlash","DoubleWheelOfPain+1"],"picked":"HumanGodSword","floor":39},{"not_picked":["SwordOfBindingDesires","SlashOfMeditation+1"],"picked":"PretaSword","floor":40},{"not_picked":["ThreeKonsSevenHakus+1","HumanKnowledgeSword"],"picked":"GhostSword","floor":41},{"not_picked":["HumanKnowledgeSword+1","SwordExtraction+1","SwordOfBindingDesires+1"],"picked":"SKIP","floor":44},{"not_picked":["DeadlyForm","DoubleWheelOfPain","LifeCuttingSword+1"],"picked":"SKIP","floor":47},{"not_picked":["SlashOfDepartureFromHesitation+1","PretaSword","CrescentMoonSlash"],"picked":"SKIP","floor":48}],"player_experience":200897,"relics_obtained":[{"floor":7,"key":"PreservedInsect"},{"floor":9,"key":"Pear"},{"floor":14,"key":"ChestCloth"},{"floor":21,"key":"Red Mask"},{"floor":23,"key":"HornCleat"},{"floor":28,"key":"Bag of Marbles"},{"floor":30,"key":"Akabeko"},{"floor":40,"key":"Blood Vial"},{"floor":43,"key":"Eternal Feather"},{"floor":44,"key":"Bottled Tornado"},{"floor":47,"key":"Hakurouken"}],"event_choices":[{"damage_healed":0,"gold_gain":175,"player_choice":"AGREE","damage_taken":0,"max_hp_gain":0,"max_hp_loss":0,"event_name":"Liars Game","floor":2,"gold_loss":0,"cards_obtained":["Doubt"]},{"damage_healed":0,"gold_gain":0,"player_choice":"Bought 2 Potions","damage_taken":0,"max_hp_gain":0,"max_hp_loss":0,"event_name":"The Woman in Blue","floor":3,"gold_loss":0},{"damage_healed":0,"gold_gain":100,"player_choice":"Pray","damage_taken":0,"max_hp_gain":0,"max_hp_loss":0,"event_name":"Golden Shrine","floor":13,"gold_loss":0},{"damage_healed":0,"gold_gain":0,"player_choice":"Fought Bandits","damage_taken":0,"max_hp_gain":0,"max_hp_loss":0,"event_name":"Masked Bandits","floor":21,"gold_loss":0},{"damage_healed":0,"gold_gain":0,"player_choice":"Inject Mutagens","damage_taken":0,"relics_obtained":["MutagenicStrength"],"max_hp_gain":0,"max_hp_loss":0,"event_name":"Drug Dealer","floor":25,"gold_loss":0},{"damage_healed":0,"gold_gain":0,"player_choice":"Shed Blood","damage_taken":21,"max_hp_gain":5,"max_hp_loss":0,"event_name":"Forgotten Altar","floor":27,"gold_loss":0},{"damage_healed":0,"gold_gain":0,"player_choice":"Max HP","damage_taken":0,"max_hp_gain":0,"max_hp_loss":5,"event_name":"Winding Halls","floor":36,"gold_loss":0},{"damage_healed":0,"gold_gain":0,"player_choice":"Cursed","damage_taken":0,"max_hp_gain":0,"max_hp_loss":0,"event_name":"Wheel of Change","floor":42,"gold_loss":0,"cards_obtained":["Decay"]}],"is_beta":false,"boss_relics":[{"not_picked":["SacredBark","Fusion Hammer"],"picked":"SlaversCollar"},{"not_picked":["MiniYoumu","Velvet Choker"],"picked":"Tiny House"}],"items_purged_floors":[5,19,38],"is_endless":false,"potions_floor_spawned":[4,7,10,16,18,23,31,37,39,48],"ascension_level":1}}