{"host":"anox4050deqdcqoh","time":1609454971,"event":{"mods":["BaseMod","Colored Map","Minty Spire (QoL Compilation)","Quick Restart"],"gold_per_floor":[111,128,128,14,28,28,48,48,48,67,17,38,81,151,151,281,281,299,317,242,242,242],"floor_reached":21,"playtime":1307,"items_purged":["Strike_R"],"score":190,"play_id":"f71127d2-6c86-4c86-a7ab-11b8dc20eebf","local_time":"20201231174931","is_ascension_mode":true,"campfire_choices":[{"data":"Cleave","floor":6,"key":"SMITH"},{"data":"Intimidate","floor":8,"key":"SMITH"},{"floor":15,"key":"REST"}],"circlet_count":0,"master_deck":["Strike_R","Strike_R","Strike_R","Defend_R","Defend_R","Defend_R","Bash","Cleave+1","Cleave","Fire Breathing","Intimidate+1","Bloodletting","Power Through","Spot Weakness","Barricade","Pummel","Battle Trance"],"relics":["Burning Blood","Ancient Tea Set","Golden Idol","Paper Frog","Dead Branch","Shuriken"],"acts_visited":["TheCity"],"potions_floor_usage":[12,13,16],"damage_taken":[{"damage":10,"enemies":"Jaw Worm","floor":1,"turns":4},{"damage":2,"enemies":"Small Slimes","floor":2,"turns":3},{"damage":2,"enemies":"2 Louse","floor":5,"turns":2},{"damage":5,"enemies":"Looter","floor":7,"turns":3},{"damage":3,"enemies":"3 Louse","floor":10,"turns":3},{"damage":9,"enemies":"Red Slaver","floor":12,"turns":3},{"damage":16,"enemies":"Lagavulin","floor":13,"turns":5},{"damage":13,"enemies":"Gremlin Nob","floor":14,"turns":4},{"damage":38,"enemies":"Slime Boss","floor":16,"turns":11},{"damage":23,"enemies":"2 Thieves","floor":18,"turns":3},{"damage":41,"enemies":"Shell Parasite","floor":19,"turns":6},{"damage":8,"enemies":"Centurion and Healer","floor":21,"turns":2}],"seed_played":"4134289376492199059","potions_obtained":[{"floor":7,"key":"Fire Potion"},{"floor":10,"key":"SteroidPotion"},{"floor":14,"key":"BlessingOfTheForge"}],"is_trial":false,"path_per_floor":["M","M","?","$","M","R","M","R","T","M","?","M","E","?","R","B",null,"M","M","?","M"],"character_chosen":"IRONCLAD","items_purchased":["Fire Breathing"],"campfire_rested":1,"item_purchase_floors":[4],"current_hp_per_floor":[76,80,60,60,64,64,65,65,65,68,68,65,55,48,72,40,80,63,28,28,20,20],"gold":242,"neow_bonus":"RANDOM_COMMON_RELIC","is_daily":false,"chose_seed":false,"campfire_upgraded":2,"win_rate":0.0,"timestamp":1609454971,"path_taken":["M","M","?","$","M","R","M","R","T","M","?","M","E","?","R","BOSS","M","M","?","M"],"items_purchased_type":["Card"],"build_version":"2020-12-22","purchased_purges":1,"victory":false,"max_hp_per_floor":[80,80,80,80,80,80,80,80,80,80,80,80,80,80,80,80,80,80,80,80,80,80],"card_choices":[{"not_picked":["True Grit","Rampage"],"picked":"Cleave","floor":1},{"not_picked":["Armaments","Clash"],"picked":"Cleave","floor":2},{"not_picked":["Flex","True Grit"],"picked":"Intimidate","floor":5},{"not_picked":["Searing Blow","Perfected Strike","Entrench"],"picked":"SKIP","floor":7},{"not_picked":["Clothesline","Flex","True Grit"],"picked":"SKIP","floor":10},{"not_picked":["Perfected Strike","Bludgeon"],"picked":"Bloodletting","floor":12},{"not_picked":["Intimidate","Whirlwind"],"picked":"Power Through","floor":13},{"not_picked":["Anger","Searing Blow"],"picked":"Spot Weakness","floor":14},{"not_picked":["Limit Break","Fiend Fire"],"picked":"Barricade","floor":16},{"not_picked":["Wild Strike","Cleave"],"picked":"Pummel","floor":18},{"not_picked":["Uppercut+1","Searing Blow"],"picked":"Battle Trance","floor":19}],"player_experience":251770,"relics_obtained":[{"floor":9,"key":"Paper Frog"},{"floor":13,"key":"Dead Branch"},{"floor":14,"key":"Shuriken"}],"event_choices":[{"damage_healed":0,"gold_gain":0,"player_choice":"Take Damage","damage_taken":20,"relics_obtained":["Golden Idol"],"max_hp_gain":0,"max_hp_loss":0,"event_name":"Golden Idol","floor":3,"gold_loss":0},{"cards_removed":["Defend_R"],"damage_healed":0,"gold_gain":0,"player_choice":"Card Removal","damage_taken":0,"max_hp_gain":0,"max_hp_loss":0,"event_name":"The Cleric","floor":11,"gold_loss":50},{"damage_healed":0,"gold_gain":0,"player_choice":"Searched \u00271\u0027 times","damage_taken":0,"max_hp_gain":0,"max_hp_loss":0,"event_name":"Dead Adventurer","floor":14,"gold_loss":0},{"cards_removed":["Strike_R"],"damage_healed":0,"gold_gain":0,"player_choice":"Gave Gold","damage_taken":0,"max_hp_gain":0,"max_hp_loss":0,"event_name":"Beggar","floor":20,"gold_loss":75}],"is_beta":false,"boss_relics":[{"not_picked":["Sozu","Runic Cube","Ectoplasm"]}],"items_purged_floors":[4],"is_endless":false,"potions_floor_spawned":[7,10,14],"killed_by":"Centurion and Healer","ascension_level":1}}