{"host":"vucub2jtaeo9vgh1","time":1609439068,"event":{"mods":["BaseMod","BetterRewards","Minty Spire (QoL Compilation)","Quick Restart","Robot Space Explorer","StSLib","The Marked"],"gold_per_floor":[116,132,52,52,52,52,85,85,167,167,198,213,213,231,231,326,376,388,404,414,433,311,343,343,343],"floor_reached":24,"playtime":970,"items_purged":["theMarked:Strike"],"score":326,"play_id":"af7a89ae-f50a-4465-afb8-35f3ca885a40","local_time":"20201231192428","is_ascension_mode":false,"campfire_choices":[{"floor":6,"key":"REST"},{"floor":10,"key":"REST"},{"floor":13,"key":"REST"},{"data":"theMarked:HeritageOfTheMarked","floor":15,"key":"SMITH"}],"circlet_count":0,"master_deck":["theMarked:Strike","theMarked:Strike","theMarked:Strike","theMarked:Strike","theMarked:Defend","theMarked:Defend","theMarked:Defend+1","theMarked:Defend","theMarked:SoldierOfQuellstein","Thinking Ahead","theMarked:TakeCover","theMarked:HeritageOfTheMarked+1","theMarked:EnhancedHearing","theMarked:EmpowerWeapon+1","theMarked:SwordAndMagic","theMarked:EternalStudent","theMarked:AttractMetal"],"relics":["theMarked:ArtifactOfAir","Peace Pipe","Juzu Bracelet","Du-Vu Doll","WarpedTongs","Smiling Mask","StrikeDummy","White Beast Statue","Tiny House","Shuriken"],"acts_visited":["Exordium","TheCity"],"potions_floor_usage":[7,11,11,11,16,16,16,19,21,23,23,23,24],"damage_taken":[{"damage":0,"enemies":"Cultist","floor":1,"turns":4},{"damage":1,"enemies":"Jaw Worm","floor":2,"turns":3},{"damage":31,"enemies":"Gremlin Nob","floor":7,"turns":6},{"damage":4,"enemies":"3 Sentries","floor":11,"turns":5},{"damage":7,"enemies":"Small Slimes","floor":12,"turns":4},{"damage":0,"enemies":"3 Louse","floor":14,"turns":4},{"damage":18,"enemies":"The Guardian","floor":16,"turns":9},{"damage":13,"enemies":"Chosen","floor":18,"turns":6},{"damage":15,"enemies":"2 Thieves","floor":19,"turns":5},{"damage":5,"enemies":"Snecko","floor":20,"turns":5},{"damage":15,"enemies":"Chosen and Byrds","floor":21,"turns":5},{"damage":15,"enemies":"Gremlin Leader","floor":23,"turns":6},{"damage":13,"enemies":"Snake Plant","floor":24,"turns":3}],"seed_played":"-5630270463240818372","potions_obtained":[{"floor":1,"key":"Weak Potion"},{"floor":7,"key":"EntropicBrew"},{"floor":12,"key":"LiquidMemories"},{"floor":14,"key":"SkillPotion"},{"floor":16,"key":"FearPotion"},{"floor":17,"key":"SmokeBomb"},{"floor":18,"key":"DistilledChaos"},{"floor":19,"key":"AttackPotion"},{"floor":20,"key":"theMarked:SummonPotion"},{"floor":21,"key":"Weak Potion"},{"floor":23,"key":"GamblersBrew"}],"is_trial":false,"path_per_floor":["M","M","$","?","?","R","E","?","T","R","E","M","R","M","R","B",null,"M","M","M","M","$","E","M"],"character_chosen":"THE_DEFAULT","items_purchased":["theMarked:EnhancedHearing","DistilledChaos"],"campfire_rested":3,"item_purchase_floors":[3,22],"current_hp_per_floor":[31,30,30,30,23,44,13,13,13,34,30,23,44,44,44,26,75,62,47,42,27,27,12,0,0],"gold":343,"neow_bonus":"","is_daily":false,"chose_seed":false,"campfire_upgraded":1,"win_rate":0.0,"timestamp":1609439068,"path_taken":["M","M","$","?","?","R","E","?","T","R","E","M","R","M","R","BOSS","M","M","M","M","$","E","M"],"items_purchased_type":["Card","Potion"],"build_version":"2020-12-22","purchased_purges":1,"victory":false,"max_hp_per_floor":[70,70,70,70,70,70,70,70,70,70,70,70,70,70,70,70,75,75,75,75,75,75,75,75,75],"card_choices":[{"not_picked":["theMarked:MysticalArsenal","theMarked:Electrocute"],"picked":"theMarked:TakeCover","floor":1},{"not_picked":["theMarked:LightningStrikesTwice","theMarked:WastefulDefense"],"picked":"theMarked:HeritageOfTheMarked","floor":2},{"not_picked":["theMarked:Parry","theMarked:CreepingChasm"],"picked":"theMarked:EmpowerWeapon","floor":7},{"not_picked":["theMarked:Improvise","theMarked:ElectricStrings","theMarked:HeightenedSenses"],"picked":"SKIP","floor":11},{"not_picked":["theMarked:WastefulAttack","theMarked:Defy"],"picked":"theMarked:SwordAndMagic","floor":12},{"not_picked":["theMarked:WastefulAttack","theMarked:Convert","theMarked:TwofoldDefense"],"picked":"SKIP","floor":14},{"not_picked":["theMarked:MuscleMemory","theMarked:Challenge"],"picked":"theMarked:EternalStudent","floor":16},{"not_picked":["theMarked:Panic","theMarked:Improvise","theMarked:HeightenedSenses"],"picked":"SKIP","floor":18},{"not_picked":["theMarked:HeightenedSenses+1","theMarked:ReduceFriction"],"picked":"theMarked:AttractMetal","floor":19},{"not_picked":["theMarked:ShockingTouch","theMarked:Aftermath+1","theMarked:GodGivenPower+1"],"picked":"SKIP","floor":20},{"not_picked":["theMarked:WardOff","theMarked:ChainLightning","theMarked:DeterminationOfTheMarked"],"picked":"SKIP","floor":21},{"not_picked":["theMarked:Static","theMarked:HeightenedSenses","theMarked:UnarmedFury"],"picked":"SKIP","floor":23}],"player_experience":272908,"relics_obtained":[{"floor":7,"key":"Smiling Mask"},{"floor":9,"key":"StrikeDummy"},{"floor":11,"key":"White Beast Statue"},{"floor":23,"key":"Shuriken"}],"event_choices":[{"damage_healed":0,"gold_gain":0,"player_choice":"Rummage","damage_taken":0,"relics_obtained":["WarpedTongs"],"max_hp_gain":0,"max_hp_loss":0,"event_name":"Accursed Blacksmith","floor":4,"gold_loss":0,"cards_obtained":["Pain"]},{"cards_removed":["Pain"],"damage_healed":0,"gold_gain":0,"player_choice":"Card Removal","damage_taken":7,"max_hp_gain":0,"max_hp_loss":0,"event_name":"Golden Wing","floor":5,"gold_loss":0},{"damage_healed":0,"gold_gain":0,"player_choice":"Grow","damage_taken":0,"max_hp_gain":0,"max_hp_loss":0,"event_name":"Living Wall","floor":8,"gold_loss":0,"cards_upgraded":["theMarked:EmpowerWeapon"]}],"is_beta":false,"boss_relics":[{"not_picked":["Astrolabe","Pandora\u0027s Box"],"picked":"Tiny House"}],"items_purged_floors":[22],"is_endless":false,"potions_floor_spawned":[1,7,12,14,16,18,19,20,21,23],"killed_by":"Snake Plant","ascension_level":0}}