{"host":"ql2ou8pbwhrolc4x","time":1609429172,"event":{"mods":["2.2 Compatiblity","Act Like it!","Arknights The Spire","BaseMod","Better Third Choice","Colored Map","Colored Powertips","Gensokyo","Hallownest","Hubris","Infinite Spire","Lobotomy","LobotomyExtend","Marisa£¨Ùöéë¡¡Øª×âÞÞ£©","Minty Spire (QoL Compilation)","Random Character Button","Replay The Spire","Spicy Shops","StSLib","The Dragon Tamer","The Jungle","WarShipGirlsR/??á´Ò³R mod","Yakumo Yukari mod","vexMod","¡¼?Úª?ø«¡½REMEMod"],"gold_per_floor":[131,131,24,42,42,42,42,42,42,19,19,160,176,195,195,292,292,302,302,302,317,317,317,333,333,359,359,319,337,372,387,387,387,387,441,441,465,477,489,521,533,545,577,135,171,183,211,249,271,303,315,327],"floor_reached":53,"playtime":2420,"items_purged":[],"score":926,"play_id":"304ef59f-0236-4544-aca2-e8b83bc6f26c","local_time":"20210101003932","is_ascension_mode":false,"campfire_choices":[{"data":"Observe_purple_1","floor":7.0,"key":"SMITH"},{"data":"Nest_LightFlightworm_purple","floor":11.0,"key":"SMITH"},{"data":"rmod:saltedfish","floor":15.0,"key":"SMITH"},{"data":"MeetDecomposer_purple","floor":15.0,"key":"SMITH"},{"data":"Theboundaryofcreation_purpleEX","floor":23.0,"key":"SMITH"},{"data":"Photoelasticity_Doppler_Effect_purple","floor":23.0,"key":"SMITH"},{"data":"Boundary_ObjectiveBoundary_purple","floor":25.0,"key":"SMITH"},{"data":"Defend_purpleEX","floor":25.0,"key":"SMITH"},{"data":"Fantasy_PerpetualMotionMachine_purple","floor":34.0,"key":"SMITH"},{"data":"Defend_purpleEX","floor":34.0,"key":"SMITH"},{"data":"ReplayTheSpireMod:Brewmster","floor":42.0,"key":"SMITH"},{"data":"Boundary_LifeAndDeath_purple","floor":42.0,"key":"SMITH"},{"floor":51.0,"key":"REST"}],"circlet_count":0,"master_deck":["AT_purpleEX","AT_purpleEX","Defend_purpleEX","Defend_purpleEX","Defend_purpleEX+1","Defend_purpleEX+1","Observe_purple_1+1","Observe_purple_2+1","DimensionStaggered_purple+1","WeekHit_purple+1","Nest_LightFlightworm_purple+1","rmod:saltedfish+1","Photoelasticity_Doppler_Effect_purple+1","MeetDecomposer_purple+1","Theboundaryofcreation_purpleEX+1","Boundary_ObjectiveBoundary_purple+1","Worldmountain_purple+1","Fantasy_PerpetualMotionMachine_purple+1","Boundary_LifeAndDeath_purple+1","ReplayTheSpireMod:Brewmster+1","Panache","hubris:DuctTapeCard"],"relics":["Boundary_crack","Memoryfragments_purpleEX","REME_ComplimentaryCards","LetterFromLob","hubris:FruitBowl","OrangePellets","vexMod:GhostlyGear","Ancient Tea Set","hubris:Icosahedron","InkBottle","Replay:Arrowhead","vexMod:CursedCompass","ReplayFunnel","Bronze Scales","ats:Originium","hubris:DuctTape","REME_LowDesire","Omamori","MawBank","hubris:Towel","Gensokyo:EmptyGrave","Medical Kit","Sling","REME_CardOfGreed","Happy Flower","Nunchaku","Anchor"],"acts_visited":["Exordium","Gensokyo:Gensokyo","Hallownest:CityofTears"],"potions_floor_usage":[52,52,52,52,53,53,53,53,53,53,53,53,53,53,53,53,53,53,53,53,53,53,53,53,53,53,53,53,53,53,53,53,53,53,53,53,53,53,53,53,53,53,53,53,53,53,53,53,53],"damage_taken":[{"damage":6.0,"enemies":"Gensokyo:Python","floor":1.0,"turns":4.0},{"damage":0.0,"enemies":"Gensokyo:3_Fairies","floor":4.0,"turns":8.0},{"damage":1.0,"enemies":"Gensokyo:2_Kodama","floor":10.0,"turns":4.0},{"damage":0.0,"enemies":"Gensokyo:LivingMonolith","floor":12.0,"turns":3.0},{"damage":4.0,"enemies":"Gensokyo:3_Kodama","floor":13.0,"turns":5.0},{"damage":0.0,"enemies":"Gensokyo:Kitsune","floor":14.0,"turns":1.0},{"damage":5.0,"enemies":"Gensokyo:Yukari","floor":16.0,"turns":9.0},{"damage":0.0,"enemies":"Hallownest:Guard_and_Sentry","floor":18.0,"turns":5.0},{"damage":15.0,"enemies":"Hallownest:Flukemon_and_Top","floor":21.0,"turns":8.0},{"damage":0.0,"enemies":"Hallownest:monsterMisterMushroom","floor":24.0,"turns":5.0},{"damage":0.0,"enemies":"Hallownest:Warrior_and_Youth","floor":28.0,"turns":5.0},{"damage":0.0,"enemies":"Hallownest:3_Mistakes","floor":29.0,"turns":5.0},{"damage":36.0,"enemies":"Nightmare","floor":30.0,"turns":7.0},{"damage":0.0,"enemies":"Hallownest:2_Flukemon","floor":31.0,"turns":7.0},{"damage":1.0,"enemies":"Hallownest:BossSoulMaster","floor":35.0,"turns":7.0},{"damage":0.0,"enemies":"Gensokyo:3_Bats","floor":37.0,"turns":4.0},{"damage":24.0,"enemies":"Gensokyo:3_Boulders","floor":40.0,"turns":7.0},{"damage":0.0,"enemies":"Gensokyo:Sharpion","floor":43.0,"turns":5.0},{"damage":3.0,"enemies":"Gensokyo:Dusk_and_Dawn","floor":47.0,"turns":5.0},{"damage":34.0,"enemies":"Nightmare","floor":48.0,"turns":7.0},{"damage":12.0,"enemies":"Gensokyo:3_Boulders","floor":49.0,"turns":8.0},{"damage":0.0,"enemies":"Gensokyo:Sharpion","floor":50.0,"turns":4.0},{"damage":0,"enemies":"Gensokyo:Scarlet_Devils","floor":52,"turns":9},{"damage":16,"enemies":"Malkuth","floor":53,"turns":12},{"damage":0,"enemies":"Netzach","floor":53,"turns":9},{"damage":76,"enemies":"Geburah","floor":53,"turns":16},{"damage":50,"enemies":"Hokma","floor":53,"turns":17}],"seed_played":"-5813230377977464252","potions_obtained":[{"floor":10.0,"key":"SpeedPotion"},{"floor":16.0,"key":"Milkshake"},{"floor":24.0,"key":"Flashbang"},{"floor":29.0,"key":"GamblersBrew"},{"floor":35.0,"key":"EntropicBrew"},{"floor":37.0,"key":"SkillPotion"}],"is_trial":false,"path_per_floor":["M","$","COS","M","$","E","R","?","T","M","R","M","M","M","R","B",null,"M","?","?","M","?","R","M","R","T","AVR","M","M","NM","M","R_BF","PTL","R","B",null,"M","?","?","M","?","R","M","COS","T","AVR","M","NM","M","M","R","B",null],"character_chosen":"Youkari","items_purchased":["hubris:FruitBowl","OrangePellets","vexMod:GhostlyGear","Ancient Tea Set"],"campfire_rested":1,"item_purchase_floors":[2,2,2,2],"current_hp_per_floor":[66,17,17,22,22,22,22,22,22,25,25,25,26,26,26,25,70,70,74,74,62,62,62,63,63,63,63,64,67,32,34,34,34,34,38,74,74,74,67,43,43,67,67,67,67,67,67,33,21,22,42,47],"gold":369,"neow_bonus":"UPGRADE_CARD","is_daily":false,"chose_seed":false,"campfire_upgraded":12,"win_rate":0.0,"timestamp":1609429172,"path_taken":["M","?","COS","?","?","E","R","?","T","M","R","?","M","M","R","BOSS","M","?","?","M","?","R","M","R","T","AVR","M","M","NM","M","R_BF","PTL","R","BOSS","M","?","?","M","?","R","?","COS","T","AVR","M","NM","M","M","R","BOSS"],"items_purchased_type":["Relic","Relic","Relic","Relic"],"build_version":"2020-12-22","purchased_purges":0,"victory":true,"max_hp_per_floor":[70,70,70,70,70,70,70,70,70,70,70,70,70,70,70,70,70,70,74,74,74,74,74,74,74,74,74,74,74,74,74,74,74,74,74,74,74,74,67,67,67,67,67,67,67,67,67,67,67,67,67,67],"card_choices":[{"not_picked":["OmniscientAndOmnipotent_Monster_purple","Shallow_ocean_purpleEX"],"picked":"DimensionStaggered_purple","floor":1.0},{"not_picked":["RuleDissolution_purple","DimensionStaggered_purple"],"picked":"WeekHit_purple","floor":4.0},{"not_picked":["StateDuplicate_purple","Boundary_LightAndDark_purple"],"picked":"Nest_LightFlightworm_purple","floor":10.0},{"not_picked":["ExistenceContinue_purple","StateErode_purple","Yakumo_Ran_purple"],"picked":"SKIP","floor":12.0},{"not_picked":["Mirror_FormAndEmptin_purple","Umbrella_purple"],"picked":"Photoelasticity_Doppler_Effect_purple","floor":13.0},{"not_picked":["Umbrella_purple","Realm_recovery_purpleEX"],"picked":"MeetDecomposer_purple","floor":14.0},{"not_picked":["WasteWire_Metro_purple","MagicEyes_LaplaceDemon_purple"],"picked":"Theboundaryofcreation_purpleEX","floor":16.0},{"not_picked":["Charmbait_purple","Nest_LightFlightworm_purple"],"picked":"Boundary_ObjectiveBoundary_purple","floor":18.0},{"not_picked":["Line_surface_state_purple","Mirror_Drifter_purple"],"picked":"Worldmountain_purple+1","floor":21.0},{"not_picked":["SfantasyHide_purple","Worldmountain_purple","Charmbait_purple"],"picked":"SKIP","floor":24.0},{"not_picked":["MNeedle_purple+1","Realm_recovery_purpleEX","SharpContractionReality_purple"],"picked":"SKIP","floor":28.0},{"not_picked":["MeetDecomposer_purple+1","Charmbait_purple","Worldmountain_purple"],"picked":"SKIP","floor":29.0},{"not_picked":["Charmbait_purple","Mirror_Drifter_purple","Worldmountain_purple"],"picked":"SKIP","floor":30.0},{"not_picked":["AdvanceAttack_purple","StateDuplicate_purple"],"picked":"Fantasy_PerpetualMotionMachine_purple","floor":31.0},{"not_picked":["Monsters_DoubleDeathButterfly_purple","Computing_the_future_purpleEX"],"picked":"Boundary_LifeAndDeath_purple","floor":35.0},{"not_picked":["DimensionStaggered_purple","ExistenceContinue_purple+1","MeetDecomposer_purple+1"],"picked":"ReplayTheSpireMod:Brewmster","floor":37.0},{"not_picked":["Shallow_ocean_purpleEX","RuleDissolution_purple+1","LoveAcrossDimensions_purple","Specialist"],"picked":"SKIP","floor":40.0},{"not_picked":["SfantasyHide_purple+1","ExternalForce_HighSpeedFlying_purple","WorldDissolvedintheRealm_purple+1","Enlightenment+1"],"picked":"SKIP","floor":43.0},{"not_picked":["OpenedBox_purple","Boundary_of_Extermination_purpleEX","Mirror_FormAndEmptin_purple","Replay:Bootleg Shield Generator"],"picked":"SKIP","floor":47.0},{"not_picked":["Shallow_ocean_purpleEX+1","Umbrella_purple+1","MNeedle_purple","Bandage Up"],"picked":"SKIP","floor":48.0},{"not_picked":["Worldmountain_purple","WangLiang_LineAndCurveDreams_purple","Umbrella_purple","REME_MagicPocketWatch+1"],"picked":"SKIP","floor":49.0},{"not_picked":["DimensionStaggered_purple+1","Yakumo_Ran_purple","Shallow_ocean_purpleEX"],"picked":"Panache","floor":50.0}],"player_experience":917416,"relics_obtained":[{"floor":1.0,"key":"LetterFromLob"},{"floor":9.0,"key":"InkBottle"},{"floor":26.0,"key":"ReplayFunnel"},{"floor":30.0,"key":"ats:Originium"},{"floor":30.0,"key":"hubris:DuctTape"},{"floor":36.0,"key":"Omamori"},{"floor":36.0,"key":"MawBank"},{"floor":45.0,"key":"Happy Flower"},{"floor":48.0,"key":"ats:Originium"},{"floor":48.0,"key":"Anchor"}],"event_choices":[],"is_beta":false,"boss_relics":[{"not_picked":["Replay:Bronze Core","Cursed Key"],"picked":"vexMod:CursedCompass"},{"not_picked":["Kintsugi","vexMod:RockOfEvil"],"picked":"REME_LowDesire"}],"items_purged_floors":[],"is_endless":false,"potions_floor_spawned":[10,16,24,28,29,35,37,50],"ascension_level":0}}