{"host":"wukdhyb91avklb3w","time":1609418018,"event":{"mods":["BaseMod","Colored Map","Colored Powertips","Highlight Path","Minty Spire (QoL Compilation)","Relic Stats"],"gold_per_floor":[114,129,144,159,159,189,204,204,229,244,274,289,289,304,304,404,404,419,434,534,134,149,179,209,224,224,239,182,197,197,9,9,9,9],"floor_reached":33,"playtime":2637,"items_purged":[],"score":303,"play_id":"c2f0753a-a02f-4c6a-ae26-5b0913d7f60c","local_time":"20201231043338","daily_mods":["Heirloom","Time Dilation","Lethality"],"is_ascension_mode":false,"campfire_choices":[{"floor":8.0,"key":"REST"},{"data":"Beam Cell","floor":13.0,"key":"SMITH"},{"data":"Go for the Eyes","floor":15.0,"key":"SMITH"},{"floor":32.0,"key":"REST"}],"circlet_count":0,"master_deck":["Strike_B","Strike_B","Strike_B","Defend_B","Defend_B","Defend_B","Defend_B","Zap","Dualcast","Sweeping Beam","Cold Snap","Go for the Eyes+1","Beam Cell+1","Chill","FTL","Conserve Battery","Ball Lightning","Conserve Battery","Electrodynamics","Go for the Eyes","Lockon+1","Tempest","Loop+1","Heatsinks+1","Apotheosis"],"relics":["Cracked Core","WingedGreaves","Oddly Smooth Stone","Akabeko","Cables","Black Star","Frozen Egg 2","Lee\u0027s Waffle","Bag of Marbles","Mummified Hand","Lantern","Omamori","Mercury Hourglass","Singing Bowl"],"acts_visited":["Exordium","TheCity"],"potions_floor_usage":[33,33],"damage_taken":[{"damage":0.0,"enemies":"Cultist","floor":1.0,"turns":2.0},{"damage":0.0,"enemies":"2 Louse","floor":2.0,"turns":1.0},{"damage":5.0,"enemies":"Jaw Worm","floor":3.0,"turns":3.0},{"damage":26.0,"enemies":"Exordium Thugs","floor":4.0,"turns":5.0},{"damage":26.0,"enemies":"3 Sentries","floor":6.0,"turns":6.0},{"damage":4.0,"enemies":"Blue Slaver","floor":7.0,"turns":3.0},{"damage":0.0,"enemies":"Exordium Wildlife","floor":10.0,"turns":2.0},{"damage":13.0,"enemies":"Lagavulin","floor":11.0,"turns":4.0},{"damage":0.0,"enemies":"Large Slime","floor":12.0,"turns":2.0},{"damage":0.0,"enemies":"3 Louse","floor":14.0,"turns":1.0},{"damage":14.0,"enemies":"Hexaghost","floor":16.0,"turns":7.0},{"damage":33.0,"enemies":"3 Byrds","floor":18.0,"turns":4.0},{"damage":7.0,"enemies":"Spheric Guardian","floor":19.0,"turns":3.0},{"damage":0.0,"enemies":"Centurion and Healer","floor":22.0,"turns":4.0},{"damage":15.0,"enemies":"Slavers","floor":23.0,"turns":6.0},{"damage":21.0,"enemies":"Book of Stabbing","floor":24.0,"turns":4.0},{"damage":10.0,"enemies":"Cultist and Chosen","floor":25.0,"turns":3.0},{"damage":18.0,"enemies":"Chosen and Byrds","floor":27.0,"turns":4.0},{"damage":15.0,"enemies":"Snake Plant","floor":29.0,"turns":2.0},{"damage":24,"enemies":"Automaton","floor":33,"turns":6}],"seed_played":"-5051420239723459148","potions_obtained":[{"floor":1.0,"key":"SkillPotion"},{"floor":6.0,"key":"Ancient Potion"},{"floor":7.0,"key":"Energy Potion"},{"floor":12.0,"key":"PowerPotion"},{"floor":23.0,"key":"PotionOfCapacity"}],"is_trial":false,"path_per_floor":["M","M","M","M","?","E","M","R","T","M","E","M","R","M","R","B",null,"M","M","?","$","M","E","E","M","T","M","?","M","?","$","R","B"],"character_chosen":"DEFECT","items_purchased":["Frozen Egg 2","Lee\u0027s Waffle","Apotheosis"],"campfire_rested":2,"item_purchase_floors":[21,21,31],"current_hp_per_floor":[75,75,70,44,44,18,14,36,36,36,23,23,23,23,23,9,75,42,35,35,82,82,67,46,36,36,18,18,3,3,3,27,3,3],"gold":9,"neow_bonus":"","is_daily":true,"chose_seed":false,"campfire_upgraded":2,"win_rate":0.0,"timestamp":1609418018,"path_taken":["M","?","M","M","?","E","M","R","T","M","E","M","R","M","R","BOSS","M","M","?","?","M","E","E","M","T","M","?","?","?","$","R","BOSS"],"items_purchased_type":["Relic","Relic","Card"],"build_version":"2020-12-22","purchased_purges":0,"victory":false,"max_hp_per_floor":[75,75,75,75,75,75,75,75,75,75,75,75,75,75,75,75,75,75,75,75,82,82,82,82,82,82,82,82,82,82,82,82,82,82],"relic_stats":{"Lee\u0027s Waffle":47,"Singing Bowl":0,"counters":[20,71],"Mummified Hand":[7],"Black Star":2,"obtain_stats":[{"Lee\u0027s Waffle":21,"Lantern":24,"Singing Bowl":28,"Oddly Smooth Stone":6,"Omamori":24,"Frozen Egg 2":21,"Akabeko":9,"Cables":11,"Mercury Hourglass":26,"Mummified Hand":23,"WingedGreaves":0,"Black Star":17,"Bag of Marbles":23,"Cracked Core":0},{"Lee\u0027s Waffle":13,"Lantern":16,"Singing Bowl":18,"Oddly Smooth Stone":5,"Omamori":16,"Frozen Egg 2":13,"Akabeko":6,"Cables":8,"Mercury Hourglass":17,"Mummified Hand":15,"WingedGreaves":0,"Black Star":11,"Bag of Marbles":15,"Cracked Core":0},{"Lee\u0027s Waffle":43,"Lantern":57,"Singing Bowl":63,"Oddly Smooth Stone":17,"Omamori":57,"Frozen Egg 2":43,"Akabeko":20,"Cables":26,"Mercury Hourglass":60,"Mummified Hand":53,"WingedGreaves":0,"Black Star":36,"Bag of Marbles":53,"Cracked Core":0}],"Cables":[35,23,12,0,0],"Mercury Hourglass":[45]},"card_choices":[{"not_picked":["Skim","Turbo"],"picked":"Sweeping Beam","floor":1.0},{"not_picked":["Darkness","Go for the Eyes","Aggregate"],"picked":"SKIP","floor":2.0},{"not_picked":["Undo","Auto Shields"],"picked":"Cold Snap","floor":3.0},{"not_picked":["Barrage","Recycle"],"picked":"Go for the Eyes","floor":4.0},{"not_picked":["Barrage","Sweeping Beam"],"picked":"Beam Cell","floor":6.0},{"not_picked":["Buffer","Sweeping Beam"],"picked":"Chill","floor":7.0},{"not_picked":["Rebound","Melter"],"picked":"FTL","floor":10.0},{"not_picked":["White Noise","Force Field"],"picked":"Conserve Battery","floor":11.0},{"not_picked":["Rip and Tear","Hologram"],"picked":"Ball Lightning","floor":12.0},{"not_picked":["Coolheaded","Gash"],"picked":"Conserve Battery","floor":14.0},{"not_picked":["Rainbow","Thunder Strike"],"picked":"Electrodynamics","floor":16.0},{"not_picked":["Leap","Undo"],"picked":"Go for the Eyes","floor":18.0},{"not_picked":["Barrage","Hologram","Rebound+1"],"picked":"SKIP","floor":19.0},{"not_picked":["Doom and Gloom","Steam"],"picked":"Lockon+1","floor":22.0},{"not_picked":["Barrage","Aggregate+1","Turbo"],"picked":"SKIP","floor":23.0},{"not_picked":["Genetic Algorithm","Consume"],"picked":"Tempest","floor":24.0},{"not_picked":["Blizzard+1","Reprogram","Hologram+1"],"picked":"SKIP","floor":25.0},{"not_picked":["Chill","Cold Snap"],"picked":"Loop+1","floor":27.0},{"not_picked":["Rebound+1","Reprogram"],"picked":"Heatsinks+1","floor":29.0}],"player_experience":919133,"relics_obtained":[{"floor":6.0,"key":"Oddly Smooth Stone"},{"floor":9.0,"key":"Akabeko"},{"floor":11.0,"key":"Cables"},{"floor":23.0,"key":"Bag of Marbles"},{"floor":23.0,"key":"Mummified Hand"},{"floor":24.0,"key":"Lantern"},{"floor":24.0,"key":"Omamori"},{"floor":26.0,"key":"Mercury Hourglass"}],"event_choices":[{"cards_removed":["Strike_B"],"damage_healed":0.0,"max_hp_gain":0.0,"max_hp_loss":0.0,"gold_gain":0.0,"event_name":"Bonfire Elementals","player_choice":"Offered Basic","floor":5.0,"gold_loss":0.0,"damage_taken":0.0},{"damage_healed":0.0,"max_hp_gain":0.0,"max_hp_loss":0.0,"gold_gain":100.0,"event_name":"Golden Shrine","player_choice":"Pray","floor":20.0,"gold_loss":0.0,"damage_taken":0.0},{"damage_healed":0.0,"max_hp_gain":0.0,"max_hp_loss":0.0,"gold_gain":0.0,"event_name":"WeMeetAgain","player_choice":"Paid Gold","floor":28.0,"gold_loss":57.0,"damage_taken":0.0,"relics_obtained":["Singing Bowl"]},{"damage_healed":0.0,"max_hp_gain":0.0,"max_hp_loss":0.0,"gold_gain":0.0,"event_name":"Ghosts","player_choice":"Ignored","floor":30.0,"gold_loss":0.0,"damage_taken":0.0}],"is_beta":false,"boss_relics":[{"not_picked":["Inserter","Sozu"],"picked":"Black Star"}],"items_purged_floors":[],"is_endless":false,"potions_floor_spawned":[1,6,7,10,12,23,25,27],"killed_by":"Automaton","ascension_level":0}}