{"host":"tcbcu0e72zetwacg","time":1609441802,"event":{"mods":["AchievementEnabler","BaseMod","Downfall","Minty Spire (QoL Compilation)","StSLib"],"gold_per_floor":[99,109,127,145,145,177,202,222,222,236,250,263,263,275,289,394,394,394,409,56,56,66,85,153,153,173,173,187,205,205,217,234,333,333,333,352,352,402,306,651,730,744,411,411,411,411],"floor_reached":44,"playtime":9573,"items_purged":[],"score":493,"play_id":"2b1c7b9a-ed7c-43c8-88b3-ef3e82a3ed71","local_time":"20201231211002","is_ascension_mode":false,"campfire_choices":[{"data":"Guardian:TwinSlam","floor":1,"key":"SMITH"},{"data":"Guardian:PrismaticBeam","floor":13,"key":"SMITH"},{"data":"Guardian:ArmoredProtocol","floor":18,"key":"SMITH"},{"floor":27,"key":"REST"},{"data":"expansioncontent:QuickStudy","floor":35,"key":"SMITH"}],"circlet_count":0,"master_deck":["Guardian:Strike_Guardian","Guardian:Defend_Guardian","Guardian:Defend_Guardian","Guardian:Defend_Guardian","Guardian:TwinSlam+1","Guardian:PrismaticBeam+1","Guardian:ArmoredProtocol+1","Guardian:RollAttack","Guardian:BaubleBeam","Guardian:PrismaticBeam+1","Guardian:PrismaticBeam+1","Guardian:FastForward+1","expansioncontent:QuickStudy+1","Guardian:SpikerProtocol","Guardian:Reroute","Guardian:Gem_Crimson","Guardian:Gem_Red","Guardian:Gem_Purple","Guardian:Gem_Synthetic","Guardian:Gem_Green"],"relics":["Guardian:ModeShifter","Vajra","Boot","Astrolabe","Blood Vial","Singing Bowl","Guardian:StasisSlotReductionRelic","Calipers","Old Coin","Ornamental Fan"],"acts_visited":["Exordium","TheCity","TheBeyond"],"potions_floor_usage":[14,33,42],"damage_taken":[{"damage":0,"enemies":"Small Slimes","floor":2,"turns":3},{"damage":5,"enemies":"Jaw Worm","floor":3,"turns":4},{"damage":1,"enemies":"Cultist","floor":4,"turns":3},{"damage":32,"enemies":"Lagavulin","floor":6,"turns":11},{"damage":1,"enemies":"Large Slime","floor":8,"turns":6},{"damage":6,"enemies":"Exordium Wildlife","floor":10,"turns":6},{"damage":0,"enemies":"Large Slime","floor":11,"turns":8},{"damage":0,"enemies":"Blue Slaver","floor":12,"turns":3},{"damage":0,"enemies":"Exordium Wildlife","floor":14,"turns":2},{"damage":0,"enemies":"3 Louse","floor":15,"turns":3},{"damage":20,"enemies":"downfall:Ironclad","floor":16,"turns":7},{"damage":18,"enemies":"Shell Parasite","floor":19,"turns":6},{"damage":1,"enemies":"downfall:FleeingMerchant","floor":20,"turns":4},{"damage":21,"enemies":"Sentry and Sphere","floor":22,"turns":6},{"damage":25,"enemies":"Snake Plant","floor":23,"turns":4},{"damage":10,"enemies":"Shelled Parasite and Fungi","floor":26,"turns":4},{"damage":7,"enemies":"Centurion and Healer","floor":28,"turns":5},{"damage":7,"enemies":"Snake Plant","floor":29,"turns":3},{"damage":0,"enemies":"Snecko","floor":31,"turns":3},{"damage":12,"enemies":"Shelled Parasite and Fungi","floor":32,"turns":4},{"damage":38,"enemies":"downfall:Watcher","floor":33,"turns":6},{"damage":2,"enemies":"3 Darklings","floor":36,"turns":3},{"damage":10,"enemies":"Mind Bloom Boss Battle","floor":38,"turns":6},{"damage":1,"enemies":"downfall:FleeingMerchant","floor":39,"turns":4},{"damage":28,"enemies":"2 Orb Walkers","floor":40,"turns":4},{"damage":2,"enemies":"3 Shapes","floor":42,"turns":4},{"damage":133,"enemies":"Giant Head","floor":44,"turns":10}],"seed_played":"-982568341149095474","potions_obtained":[{"floor":2,"key":"Guardian:BlockOnCardUsePotion"},{"floor":3,"key":"SteroidPotion"},{"floor":4,"key":"Energy Potion"},{"floor":12,"key":"Guardian:DefensiveModePotion"},{"floor":14,"key":"Fruit Juice"},{"floor":19,"key":"DistilledChaos"},{"floor":30,"key":"CultistPotion"},{"floor":40,"key":"champ:CounterPotion"},{"floor":42,"key":"Fruit Juice"}],"is_trial":false,"path_per_floor":["R","M","M","M","?","E","T","M","?","M","M","M","R","M","M","B",null,"R","M","$","?","M","M","T","?","M","R","M","M","?","M","M","B",null,"R","M","?","?","$","?","T","M","?","E"],"character_chosen":"GUARDIAN","items_purchased":["Blood Vial","expansioncontent:QuickStudy","Guardian:Gem_Synthetic"],"campfire_rested":1,"item_purchase_floors":[20,20,39],"current_hp_per_floor":[88,88,83,82,82,50,50,49,49,43,43,43,43,48,48,28,93,93,75,74,74,55,32,32,32,24,51,48,43,43,47,39,5,101,101,99,99,91,92,66,66,73,122,0,0,0],"gold":411,"neow_bonus":"TEN_PERCENT_HP_BONUS","is_daily":false,"chose_seed":false,"campfire_upgraded":4,"win_rate":0.0,"timestamp":1609441802,"path_taken":["R","M","M","M","?","E","T","M","?","M","M","?","R","M","M","BOSS","R","M","$","?","M","M","T","?","M","R","M","?","?","M","M","BOSS","R","M","?","?","$","?","T","?","?","E"],"items_purchased_type":["Relic","Card","Card"],"build_version":"2020-12-22","purchased_purges":0,"victory":false,"max_hp_per_floor":[88,88,88,88,88,88,88,88,88,88,88,88,88,93,93,93,93,93,93,93,93,93,93,93,93,93,93,95,95,95,97,99,101,101,101,101,101,101,101,101,101,108,122,122,122,122],"card_choices":[{"not_picked":["Guardian:Harden","Guardian:MultiBeam"],"picked":"Guardian:PrismaticBeam","floor":2},{"not_picked":["Guardian:Repulse","Guardian:Harden"],"picked":"Guardian:Gem_Lightblue","floor":3},{"not_picked":["Guardian:PolyBeam","Guardian:Suspension","Guardian:TemporalStrike"],"picked":"SKIP","floor":4},{"not_picked":["Guardian:ChargeCore","Guardian:PolyBeam"],"picked":"Guardian:Gem_Fragmented","floor":6},{"not_picked":["Guardian:ShieldCharger","Guardian:Gem_Cyan","Guardian:PiercingHide"],"picked":"SKIP","floor":8},{"not_picked":["Guardian:EvasiveProtocol","Guardian:Gem_Cyan","Guardian:Harden"],"picked":"SKIP","floor":10},{"not_picked":["Guardian:ChargeCore","Guardian:ConstructionForm"],"picked":"Guardian:RollAttack","floor":11},{"not_picked":["Guardian:Suspension","Guardian:Planning"],"picked":"Guardian:Gem_Crimson","floor":12},{"not_picked":["Guardian:Recover","Guardian:Emergency","Guardian:BronzeArmor"],"picked":"SKIP","floor":14},{"not_picked":["Guardian:BronzeArmor","Guardian:Gem_Lightblue","Guardian:ChargeCore"],"picked":"SKIP","floor":15},{"not_picked":["Guardian:StasisField","Guardian:AncientConstruct"],"picked":"Guardian:BaubleBeam","floor":16},{"not_picked":["Guardian:Suspension","Guardian:ShieldCharger"],"picked":"Guardian:Gem_Lightblue","floor":19},{"not_picked":["Guardian:PrimingBeam","Guardian:TemporalShield","Guardian:PiercingHide"],"picked":"SKIP","floor":20},{"not_picked":["Guardian:PrimingBeam+1","Guardian:Gem_Green"],"picked":"Guardian:Gem_Crimson","floor":22},{"not_picked":["Guardian:PolyBeam","Guardian:Harden"],"picked":"Guardian:Gem_White","floor":23},{"not_picked":["Guardian:Planning","Guardian:Emergency"],"picked":"Guardian:SpikerProtocol","floor":26},{"not_picked":["Guardian:Gem_Green","Guardian:TemporalShield","Guardian:Gem_Lightblue"],"picked":"Singing Bowl","floor":28},{"not_picked":["Guardian:GuardianWhirl","Guardian:Gem_Lightblue"],"picked":"Guardian:Reroute","floor":29},{"not_picked":["Guardian:AncientConstruct","Guardian:Gem_Lightblue","Guardian:DecasProtection"],"picked":"Singing Bowl","floor":31},{"not_picked":["Guardian:PiercingHide+1","Guardian:PrismaticBeam","Guardian:TemporalStrike"],"picked":"Singing Bowl","floor":32},{"not_picked":["Guardian:FastForward","Guardian:TimeSifter","Guardian:BaubleBeam"],"picked":"Singing Bowl","floor":33},{"not_picked":["Guardian:Planning+1","Guardian:ShieldCharger"],"picked":"Guardian:Gem_Crimson","floor":36},{"not_picked":["Guardian:ChargeCore","Guardian:Clone+1"],"picked":"Guardian:Gem_Red","floor":38},{"not_picked":["Guardian:Gem_Blue","Guardian:Gem_Cyan"],"picked":"Guardian:Gem_Purple","floor":39},{"not_picked":["Guardian:PiercingHide+1","Guardian:FloatingOrbs"],"picked":"Guardian:Gem_Green","floor":40},{"not_picked":["Guardian:Gem_Lightblue","Guardian:Recover+1","Guardian:PiercingHide+1"],"picked":"Singing Bowl","floor":42}],"player_experience":233842,"relics_obtained":[{"floor":6,"key":"Vajra"},{"floor":7,"key":"Boot"},{"floor":24,"key":"Singing Bowl"},{"floor":38,"key":"Calipers"},{"floor":40,"key":"Old Coin"},{"floor":41,"key":"Ornamental Fan"}],"event_choices":[{"damage_healed":0,"gold_gain":0,"cards_transformed":["Guardian:Strike_Guardian"],"player_choice":"Change","damage_taken":0,"max_hp_gain":0,"max_hp_loss":0,"event_name":"Living Wall","floor":5,"gold_loss":0,"cards_obtained":["Guardian:ArmoredProtocol"]},{"cards_removed":["Guardian:CurlUp"],"damage_healed":0,"gold_gain":0,"player_choice":"Removed Skill","damage_taken":0,"max_hp_gain":0,"max_hp_loss":0,"event_name":"Falling","floor":37,"gold_loss":0},{"damage_healed":0,"gold_gain":0,"player_choice":"Fight","damage_taken":0,"max_hp_gain":0,"max_hp_loss":0,"event_name":"Mysterious Sphere","floor":40,"gold_loss":0}],"is_beta":false,"boss_relics":[{"not_picked":["Coffee Dripper","Velvet Choker"],"picked":"Astrolabe"},{"not_picked":["SlaversCollar","SacredBark"],"picked":"Guardian:StasisSlotReductionRelic"}],"items_purged_floors":[],"is_endless":false,"potions_floor_spawned":[2,3,4,10,12,14,19,23,26,32,40,42],"killed_by":"Giant Head","ascension_level":0}}