{"host":"nk1hwk2qadwaubm5","time":1609426564,"event":{"mods":["BaseMod","Hubris","Infinite Spire","Minty Spire (QoL Compilation)","Replay The Spire","StSLib","The Cursed","The Jungle"],"gold_per_floor":[368,368,386,404,30,30,30,30],"floor_reached":7,"playtime":542,"items_purged":["TheCursedMod:Strike_TheCursed"],"score":51,"play_id":"6385f1ac-992c-4b87-8db9-8f8bf32be39a","local_time":"20201231155604","is_ascension_mode":true,"campfire_choices":[{"data":"TheCursedMod:Strike_TheCursed","floor":6,"key":"SMITH"}],"circlet_count":0,"master_deck":["TheCursedMod:Strike_TheCursed","TheCursedMod:Strike_TheCursed+2","TheCursedMod:Strike_TheCursed","TheCursedMod:Defend_TheCursed","TheCursedMod:Defend_TheCursed","TheCursedMod:Defend_TheCursed","TheCursedMod:Defend_TheCursed","TheCursedMod:CursedWand","TheCursedMod:CleanUpWorkshop","TheCursedMod:Dregs","Decay","TheCursedMod:WearCloak"],"relics":["TheCursedMod:BlackMagic101","Simple Rune","Blood Vial"],"acts_visited":["Exordium"],"potions_floor_usage":[],"damage_taken":[{"damage":0,"enemies":"Small Slimes","floor":1,"turns":3},{"damage":5,"enemies":"Cultist","floor":3,"turns":4},{"damage":1,"enemies":"Jaw Worm","floor":4,"turns":4},{"damage":53,"enemies":"3 Sentries","floor":7,"turns":12}],"seed_played":"6783629157193170875","potions_obtained":[{"floor":1,"key":"SmokeBomb"}],"is_trial":false,"path_per_floor":["M","?","M","M","$","R","E"],"character_chosen":"THE_CURSED","items_purchased":["Simple Rune","Blood Vial"],"campfire_rested":0,"item_purchase_floors":[5,5],"current_hp_per_floor":[54,54,49,48,48,48,0,0],"gold":30,"neow_bonus":"TWO_FIFTY_GOLD","is_daily":false,"chose_seed":false,"campfire_upgraded":1,"win_rate":0.0,"timestamp":1609426564,"path_taken":["M","?","?","M","$","R","E"],"items_purchased_type":["Relic","Relic"],"build_version":"2020-12-22","purchased_purges":1,"victory":false,"max_hp_per_floor":[75,75,75,75,75,75,75,75],"card_choices":[{"not_picked":["TheCursedMod:Stretching","TheCursedMod:ManaBullet","TheCursedMod:ReleasedKnowledge"],"picked":"SKIP","floor":1},{"not_picked":["TheCursedMod:CircleOfCorruption","TheCursedMod:SpitefulStrike"],"picked":"TheCursedMod:WearCloak","floor":3},{"not_picked":["TheCursedMod:CircleOfFlame","TheCursedMod:CircleOfBlood","TheCursedMod:CircleOfCorruption"],"picked":"SKIP","floor":4}],"player_experience":204563,"relics_obtained":[],"event_choices":[{"damage_healed":0,"gold_gain":0,"player_choice":"Cursed","damage_taken":0,"max_hp_gain":0,"max_hp_loss":0,"event_name":"Wheel of Change","floor":2,"gold_loss":0,"cards_obtained":["Decay"]}],"is_beta":false,"boss_relics":[],"items_purged_floors":[5],"is_endless":false,"potions_floor_spawned":[1],"killed_by":"3 Sentries","ascension_level":5}}