{"host":"j1eo1fqrqta44853","time":1609448412,"event":{"mods":["Act Like it!","BaseMod","CatGirl Mod","Custom Start","Downfall","Elementarium","Gensokyo","GungeonMod","HololiveMod","Hubris","Infinite Spire","Lobotomy","LobotomyExtend","Marisa????????","Minty Spire (QoL Compilation)","Pale of the Ancients","Rare Cards Sparkle","Replay The Spire","SIMod","Shedinja","StSLib","The Alterego","The Jungle","The Marked","The Mystic","The Runesmith","The Senshi","The Vixen","TheBandit","Waifu the Spire"],"gold_per_floor":[115,6,16,33,33,183,183],"floor_reached":6,"playtime":1406,"items_purged":[],"score":36,"play_id":"747de92b-607e-4ffe-bca0-7079de6179be","local_time":"20201231150012","is_ascension_mode":false,"campfire_choices":[],"circlet_count":0,"master_deck":["alterego_mod:Strike","alterego_mod:Strike","alterego_mod:Strike","alterego_mod:Strike","alterego_mod:Defend","alterego_mod:Defend","alterego_mod:Defend","alterego_mod:Defend","alterego_mod:Impale","alterego_mod:BigMeatyClaws","alterego_mod:BrynhildrsRune","WallGazer","alterego_mod:Mirror","Gensokyo:LockedMedkit","alterego_mod:Bounce","alterego_mod:Pet","Gensokyo:CrescentMoonSlash"],"relics":["alterego_mod:MasochisticConstitution","CogitoBucket"],"acts_visited":["Gensokyo:Gensokyo"],"potions_floor_usage":[6,6],"damage_taken":[{"damage":14,"enemies":"Gensokyo:Gryphon","floor":1,"turns":5},{"damage":22,"enemies":"Gensokyo:2_Kodama","floor":3,"turns":7},{"damage":11,"enemies":"Gensokyo:Python","floor":4,"turns":4},{"damage":41,"enemies":"Gensokyo:Aya","floor":6,"turns":8}],"seed_played":"-9205741349241081475","potions_obtained":[{"floor":3,"key":"LiquidBronze"},{"floor":4,"key":"Adrenaline Potion"}],"is_trial":false,"path_per_floor":["M","COS","M","M","?","E"],"character_chosen":"The_Alterego","items_purchased":[],"campfire_rested":0,"item_purchase_floors":[],"current_hp_per_floor":[64,64,50,47,37,0,0],"gold":183,"neow_bonus":"","is_daily":false,"chose_seed":false,"campfire_upgraded":0,"win_rate":0.0,"timestamp":1609448412,"path_taken":["M","COS","M","M","?","E"],"items_purchased_type":[],"build_version":"2020-12-22","purchased_purges":0,"victory":false,"max_hp_per_floor":[71,71,72,73,73,73,73],"card_choices":[{"not_picked":["VoidDream","MeatLantern"],"picked":"WallGazer","floor":1},{"not_picked":["alterego_mod:Maid","alterego_mod:Pet"],"picked":"alterego_mod:Mirror","floor":1},{"not_picked":["alterego_mod:Skirt","alterego_mod:Belle"],"picked":"alterego_mod:Bounce","floor":3},{"not_picked":["alterego_mod:BeGentle","alterego_mod:Punishment"],"picked":"alterego_mod:Pet","floor":4}],"player_experience":1022624,"relics_obtained":[],"event_choices":[],"is_beta":false,"boss_relics":[],"items_purged_floors":[],"is_endless":false,"potions_floor_spawned":[3,4],"killed_by":"Gensokyo:Aya","ascension_level":0}}