{"host":"0hb9w7uizu7y13wj","time":1609421418,"event":{"mods":["Act Like it!","Aspiration","BaseMod","BetterRewards","Colored Map","Conspire","Downfall","Energized Spire","FTL Soundtrack","Friendly Minions","Halation","Hubris","Infinite Spire","Minty Spire (QoL Compilation)","Quick Restart","Replay The Spire","StSLib","Synergy Search","The Factory","The Hierophant","The Jungle","The Poker Player","Trackpad","everything is the same but u backflip on backflip","vexMod"],"gold_per_floor":[24,24,24,38,38,38,63,63,63,63,89,89,89,115,115,210,210,226,244,244,259,259,259],"floor_reached":22,"playtime":1020,"items_purged":["Strike_B"],"score":471,"play_id":"13eb939d-5d5e-48d3-b4f6-c2151e74c28c","local_time":"20201231133018","is_ascension_mode":true,"campfire_choices":[{"floor":6.0,"key":"REST"},{"data":"ReplayTheSpireMod:Calculation Training","floor":10.0,"key":"SMITH"},{"floor":13.0,"key":"REST"},{"data":"ReplayTheSpireMod:Calculation Training","floor":15.0,"key":"SMITH"}],"circlet_count":0,"master_deck":["Strike_B","Strike_B","Defend_B","Defend_B","Defend_B","Defend_B","Zap","Dualcast","Capacitor","Capacitor","Core Surge","Storm","ReplayTheSpireMod:Calculation Training+1","ReplayTheSpireMod:Calculation Training+1","infinitespire:Fortify","Coolheaded","Pot Of Greed","Pot Of Greed","Loop","ReplayTheSpireMod:Calculation Training+1","Electrodynamics","Loop","Coolheaded"],"relics":["Cracked Core","Omamori","hubris:BottledRain","Pear","infinitespire:CheckeredPen","Grinning Jar","Pet Ghost","SacredBark"],"acts_visited":["Exordium","TheCity"],"potions_floor_usage":[],"damage_taken":[{"damage":8.0,"enemies":"2 Louse","floor":1.0,"turns":3.0},{"damage":6.0,"enemies":"Cultist","floor":4.0,"turns":4.0},{"damage":0.0,"enemies":"Nightmare","floor":7.0,"turns":11.0},{"damage":15.0,"enemies":"Replay:BlueRogue","floor":11.0,"turns":6.0},{"damage":26.0,"enemies":"Gremlin Nob","floor":14.0,"turns":4.0},{"damage":11.0,"enemies":"Hexaghost","floor":16.0,"turns":9.0},{"damage":10.0,"enemies":"Chosen","floor":18.0,"turns":4.0},{"damage":12.0,"enemies":"Shell Parasite","floor":19.0,"turns":5.0},{"damage":11.0,"enemies":"Snecko","floor":21.0,"turns":5.0},{"damage":0,"enemies":"3 Cultists","floor":22,"turns":1}],"seed_played":"-8015632513767508942","potions_obtained":[{"floor":4.0,"key":"SkillPotion"},{"floor":19.0,"key":"DuplicationPotion"}],"is_trial":false,"path_per_floor":["M","?","?","M","?","R","NM","?","T","R","E","?","R","E","R","B",null,"M","M","?","M","M"],"character_chosen":"DEFECT","items_purchased":["Omamori","Capacitor","Core Surge","Storm","ReplayTheSpireMod:Calculation Training"],"campfire_rested":2,"item_purchase_floors":[0,0,0,0,0],"current_hp_per_floor":[34,34,34,28,28,50,50,48,48,48,33,41,66,40,40,29,71,61,49,49,38,38,38],"gold":259,"neow_bonus":"","is_daily":false,"chose_seed":false,"campfire_upgraded":2,"win_rate":0.0,"timestamp":1609421418,"path_taken":["M","?","?","?","?","R","NM","?","T","R","E","?","R","E","R","BOSS","M","M","?","M","M"],"items_purchased_type":["Relic","Card","Card","Card","Card"],"build_version":"2020-12-22","purchased_purges":1,"victory":false,"max_hp_per_floor":[75,75,75,75,75,75,75,85,85,85,85,85,85,85,85,85,85,85,85,85,85,85,85],"card_choices":[{"not_picked":["BootSequence","Conserve Battery"],"picked":"ReplayTheSpireMod:Calculation Training","floor":1.0},{"not_picked":["Go for the Eyes","Beam Cell","Time Bomb"],"picked":"SKIP","floor":4.0},{"not_picked":["ReplayTheSpireMod:Book of Names","infinitespire:Execution"],"picked":"infinitespire:Fortify","floor":7.0},{"not_picked":["Streamline","Barrage"],"picked":"Coolheaded","floor":7.0},{"not_picked":["Turbo","Rip and Tear"],"picked":"Loop","floor":11.0},{"not_picked":["Leap","hubris:DoWhile"],"picked":"ReplayTheSpireMod:Calculation Training","floor":14.0},{"not_picked":["Core Surge","Fission"],"picked":"Electrodynamics","floor":16.0},{"not_picked":["Recycle","Lockon"],"picked":"Loop","floor":18.0},{"not_picked":["Streamline","Conserve Battery"],"picked":"Coolheaded","floor":19.0},{"not_picked":["Barrage","BasicCrystalCard","Blizzard"],"picked":"SKIP","floor":21.0}],"player_experience":921412,"relics_obtained":[{"floor":7.0,"key":"hubris:BottledRain"},{"floor":9.0,"key":"infinitespire:CheckeredPen"},{"floor":11.0,"key":"Grinning Jar"},{"floor":14.0,"key":"Pet Ghost"}],"event_choices":[{"cards_removed":["Strike_B"],"damage_healed":0.0,"max_hp_gain":0.0,"max_hp_loss":0.0,"gold_gain":0.0,"event_name":"Wheel of Change","player_choice":"Card Removal","floor":3.0,"gold_loss":0.0,"damage_taken":0.0},{"damage_healed":0.0,"max_hp_gain":0.0,"max_hp_loss":0.0,"gold_gain":0.0,"event_name":"Scrap Ooze","player_choice":"Success","floor":8.0,"gold_loss":0.0,"damage_taken":12.0,"relics_obtained":["Pear"]}],"is_beta":false,"boss_relics":[{"not_picked":["hubris:BlackHole","aspiration:FutureDiary"],"picked":"SacredBark"}],"items_purged_floors":[0],"is_endless":false,"potions_floor_spawned":[4,19],"killed_by":"3 Cultists","ascension_level":9}}