{"host":"jr9txmeil0uubrvm","time":1609429299,"event":{"mods":["10 clothes from DAL","ATMod(阿瑾Mod)","Act Like it!","Arknights The Spire","BaseMod","Colored Powertips","Gensokyo","Minty Spire (QoL Compilation)","Permanent Neow","Quick Restart","StSLib","The Dragon Tamer","The Wild Card","TheWitcher","【功能Mod】Neow奖励","【功能Mod】强力的原版药水","【功能Mod】精心准备","【遗物Mod】简单游戏","【遗物卡牌】REMEMod","残留之物","没有小屋子和绿帽子啦","魔戒"],"gold_per_floor":[219,233,245,245,245,255,286,286,286,314,327,357,367,64,64,164,164,178,198,198,198,198,233,233,261,261,335,21,40,40,53,53,165,165,186,186,206,216,234,280,304,335,414,449,303,303,325,102,102,120],"floor_reached":51,"playtime":1947,"items_purged":["RingOfDestiny:Strike_MB+1","RingOfDestiny:DeathLeakage"],"score":971,"play_id":"b709c71f-13bc-48c8-83db-c0dbe164ef52","local_time":"20201231234139","is_ascension_mode":false,"campfire_choices":[{"floor":15,"key":"REST"},{"floor":24,"key":"REST"},{"data":"RingOfDestiny:LoomingDeath","floor":30,"key":"SMITH"},{"data":"RingOfDestiny:LethalTwins","floor":32,"key":"SMITH"},{"floor":49,"key":"REST"}],"circlet_count":0,"master_deck":["RingOfDestiny:Defend_MB","RingOfDestiny:Strike_MB+1","RingOfDestiny:DeathLeakage","RingOfDestiny:DarkShield","RingOfDestiny:GrowBullet","RingOfDestiny:RestraintRing","REME_EyeOfCthun","RingOfDestiny:Strafing","RingOfDestiny:ForgeBullet","RingOfDestiny:LethalTwins+1","RingOfDestiny:CovertOperation","RingOfDestiny:NimbleShield","REME_HeartOfCthun","RingOfDestiny:RestraintRing","RingOfDestiny:AmmoRain","RingOfDestiny:LoomingDeath+1","RingOfDestiny:OriginBullet+1","RingOfDestiny:Illusion","RingOfDestiny:NightPendant+1","RingOfDestiny:LethalTwins","RingOfDestiny:ForgeBullet+1","RingOfDestiny:RestraintRing","RingOfDestiny:DevilKiss+1","RingOfDestiny:Prelude"],"relics":["RingOfDestiny:Flintlock","EasyRelic","REME_ComplimentaryCards","AT_ATBox","StrikeDummy","AT_DeathDance","Question Card","Ornamental Fan","Nunchaku","SacredBark","AT_RedTearstoneRing","Anchor","REME_ArchaeologicalTools","PlaceholderMod:FlatBlood","REME_PuzzleBoxRelic","Philosopher\u0027s Stone","Pen Nib","ats:Originium","Torii","InkBottle"],"acts_visited":["Exordium","TheCity","TheBeyond"],"potions_floor_usage":[10,12,16,19,33,33,40,42,50,50],"damage_taken":[{"damage":0,"enemies":"2 Louse","floor":1,"turns":2},{"damage":0,"enemies":"Small Slimes","floor":2,"turns":2},{"damage":0,"enemies":"Jaw Worm","floor":3,"turns":3},{"damage":13,"enemies":"Red Slaver","floor":6,"turns":2},{"damage":0,"enemies":"Gremlin Nob","floor":7,"turns":2},{"damage":0,"enemies":"Lagavulin","floor":10,"turns":3},{"damage":0,"enemies":"2 Fungi Beasts","floor":11,"turns":2},{"damage":8,"enemies":"3 Sentries","floor":12,"turns":3},{"damage":0,"enemies":"Looter","floor":13,"turns":2},{"damage":19,"enemies":"Hexaghost","floor":16,"turns":5},{"damage":0,"enemies":"2 Thieves","floor":18,"turns":3},{"damage":17,"enemies":"3 Byrds","floor":19,"turns":4},{"damage":12,"enemies":"Gremlin Leader","floor":23,"turns":5},{"damage":29,"enemies":"Book of Stabbing","floor":25,"turns":4},{"damage":0,"enemies":"Snake Plant","floor":27,"turns":4},{"damage":0,"enemies":"Snecko","floor":29,"turns":2},{"damage":2,"enemies":"Shelled Parasite and Fungi","floor":31,"turns":2},{"damage":0,"enemies":"Collector","floor":33,"turns":3},{"damage":21,"enemies":"3 Darklings","floor":35,"turns":3},{"damage":1,"enemies":"3 Shapes","floor":37,"turns":1},{"damage":0,"enemies":"Sphere and 2 Shapes","floor":38,"turns":1},{"damage":6,"enemies":"Writhing Mass","floor":39,"turns":4},{"damage":6,"enemies":"Reptomancer","floor":40,"turns":2},{"damage":7,"enemies":"Spire Growth","floor":41,"turns":3},{"damage":0,"enemies":"Nemesis","floor":42,"turns":1},{"damage":26,"enemies":"4 Shapes","floor":44,"turns":4},{"damage":0,"enemies":"Transient","floor":47,"turns":5},{"damage":0,"enemies":"Time Eater","floor":50,"turns":2}],"seed_played":"8701583493882992684","potions_obtained":[{"floor":6,"key":"Block Potion"},{"floor":11,"key":"PowerPotion"},{"floor":13,"key":"Weak Potion"},{"floor":16,"key":"Weak Potion"},{"floor":18,"key":"Strength Potion"},{"floor":23,"key":"Strength Potion"},{"floor":31,"key":"Fire Potion"},{"floor":35,"key":"PowerPotion"},{"floor":40,"key":"AttackPotion"},{"floor":41,"key":"Energy Potion"},{"floor":42,"key":"SneckoOil"}],"is_trial":false,"path_per_floor":["M","M","M","?","?","M","E","?","T","E","M","E","M","$","R","B",null,"M","M","?","?","?","E","R","E","T","M","$","M","R","M","R","B",null,"M","?","M","M","M","E","M","E","T","M","$","?","M","$","R","B",null],"character_chosen":"MagicBullet","items_purchased":["REME_HeartOfCthun","RingOfDestiny:RestraintRing","RingOfDestiny:AmmoRain","PlaceholderMod:FlatBlood","REME_PuzzleBoxRelic","RingOfDestiny:RestraintRing","RingOfDestiny:Prelude","AttackPotion"],"campfire_rested":3,"item_purchase_floors":[14,14,14,28,28,45,48,48],"current_hp_per_floor":[98,98,98,78,78,65,65,47,47,47,47,39,39,39,68,49,98,98,81,81,81,81,69,98,69,69,69,69,69,69,67,67,67,98,77,77,76,76,70,64,57,57,57,31,31,31,31,31,60,60],"gold":120,"neow_bonus":"HUNDRED_GOLD","is_daily":false,"chose_seed":false,"campfire_upgraded":2,"win_rate":0.0,"timestamp":1609429299,"path_taken":["M","M","M","?","?","M","E","?","T","E","M","E","?","?","R","BOSS","M","M","?","?","?","E","R","E","T","M","$","M","R","M","R","BOSS","M","?","?","M","M","E","M","E","T","?","?","?","M","$","R","BOSS"],"items_purchased_type":["Card","Card","Card","Relic","Relic","Card","Card","Potion"],"build_version":"2020-12-22","purchased_purges":2,"victory":true,"max_hp_per_floor":[98,98,98,98,98,98,98,98,98,98,98,98,98,98,98,98,98,98,98,98,98,98,98,98,98,98,98,98,98,98,98,98,98,98,98,98,98,98,98,98,98,98,98,98,98,98,98,98,98,98],"card_choices":[{"not_picked":["RingOfDestiny:OriginBullet","RingOfDestiny:InitialBullet"],"picked":"RingOfDestiny:QuickDraw","floor":1},{"not_picked":["RingOfDestiny:DoomsdayMark","RingOfDestiny:BreakBullet"],"picked":"RingOfDestiny:Strafing","floor":2},{"not_picked":["RingOfDestiny:Underhand","RingOfDestiny:BlastBullet","RingOfDestiny:Potential"],"picked":"SKIP","floor":3},{"not_picked":["RingOfDestiny:BlastBullet","RingOfDestiny:BloodyLeakage"],"picked":"RingOfDestiny:ForgeBullet","floor":6},{"not_picked":["RingOfDestiny:Apoptosis","RingOfDestiny:Underhand"],"picked":"RingOfDestiny:LethalTwins","floor":7},{"not_picked":["RingOfDestiny:DevilKiss","RingOfDestiny:EtchSpirit","RingOfDestiny:BreakBullet"],"picked":"RingOfDestiny:CovertOperation","floor":10},{"not_picked":["RingOfDestiny:Flash","RingOfDestiny:Crimson","RingOfDestiny:Potential","RingOfDestiny:BreakBullet"],"picked":"SKIP","floor":11},{"not_picked":["RingOfDestiny:DevilKiss","RingOfDestiny:TrackingBullet","RingOfDestiny:QuickDraw"],"picked":"RingOfDestiny:NimbleShield","floor":12},{"not_picked":["RingOfDestiny:FlowerOfDespair","RingOfDestiny:DevilKiss","RingOfDestiny:TrackingBullet","RingOfDestiny:NimbleShield"],"picked":"SKIP","floor":13},{"not_picked":["RingOfDestiny:NightPendant","RingOfDestiny:PressuredBullet","RingOfDestiny:LethalTwins"],"picked":"RingOfDestiny:LoomingDeath","floor":16},{"not_picked":["RingOfDestiny:Determination+1","RingOfDestiny:DeathLeakage","RingOfDestiny:BulletZero","RingOfDestiny:Enchantment+1"],"picked":"SKIP","floor":18},{"not_picked":["RingOfDestiny:BreakBullet+1","RingOfDestiny:QuickDraw","RingOfDestiny:DeadlyShoot"],"picked":"RingOfDestiny:OriginBullet+1","floor":19},{"not_picked":["RingOfDestiny:BulletZero+1","RingOfDestiny:DanceOfDeath","RingOfDestiny:QuickDraw","RingOfDestiny:Potential"],"picked":"SKIP","floor":23},{"not_picked":["RingOfDestiny:GrowBullet","RingOfDestiny:DanceOfDeath","RingOfDestiny:Crimson","RingOfDestiny:Nightmare+1"],"picked":"SKIP","floor":25},{"not_picked":["RingOfDestiny:DeathLeakage+1","RingOfDestiny:SleepingBullet+1","RingOfDestiny:BreakBullet","RingOfDestiny:Demise"],"picked":"SKIP","floor":27},{"not_picked":["RingOfDestiny:Flash","RingOfDestiny:DanceOfDeath","RingOfDestiny:OriginBullet","RingOfDestiny:CovertOperation"],"picked":"SKIP","floor":29},{"not_picked":["RingOfDestiny:DeathTrack","RingOfDestiny:GrowBullet","RingOfDestiny:DeadlyShoot","RingOfDestiny:Potential"],"picked":"SKIP","floor":31},{"not_picked":["RingOfDestiny:MagicAbsorb","RingOfDestiny:BlackFuneral","RingOfDestiny:LethalTwins"],"picked":"RingOfDestiny:NightPendant","floor":33},{"not_picked":["RingOfDestiny:ForgeBullet","RingOfDestiny:BlackLight+1","RingOfDestiny:DeathLeakage","RingOfDestiny:SolidEtch"],"picked":"SKIP","floor":35},{"not_picked":["RingOfDestiny:DeathLeakage","RingOfDestiny:SleepingBullet","RingOfDestiny:GrowBullet+1","RingOfDestiny:EtchSpirit+1"],"picked":"SKIP","floor":37},{"not_picked":["RingOfDestiny:Strafing","RingOfDestiny:DarkShield+1","RingOfDestiny:DeathLeakage+1","RingOfDestiny:BulletZero+1"],"picked":"SKIP","floor":38},{"not_picked":["RingOfDestiny:CovertOperation","RingOfDestiny:Underhand+1","RingOfDestiny:OriginBullet+1","RingOfDestiny:BreakBullet+1"],"picked":"SKIP","floor":39},{"not_picked":["RingOfDestiny:Strafing","RingOfDestiny:PhantasmalAssailants+1","RingOfDestiny:EtchSpirit"],"picked":"RingOfDestiny:LethalTwins","floor":40},{"not_picked":["RingOfDestiny:CovertOperation+1","RingOfDestiny:PhantasmalAssailants","RingOfDestiny:SleepingBullet","RingOfDestiny:Residual"],"picked":"SKIP","floor":41},{"not_picked":["RingOfDestiny:BlastBullet+1","RingOfDestiny:DarkShield","RingOfDestiny:DeadlyShoot","RingOfDestiny:DanceOfDeath+1"],"picked":"SKIP","floor":42},{"not_picked":["RingOfDestiny:DarkShield","RingOfDestiny:NightPendant","RingOfDestiny:BlackLight+1"],"picked":"RingOfDestiny:ForgeBullet+1","floor":44},{"not_picked":["RingOfDestiny:SecretAmmunition+1","RingOfDestiny:Residual","RingOfDestiny:BlastBullet"],"picked":"RingOfDestiny:DevilKiss+1","floor":47}],"player_experience":398961,"relics_obtained":[{"floor":7,"key":"StrikeDummy"},{"floor":9,"key":"Question Card"},{"floor":10,"key":"Ornamental Fan"},{"floor":12,"key":"Nunchaku"},{"floor":23,"key":"AT_RedTearstoneRing"},{"floor":25,"key":"Anchor"},{"floor":26,"key":"REME_ArchaeologicalTools"},{"floor":40,"key":"Pen Nib"},{"floor":42,"key":"ats:Originium"},{"floor":42,"key":"Torii"},{"floor":43,"key":"InkBottle"}],"event_choices":[{"damage_healed":0,"gold_gain":0,"player_choice":"Entered Light","damage_taken":20,"max_hp_gain":0,"max_hp_loss":0,"event_name":"Shining Light","floor":4,"gold_loss":0,"cards_upgraded":["RingOfDestiny:Strike_MB","RingOfDestiny:Strike_MB"]},{"cards_removed":["RingOfDestiny:QuickDraw"],"damage_healed":0,"gold_gain":0,"player_choice":"Forget","damage_taken":0,"max_hp_gain":0,"max_hp_loss":0,"event_name":"Living Wall","floor":5,"gold_loss":0},{"damage_healed":0,"gold_gain":0,"player_choice":"Success","damage_taken":18,"relics_obtained":["AT_DeathDance"],"max_hp_gain":0,"max_hp_loss":0,"event_name":"Scrap Ooze","floor":8,"gold_loss":0},{"damage_healed":0,"gold_gain":0,"player_choice":"Read","damage_taken":0,"max_hp_gain":0,"max_hp_loss":0,"event_name":"The Library","floor":20,"gold_loss":0,"cards_obtained":["RingOfDestiny:Illusion"]},{"cards_removed":["RingOfDestiny:Strike_MB"],"damage_healed":0,"gold_gain":0,"player_choice":"Elegance","damage_taken":0,"max_hp_gain":0,"max_hp_loss":0,"event_name":"Back to Basics","floor":21,"gold_loss":0},{"damage_healed":0,"gold_gain":0,"player_choice":"Ignored","damage_taken":0,"max_hp_gain":0,"max_hp_loss":0,"event_name":"Ghosts","floor":22,"gold_loss":0},{"damage_healed":0,"gold_gain":0,"player_choice":"Upgraded","damage_taken":0,"max_hp_gain":0,"max_hp_loss":0,"event_name":"Upgrade Shrine","floor":36,"gold_loss":0,"cards_upgraded":["RingOfDestiny:NightPendant"]},{"cards_removed":["RingOfDestiny:InnerFocus"],"damage_healed":0,"gold_gain":0,"player_choice":"Removed Skill","damage_taken":0,"max_hp_gain":0,"max_hp_loss":0,"event_name":"Falling","floor":46,"gold_loss":0}],"is_beta":false,"boss_relics":[{"not_picked":["Coffee Dripper","Pandora\u0027s Box"],"picked":"SacredBark"},{"not_picked":["REME_DuelDisc","REME_DemonsWealth"],"picked":"Philosopher\u0027s Stone"}],"items_purged_floors":[45,48],"is_endless":false,"potions_floor_spawned":[6,11,13,16,18,23,31,35,40,41,42,47],"ascension_level":0}}