{"host":"15dd7v8o90xso62x","time":1609452890,"event":{"mods":["BaseMod","Minty Spire (QoL Compilation)","Quick Restart","StSLib","SuperFastMode"],"gold_per_floor":[116,41,41,54,0,0,27,27,27,55,68,86,101,119,119,119,119],"floor_reached":16,"playtime":348,"items_purged":[],"score":274,"play_id":"3fefe438-4b72-4d65-9618-f2a3bd320892","local_time":"20210101071450","is_ascension_mode":true,"campfire_choices":[{"data":"Ball Lightning","floor":6,"key":"SMITH"},{"data":"Zap","floor":8,"key":"SMITH"},{"data":"Dualcast","floor":15,"key":"SMITH"}],"circlet_count":0,"master_deck":["AscendersBane","Strike_B","Strike_B","Strike_B","Strike_B","Defend_B","Defend_B+1","Defend_B","Defend_B","Zap+1","Dualcast+1","Streamline+1","Seek","Ball Lightning+1","Chill","Auto Shields","Double Energy"],"relics":["Cracked Core","NeowsBlessing","Lantern","TungstenRod","Dream Catcher","Bottled Flame"],"acts_visited":["Exordium"],"potions_floor_usage":[10,13],"damage_taken":[{"damage":0,"enemies":"Jaw Worm","floor":1,"turns":1},{"damage":0,"enemies":"2 Louse","floor":4,"turns":1},{"damage":0,"enemies":"3 Sentries","floor":7,"turns":1},{"damage":11,"enemies":"Lagavulin","floor":10,"turns":4},{"damage":0,"enemies":"Cultist","floor":11,"turns":2},{"damage":0,"enemies":"Gremlin Gang","floor":12,"turns":3},{"damage":0,"enemies":"Looter","floor":13,"turns":1},{"damage":17,"enemies":"3 Louse","floor":14,"turns":3},{"damage":15,"enemies":"Hexaghost","floor":16,"turns":9}],"seed_played":"-1696972849100801722","potions_obtained":[{"floor":7,"key":"Fire Potion"},{"floor":10,"key":"SneckoOil"},{"floor":13,"key":"SpeedPotion"}],"is_trial":false,"path_per_floor":["M","$","?","M","?","R","E","R","T","E","M","M","M","M","R","B"],"character_chosen":"DEFECT","items_purchased":["Seek"],"campfire_rested":0,"item_purchase_floors":[2],"current_hp_per_floor":[64,64,43,43,43,43,43,43,43,32,32,32,32,15,15,0,0],"gold":119,"neow_bonus":"THREE_ENEMY_KILL","is_daily":false,"chose_seed":false,"campfire_upgraded":3,"win_rate":0.0,"timestamp":1609452890,"path_taken":["M","$","?","M","?","R","E","R","T","E","?","M","?","M","R","BOSS"],"items_purchased_type":["Card"],"build_version":"2020-12-22","purchased_purges":0,"victory":false,"max_hp_per_floor":[71,71,71,71,71,71,71,71,71,71,71,71,71,71,71,71,71],"card_choices":[{"not_picked":["Go for the Eyes","Cold Snap"],"picked":"Streamline","floor":1},{"not_picked":["Rainbow","Stack"],"picked":"Ball Lightning","floor":4},{"not_picked":["Redo","Barrage","Leap"],"picked":"SKIP","floor":7},{"not_picked":["Conserve Battery","Double Energy"],"picked":"Chill","floor":10},{"not_picked":["Barrage","Stack"],"picked":"Auto Shields","floor":11},{"not_picked":["Steam","Go for the Eyes","Stack"],"picked":"SKIP","floor":12},{"not_picked":["Leap","Auto Shields"],"picked":"Double Energy","floor":13},{"not_picked":["Darkness","Sweeping Beam","Force Field"],"picked":"SKIP","floor":14}],"player_experience":978262,"relics_obtained":[{"floor":7,"key":"TungstenRod"},{"floor":9,"key":"Dream Catcher"},{"floor":10,"key":"Bottled Flame"}],"event_choices":[{"damage_healed":0,"gold_gain":0,"player_choice":"Entered Light","damage_taken":21,"max_hp_gain":0,"max_hp_loss":0,"event_name":"Shining Light","floor":3,"gold_loss":0,"cards_upgraded":["Defend_B","Streamline"]},{"damage_healed":0,"gold_gain":0,"player_choice":"Paid Gold","damage_taken":0,"relics_obtained":["Lantern"],"max_hp_gain":0,"max_hp_loss":0,"event_name":"WeMeetAgain","floor":5,"gold_loss":54}],"is_beta":false,"boss_relics":[],"items_purged_floors":[],"is_endless":false,"potions_floor_spawned":[7,10,13],"killed_by":"Hexaghost","ascension_level":20}}