{"host":"6r3ioyv75hs1gp74","time":1609443505,"event":{"mods":["AchievementEnabler","BaseMod","Better Third Choice","Colored Map","Colored Powertips","Minty Spire (QoL Compilation)","StSLib"],"gold_per_floor":[110,7,82,82,107,107,147,161,161,186,186,31,31,47,47,176,176,191,204,204,6,17,17,37,68,95,95,124,136,13,25,25,123,123,137,12,0,0,0,10,40,40,40,55,65,77,77,77,77,77],"floor_reached":51,"playtime":2511,"items_purged":["Injury","Defend_R","Defend_R"],"score":867,"play_id":"d0cbc637-d20d-41c4-95b5-98e52262ece2","local_time":"20201231193825","is_ascension_mode":false,"campfire_choices":[{"data":"Rage","floor":6,"key":"SMITH"},{"data":"1","floor":13,"key":"LIFT"},{"floor":15,"key":"REST"},{"data":"2","floor":23,"key":"LIFT"},{"data":"3","floor":32,"key":"LIFT"},{"data":"Sword Boomerang","floor":49,"key":"SMITH"}],"circlet_count":0,"master_deck":["Strike_R","Strike_R","Strike_R","Defend_R","Pommel Strike+1","Spot Weakness+1","Limit Break+1","Rage+1","Sword Boomerang+1","Power Through","Thunderclap+1","Headbutt","True Grit+1","Cleave","Heavy Blade+1","Limit Break+1","True Grit+1","Sword Boomerang+1","Warcry+1","Armaments+1","Pommel Strike+1","Dual Wield+1","Offering+1","Whirlwind+1","Anger","Iron Wave+1","Offering+1","Intimidate+1","Sword Boomerang","Madness+1"],"relics":["Astrolabe","Bloody Idol","Girya","Incense Burner","Toxic Egg 2","Mark of Pain","Pen Nib","Whetstone","Blood Vial","MutagenicStrength","Meat on the Bone","Busted Crown","Red Mask","Dream Catcher","Frozen Egg 2"],"acts_visited":["Exordium","TheCity","TheBeyond"],"potions_floor_usage":[2,5,7,7,7,16,16,24,33,33,50,50],"damage_taken":[{"damage":0,"enemies":"2 Louse","floor":1,"turns":2},{"damage":8,"enemies":"Small Slimes","floor":5,"turns":3},{"damage":18,"enemies":"3 Sentries","floor":7,"turns":5},{"damage":1,"enemies":"Jaw Worm","floor":8,"turns":2},{"damage":2,"enemies":"Blue Slaver","floor":10,"turns":3},{"damage":0,"enemies":"Looter","floor":14,"turns":3},{"damage":38,"enemies":"Hexaghost","floor":16,"turns":8},{"damage":17,"enemies":"3 Byrds","floor":18,"turns":5},{"damage":6,"enemies":"2 Thieves","floor":19,"turns":3},{"damage":3,"enemies":"Sentry and Sphere","floor":22,"turns":4},{"damage":16,"enemies":"Snake Plant","floor":24,"turns":4},{"damage":6,"enemies":"Gremlin Leader","floor":25,"turns":5},{"damage":2,"enemies":"Slavers","floor":28,"turns":3},{"damage":6,"enemies":"Centurion and Healer","floor":29,"turns":1},{"damage":0,"enemies":"3 Cultists","floor":31,"turns":2},{"damage":6,"enemies":"Collector","floor":33,"turns":2},{"damage":12,"enemies":"3 Shapes","floor":35,"turns":1},{"damage":0,"enemies":"3 Darklings","floor":40,"turns":1},{"damage":6,"enemies":"Nemesis","floor":41,"turns":3},{"damage":6,"enemies":"4 Shapes","floor":44,"turns":2},{"damage":0,"enemies":"Jaw Worm Horde","floor":45,"turns":1},{"damage":3,"enemies":"Spire Growth","floor":46,"turns":2},{"damage":1,"enemies":"Donu and Deca","floor":50,"turns":2}],"seed_played":"-831236871177988413","potions_obtained":[{"floor":8,"key":"SteroidPotion"},{"floor":14,"key":"Strength Potion"},{"floor":19,"key":"Weak Potion"},{"floor":22,"key":"Energy Potion"},{"floor":25,"key":"ColorlessPotion"},{"floor":29,"key":"BlessingOfTheForge"},{"floor":41,"key":"DuplicationPotion"},{"floor":44,"key":"Swift Potion"}],"is_trial":false,"path_per_floor":["M","$","?","?","M","R","E","M","T","M","T","$","R","M","R","B",null,"M","M","?","$","M","R","M","E","T","?","E","M","$","M","R","B",null,"M","$","?","?","$","M","E","?","T","M","M","M","?","?","R","B",null],"character_chosen":"IRONCLAD","items_purchased":["EntropicBrew","True Grit+1","Cleave","Pen Nib","Warcry+1","Anger"],"campfire_rested":1,"item_purchase_floors":[2,12,12,21,21,30],"current_hp_per_floor":[80,80,69,69,61,61,43,42,42,40,40,40,40,40,64,26,80,63,57,57,57,59,59,48,47,52,52,57,58,58,65,65,66,80,73,73,73,73,73,80,79,79,79,79,80,80,70,80,80,79],"gold":77,"neow_bonus":"BOSS_RELIC","is_daily":false,"chose_seed":false,"campfire_upgraded":2,"win_rate":0.0,"timestamp":1609443505,"path_taken":["M","$","?","?","M","R","E","M","T","M","?","$","R","M","R","BOSS","M","M","?","$","M","R","M","E","T","?","E","M","$","M","R","BOSS","M","$","?","?","$","M","E","?","T","?","M","M","?","?","R","BOSS"],"items_purchased_type":["Potion","Card","Card","Relic","Card","Card"],"build_version":"2020-12-22","purchased_purges":3,"victory":true,"max_hp_per_floor":[80,80,80,80,80,80,80,80,80,80,80,80,80,80,80,80,80,80,80,80,80,80,80,80,80,80,80,80,80,80,80,80,80,80,80,80,80,80,80,80,80,80,80,80,80,80,80,80,80,80],"card_choices":[{"not_picked":["Iron Wave","Body Slam"],"picked":"Rage","floor":1},{"not_picked":["Perfected Strike","Iron Wave"],"picked":"Sword Boomerang","floor":5},{"not_picked":["Uppercut","Inflame"],"picked":"Power Through","floor":7},{"not_picked":["Sword Boomerang","Fire Breathing"],"picked":"Thunderclap","floor":8},{"not_picked":["Dark Embrace","Second Wind"],"picked":"Headbutt","floor":10},{"not_picked":["Iron Wave","Fiend Fire"],"picked":"Heavy Blade","floor":14},{"not_picked":["Corruption","Reaper"],"picked":"Limit Break+1","floor":16},{"not_picked":["Searing Blow+1","Hemokinesis+1"],"picked":"True Grit+1","floor":18},{"not_picked":["Shrug It Off+1","Second Wind+1"],"picked":"Sword Boomerang+1","floor":19},{"not_picked":["Uppercut","Heavy Blade"],"picked":"Armaments+1","floor":22},{"not_picked":["Clothesline","Uppercut+1"],"picked":"Pommel Strike","floor":24},{"not_picked":["Cleave","Shrug It Off+1"],"picked":"Dual Wield+1","floor":25},{"not_picked":["Feel No Pain","Uppercut+1"],"picked":"Offering+1","floor":28},{"not_picked":["Ghostly Armor+1","Clothesline"],"picked":"Whirlwind+1","floor":29},{"not_picked":["Sword Boomerang","Combust"],"picked":"Iron Wave+1","floor":31},{"not_picked":["Feed","Fiend Fire"],"picked":"Offering+1","floor":33},{"not_picked":["Headbutt"],"picked":"SKIP","floor":35},{"not_picked":[],"picked":"Intimidate+1","floor":40},{"not_picked":["True Grit+1"],"picked":"SKIP","floor":41},{"not_picked":[],"picked":"Sword Boomerang","floor":44},{"not_picked":["Pommel Strike"],"picked":"SKIP","floor":45},{"not_picked":["True Grit+1"],"picked":"SKIP","floor":46}],"player_experience":42733,"relics_obtained":[{"floor":7,"key":"Girya"},{"floor":9,"key":"Incense Burner"},{"floor":11,"key":"Toxic Egg 2"},{"floor":25,"key":"Whetstone"},{"floor":26,"key":"Blood Vial"},{"floor":28,"key":"Meat on the Bone"},{"floor":41,"key":"Dream Catcher"},{"floor":43,"key":"Frozen Egg 2"}],"event_choices":[{"damage_healed":0,"gold_gain":75,"player_choice":"Gold","damage_taken":11,"max_hp_gain":0,"max_hp_loss":0,"event_name":"betterThird:BetterGoop","floor":3,"gold_loss":0},{"damage_healed":0,"gold_gain":0,"player_choice":"Take Wound","damage_taken":0,"relics_obtained":["Golden Idol"],"max_hp_gain":0,"max_hp_loss":0,"event_name":"Golden Idol","floor":4,"gold_loss":0,"cards_obtained":["Injury"]},{"damage_healed":0,"gold_gain":0,"player_choice":"Gave Idol","damage_taken":0,"relics_obtained":["Bloody Idol"],"max_hp_gain":0,"max_hp_loss":0,"event_name":"Forgotten Altar","floor":20,"relics_lost":["Golden Idol"],"gold_loss":0},{"damage_healed":0,"gold_gain":0,"player_choice":"Inject Mutagens","damage_taken":0,"relics_obtained":["MutagenicStrength"],"max_hp_gain":0,"max_hp_loss":0,"event_name":"Drug Dealer","floor":27,"gold_loss":0},{"damage_healed":0,"gold_gain":0,"player_choice":"Paid","damage_taken":0,"relics_obtained":["Red Mask"],"max_hp_gain":0,"max_hp_loss":0,"event_name":"Tomb of Lord Red Mask","floor":37,"gold_loss":12},{"cards_removed":["Strike_R"],"damage_healed":0,"gold_gain":0,"player_choice":"Removed Attack","damage_taken":0,"max_hp_gain":0,"max_hp_loss":0,"event_name":"Falling","floor":38,"gold_loss":0},{"damage_healed":0,"gold_gain":0,"player_choice":"Upgraded","damage_taken":0,"max_hp_gain":0,"max_hp_loss":0,"event_name":"Upgrade Shrine","floor":42,"gold_loss":0,"cards_upgraded":["Heavy Blade"]},{"damage_healed":0,"gold_gain":0,"player_choice":"Embrace Madness","damage_taken":10,"max_hp_gain":0,"max_hp_loss":0,"event_name":"Winding Halls","floor":47,"gold_loss":0,"cards_obtained":["Madness","Madness"]},{"cards_removed":["Madness"],"damage_healed":10,"gold_gain":0,"player_choice":"Offered Uncommon","damage_taken":0,"max_hp_gain":0,"max_hp_loss":0,"event_name":"Bonfire Elementals","floor":48,"gold_loss":0}],"is_beta":false,"boss_relics":[{"not_picked":["Sozu","SlaversCollar"],"picked":"Mark of Pain"},{"not_picked":["Runic Pyramid","Velvet Choker"],"picked":"Busted Crown"}],"items_purged_floors":[12,30,36],"is_endless":false,"potions_floor_spawned":[8,14,19,22,25,28,29,41,44],"ascension_level":0}}