{"host":"ql9d3hodw6ja2r3y","time":1609422172,"event":{"mods":["2.2 Compatiblity","AchievementEnabler","Act Like it!","BaseMod","Beaked The Cultist","Better Altar","Better Match","Better Note","Better Sensory Stone","Better Skull","Better Third Choice","Better Vampires","BetterRewards","CCEM","Challenge The Spire","Colored Powertips","Curses Come First","Displayed Cursed Tome","Downfall","Friendly Minions","GifTheSpireLib","Infinite Spire","Marked Mod","Mimic Mod","Minty Spire (QoL Compilation)","Permanent Neow","Quick Restart","Random Character Button","Rare Cards Sparkle","Relic Sorter","Shade Mod","Somnambulant","Spicy Shops","StSLib","Synergy Search","The Blue Laboratory","The Bug Knight","The Construct","The Cursed","The Disciple","The Forsaken","The Hierophant","The Marked","The Runesmith","The Spell Scribe"],"gold_per_floor":[116,116,116,129,140,140,169,182,253,253,287,111,111,111,111,242,242,242,242],"floor_reached":18,"playtime":1543,"items_purged":[],"score":193,"play_id":"74a4ca1c-6eaa-4d66-b128-cc043efd6daf","local_time":"20201231144252","is_ascension_mode":false,"campfire_choices":[{"floor":6,"key":"REST"},{"floor":10,"key":"REST"},{"floor":15,"key":"REST"}],"circlet_count":0,"master_deck":["theForsaken:TheForsaken_Strike","theForsaken:TheForsaken_Strike","theForsaken:TheForsaken_Strike","theForsaken:TheForsaken_Strike","theForsaken:TheForsaken_Defend","theForsaken:TheForsaken_Defend","theForsaken:TheForsaken_Defend","theForsaken:TheForsaken_Defend","theForsaken:Smite","theForsaken:Penitence","expansioncontent:Hexaburn","theForsaken:SiphonStrike","expansioncontent:Hexaburn","theForsaken:AncientWords","theForsaken:BattleHymn","theForsaken:DesperatePlea","theForsaken:HealingLight","theForsaken:PowerUp","theForsaken:WordOfPower","theForsaken:ShieldCharge","Regret","Injury","theForsaken:Retribution","theForsaken:QuickAttack"],"relics":["theForsaken:JudgementScales","theForsaken:Kindling","Pear","Oddly Smooth Stone","PreservedInsect","Golden Idol","Nunchaku","beaked:SacredDeck"],"acts_visited":["Exordium","TheCity"],"potions_floor_usage":[16,16],"damage_taken":[{"damage":6,"enemies":"Small Slimes","floor":1,"turns":2},{"damage":6,"enemies":"2 Louse","floor":4,"turns":2},{"damage":9,"enemies":"Cultist","floor":5,"turns":5},{"damage":34,"enemies":"Gremlin Nob","floor":7,"turns":5},{"damage":4,"enemies":"Exordium Wildlife","floor":8,"turns":6},{"damage":51,"enemies":"3 Sentries","floor":11,"turns":8},{"damage":62,"enemies":"Hexaghost","floor":16,"turns":9},{"damage":98,"enemies":"3 Byrds","floor":18,"turns":6}],"seed_played":"-4900749329221638864","potions_obtained":[{"floor":3,"key":"SteroidPotion"},{"floor":3,"key":"blueLaboratory:BottledHope"},{"floor":3,"key":"blueLaboratory:TrueEctoplasm"},{"floor":4,"key":"construct:ShiftPotion"},{"floor":5,"key":"blueLaboratory:RememoryPotion"},{"floor":16,"key":"blueLaboratory:EnragingPotion"}],"is_trial":false,"path_per_floor":["M","?","?","M","M","R","E","M","T","R","E","$","?","?","R","B",null,"M"],"character_chosen":"THE_FORSAKEN","items_purchased":["theForsaken:WordOfPower","theForsaken:ShieldCharge","PreservedInsect"],"campfire_rested":3,"item_purchase_floors":[12,12,12],"current_hp_per_floor":[59,59,59,53,52,65,31,32,42,69,36,36,36,36,65,18,85,0,0],"gold":242,"neow_bonus":"RANDOM_COLORLESS","is_daily":false,"chose_seed":false,"campfire_upgraded":0,"win_rate":0.0,"timestamp":1609422172,"path_taken":["M","?","?","?","M","R","E","M","T","R","E","$","?","?","R","BOSS","M"],"items_purchased_type":["Card","Card","Relic"],"build_version":"2020-12-22","purchased_purges":0,"victory":false,"max_hp_per_floor":[65,65,65,65,65,65,65,65,75,80,80,80,80,80,85,85,85,85,85],"card_choices":[{"not_picked":["Bandage Up","expansioncontent:Chronoboost"],"picked":"expansioncontent:Hexaburn","floor":0},{"not_picked":["theForsaken:ShieldBash","theForsaken:Preservation"],"picked":"theForsaken:SiphonStrike","floor":1},{"not_picked":["Secret Technique","expansioncontent:LastStand"],"picked":"expansioncontent:Hexaburn","floor":2},{"not_picked":["theForsaken:ShieldCharge","theForsaken:PowerUp"],"picked":"theForsaken:AncientWords","floor":4},{"not_picked":["theForsaken:Parry","theForsaken:Eulogy"],"picked":"theForsaken:BattleHymn","floor":5},{"not_picked":["theForsaken:Riposte","theForsaken:WordsOfPestilence"],"picked":"theForsaken:DesperatePlea","floor":7},{"not_picked":["theForsaken:Tranquility","theForsaken:BlightOfFamine"],"picked":"theForsaken:HealingLight","floor":8},{"not_picked":["theForsaken:NobleSacrifice","theForsaken:AncientWords"],"picked":"theForsaken:PowerUp","floor":11},{"not_picked":["theForsaken:CorruptedForm","theForsaken:SacrificeSoul"],"picked":"theForsaken:Retribution","floor":16}],"player_experience":25837,"relics_obtained":[{"floor":7,"key":"theForsaken:Kindling"},{"floor":9,"key":"Pear"},{"floor":11,"key":"Oddly Smooth Stone"}],"event_choices":[{"damage_healed":0,"gold_gain":1,"player_choice":"1","damage_taken":0,"max_hp_gain":0,"max_hp_loss":0,"event_name":"betterStone:BetterStone","floor":2,"gold_loss":0},{"damage_healed":0,"gold_gain":0,"player_choice":"Got Potions","damage_taken":0,"max_hp_gain":0,"max_hp_loss":0,"event_name":"Lab","floor":3,"gold_loss":0},{"damage_healed":0,"gold_gain":0,"player_choice":"Take Wound","damage_taken":0,"relics_obtained":["Golden Idol"],"max_hp_gain":0,"max_hp_loss":0,"event_name":"Golden Idol","floor":13,"gold_loss":0,"cards_obtained":["Injury"]},{"damage_healed":0,"gold_gain":0,"player_choice":"Gave Potion","damage_taken":0,"relics_obtained":["Nunchaku"],"max_hp_gain":0,"max_hp_loss":0,"event_name":"WeMeetAgain","floor":14,"gold_loss":0}],"is_beta":false,"boss_relics":[{"not_picked":["SlaversCollar","Runic Pyramid"],"picked":"beaked:SacredDeck"}],"items_purged_floors":[],"is_endless":false,"potions_floor_spawned":[4,5,16],"killed_by":"3 Byrds","ascension_level":0}}