{"host":"z5ogtnuuoxgup8y1","time":1609454933,"event":{"mods":["BaseMod","Better Third Choice","BetterRewards","Hermit","Hubris","Jorbs\u0027s Wanderer Trilogy","Minty Spire (QoL Compilation)","Replay The Spire","Spicy Shops","StSLib","The Cursed","The Disciple","The Hierophant","The Jungle","The Runesmith"],"gold_per_floor":[114,39,39,52,52,82,82,115,140,140,170,170,170,189,189,263,263,277,1,20,20,20,52,11,21,45,59,59,79,109,127,127,201,201,217,44,84,84,99,99,10,39,39,39,54,72,102,102,102,102],"floor_reached":51,"playtime":2832,"items_purged":["Strike_B","Strike_B","Defend_B"],"score":2151,"play_id":"23fc871e-a986-46eb-b14f-ca3410b26ae2","local_time":"20201231224853","is_ascension_mode":true,"campfire_choices":[{"floor":7.0,"key":"REST"},{"data":"ReplayGash","floor":12.0,"key":"SMITH"},{"data":"Strike_B","floor":15.0,"key":"PURGE"},{"data":"hubris:DuctTapeCard","floor":40.0,"key":"SMITH"},{"data":"Defragment","floor":49,"key":"SMITH"}],"circlet_count":0,"master_deck":["AscendersBane","Defend_B","Defend_B","Zap","Dualcast","Reboot","Ball Lightning","Coolheaded","Defragment","ReplayGash+1","Gash","Genetic Algorithm","Undo","Steam Power","Echo Form+1","Coolheaded","Coolheaded","FTL","Flash of Steel","Defragment+1","All For One","Creative AI","BootSequence+1","Consume","Doubt","ReplayTheSpireMod:Reroute Power","Gash","Thunder Strike","hubris:DuctTapeCard","Parasite"],"relics":["Cracked Core","Meat on the Bone","hubris:CuriousFeather","Membership Card","Boot","Replay:WaspNest","Nunchaku","Mango","hubris:Backtick","Runic Capacitor","FossilizedHelix","Bronze Scales","hubris:Towel","Lantern","Replay:Rubber Ducky","Enchiridion","Turnip","Runic Dome","Toolbox","hubris:TenFootPole","hubris:DuctTape","Ring of Hypnosis","Ring of Fury","hubris:SphereOfDissonance","Lizard Tail","Emotion Chip","Replay:Bottled Snecko","Runesmith:Nanobots"],"acts_visited":["Exordium","TheCity","TheBeyond"],"potions_floor_usage":[],"damage_taken":[{"damage":6.0,"enemies":"2 Louse","floor":1.0,"turns":3.0},{"damage":0.0,"enemies":"Small Slimes","floor":4.0,"turns":3.0},{"damage":35.0,"enemies":"Gremlin Nob","floor":6.0,"turns":4.0},{"damage":13.0,"enemies":"3 Sentries","floor":8.0,"turns":7.0},{"damage":23.0,"enemies":"Lagavulin","floor":11.0,"turns":8.0},{"damage":0.0,"enemies":"Jaw Worm","floor":14.0,"turns":3.0},{"damage":6.0,"enemies":"The Guardian","floor":16.0,"turns":12.0},{"damage":19.0,"enemies":"2 Thieves","floor":18.0,"turns":4.0},{"damage":6.0,"enemies":"Chosen","floor":20.0,"turns":4.0},{"damage":25.0,"enemies":"Gremlin Leader","floor":23.0,"turns":6.0},{"damage":0.0,"enemies":"Centurion and Healer","floor":25.0,"turns":9.0},{"damage":0.0,"enemies":"Snecko","floor":27.0,"turns":7.0},{"damage":0.0,"enemies":"Snake Plant","floor":29.0,"turns":4.0},{"damage":14.0,"enemies":"Slavers","floor":30.0,"turns":2.0},{"damage":0.0,"enemies":"Centurion and Healer","floor":31.0,"turns":5.0},{"damage":19.0,"enemies":"Pondfish","floor":33.0,"turns":7.0},{"damage":0.0,"enemies":"Orb Walker","floor":35.0,"turns":3.0},{"damage":12.0,"enemies":"3 Darklings","floor":39.0,"turns":6.0},{"damage":1.0,"enemies":"Reptomancer","floor":42.0,"turns":6.0},{"damage":0,"enemies":"Writhing Mass","floor":45,"turns":5},{"damage":0,"enemies":"Sphere and 2 Shapes","floor":46,"turns":3},{"damage":0,"enemies":"R_Hoarder","floor":47,"turns":9},{"damage":24,"enemies":"hubris:GrandSnecko","floor":50,"turns":10}],"seed_played":"232198873409674314","potions_obtained":[{"floor":6.0,"key":"Reflective Coating"},{"floor":11.0,"key":"Block Potion"},{"floor":20.0,"key":"Explosive Potion"},{"floor":30.0,"key":"PowerPotion"},{"floor":33.0,"key":"Energy Potion"}],"is_trial":false,"path_per_floor":["M","?","?","M","?","E","R","E","T","?","E","R","?","M","R","B",null,"M","$","M","?","?","E","$","M","T","M","?","M","E","M","R","B",null,"M","$","?","?","M","R","$","E","T","T","M","M","E","?","R","B",null],"character_chosen":"DEFECT","items_purchased":["Meat on the Bone","Reboot","Ball Lightning","Membership Card","Coolheaded","Defragment","FossilizedHelix","Bronze Scales","Flash of Steel","Toolbox","hubris:TenFootPole","Gash","hubris:SphereOfDissonance"],"campfire_rested":1,"item_purchase_floors":[0,0,0,0,0,0,19,19,24,36,36,41,41],"current_hp_per_floor":[36,36,36,36,36,13,34,33,33,56,59,59,59,59,59,53,77,58,58,52,52,52,39,39,51,51,51,30,42,40,52,77,58,78,78,78,64,64,52,52,52,51,51,51,51,51,51,51,51,39],"gold":102,"neow_bonus":"","is_daily":false,"chose_seed":false,"campfire_upgraded":3,"win_rate":0.0,"timestamp":1609454933,"path_taken":["M","?","?","M","?","E","R","E","T","?","E","R","?","M","R","BOSS","M","$","M","?","?","E","$","M","T","M","?","M","E","M","R","BOSS","M","$","?","?","M","R","$","E","T","?","?","M","E","?","R","BOSS"],"items_purchased_type":["Relic","Card","Card","Relic","Card","Card","Relic","Relic","Card","Relic","Relic","Card","Relic"],"build_version":"2020-12-22","purchased_purges":3,"victory":true,"max_hp_per_floor":[71,71,71,71,71,71,71,71,71,71,85,85,85,85,85,85,85,85,85,85,85,85,85,85,85,85,85,85,85,85,85,85,85,85,85,85,85,85,85,85,85,85,85,85,85,85,85,81,81,81],"card_choices":[{"not_picked":["Compile Driver","Redo","Beam Cell"],"picked":"SKIP","floor":1.0},{"not_picked":["Fusion","Turbo"],"picked":"Gash","floor":4.0},{"not_picked":["Compile Driver","Lockon","FTL"],"picked":"SKIP","floor":6.0},{"not_picked":["Conserve Battery","Steam Power"],"picked":"Genetic Algorithm","floor":8.0},{"not_picked":["ReplayTheSpireMod:System Scan","Hologram"],"picked":"Undo","floor":11.0},{"not_picked":["Melter","Reinforced Body"],"picked":"Steam Power","floor":14.0},{"not_picked":["Creative AI","hubris:Prefetch"],"picked":"Echo Form","floor":16.0},{"not_picked":["Beam Cell+1","Sweeping Beam"],"picked":"Coolheaded","floor":18.0},{"not_picked":["BasicCrystalCard","Leap"],"picked":"Coolheaded","floor":20.0},{"not_picked":["Ball Lightning","FIFO Queue"],"picked":"ReplayTheSpireMod:Calculation Training","floor":23.0},{"not_picked":["Go for the Eyes","Hello World"],"picked":"Defragment","floor":25.0},{"not_picked":["Streamline","Genetic Algorithm","Compile Driver"],"picked":"SKIP","floor":27.0},{"not_picked":["Force Field","Ball Lightning","hubris:Ukulele"],"picked":"SKIP","floor":29.0},{"not_picked":["Barrage","Streamline"],"picked":"All For One","floor":30.0},{"not_picked":["Force Field","Reprogram"],"picked":"ReplayTheSpireMod:Calculation Training","floor":31.0},{"not_picked":["Core Surge","Mirror Shield"],"picked":"Creative AI","floor":33.0},{"not_picked":["Coolheaded","Steam","Cold Snap"],"picked":"SKIP","floor":35.0},{"not_picked":["Recycle","Double Energy"],"picked":"BootSequence+1","floor":37.0},{"not_picked":["Sweeping Beam","Lockon"],"picked":"Consume","floor":37.0},{"not_picked":["BootSequence","Skim","ReplayTheSpireMod:Reroute Power"],"picked":"SKIP","floor":39.0},{"not_picked":["BootSequence","Skim"],"picked":"ReplayTheSpireMod:Reroute Power","floor":39.0},{"not_picked":["Aggregate","Ball Lightning"],"picked":"Thunder Strike","floor":42.0},{"not_picked":["Sweeping Beam","Darkness","Beam Cell+1"],"picked":"SKIP","floor":45},{"not_picked":["Steam+1","Go for the Eyes","Scrape"],"picked":"SKIP","floor":46},{"not_picked":["Steam+1","Streamline","Cold Snap"],"picked":"SKIP","floor":47}],"player_experience":669759,"relics_obtained":[{"floor":6.0,"key":"Boot"},{"floor":8.0,"key":"Replay:WaspNest"},{"floor":9.0,"key":"Nunchaku"},{"floor":11.0,"key":"Mango"},{"floor":23.0,"key":"Lantern"},{"floor":26.0,"key":"Replay:Rubber Ducky"},{"floor":28.0,"key":"Enchiridion"},{"floor":30.0,"key":"Turnip"},{"floor":37.0,"key":"hubris:DuctTape"},{"floor":38.0,"key":"Ring of Hypnosis"},{"floor":38.0,"key":"Ring of Fury"},{"floor":42.0,"key":"Lizard Tail"},{"floor":43.0,"key":"Emotion Chip"},{"floor":44,"key":"Replay:Bottled Snecko"},{"floor":47,"key":"Runesmith:Nanobots"}],"event_choices":[{"cards_removed":["Strike_B"],"damage_healed":0.0,"max_hp_gain":0.0,"max_hp_loss":0.0,"gold_gain":0.0,"event_name":"The Cleric","player_choice":"Card Removal","floor":2.0,"gold_loss":75.0,"damage_taken":0.0},{"damage_healed":0.0,"max_hp_gain":0.0,"max_hp_loss":0.0,"gold_gain":0.0,"event_name":"Golden Idol","player_choice":"Ignored","floor":5.0,"gold_loss":0.0,"damage_taken":0.0},{"damage_healed":23.0,"max_hp_gain":0.0,"max_hp_loss":0.0,"gold_gain":0.0,"event_name":"Big Fish","player_choice":"Banana","floor":10.0,"gold_loss":0.0,"damage_taken":0.0},{"damage_healed":0.0,"max_hp_gain":0.0,"max_hp_loss":0.0,"gold_gain":0.0,"event_name":"The Library","player_choice":"Read","floor":21.0,"gold_loss":0.0,"damage_taken":0.0,"cards_obtained":["FTL"]},{"damage_healed":0.0,"max_hp_gain":0.0,"max_hp_loss":0.0,"gold_gain":0.0,"event_name":"Cursed Tome","player_choice":"Obtained Book","floor":28.0,"gold_loss":0.0,"damage_taken":21.0},{"damage_healed":0,"gold_gain":0,"player_choice":"Max HP","damage_taken":0,"max_hp_gain":0,"max_hp_loss":4,"event_name":"Winding Halls","floor":48,"gold_loss":0}],"is_beta":false,"boss_relics":[{"not_picked":["Replay:Bronze Core","Coffee Dripper"],"picked":"hubris:Backtick"},{"not_picked":["Pandora\u0027s Box","Runic Pyramid"],"picked":"Runic Dome"}],"items_purged_floors":[0,19,36],"is_endless":false,"potions_floor_spawned":[6,11,16,20,23,30,31,33,42,45,46],"ascension_level":15}}