{"host":"46dxij13gllk3u9t","time":1609435816,"event":{"mods":["BaseMod","Beaked The Cultist","Better Note","BetterRewards","Colored Powertips","Custom Start","Minty Spire (QoL Compilation)","Relic Sorter","Shop Mod","StSLib","The IronCluck","slay the spire mod where everything is the same but ironclad has a cowboy hat"],"gold_per_floor":[113,113,113,133,133,164,183,204,204,217,261,261,292,311,311,311,311],"floor_reached":16,"playtime":1343,"items_purged":[],"score":122,"play_id":"3659de62-e889-44a5-9d18-7530428566d3","local_time":"20201231123016","is_ascension_mode":false,"campfire_choices":[{"data":"beaked:StickSmack","floor":12.0,"key":"SMITH"},{"data":"beaked:SacrificialDive","floor":15,"key":"SMITH"}],"circlet_count":0,"master_deck":["beaked:Strike_Y+1","beaked:Strike_Y","beaked:Strike_Y","beaked:Strike_Y","beaked:Strike_Y","beaked:Defend_Y","beaked:Defend_Y","beaked:Defend_Y","beaked:Defend_Y","beaked:Ceremony","beaked:Ceremony","beaked:Poke+1","beaked:WarriorEssence","beaked:SacrificialDive+1","beaked:StickSmack+1","beaked:Poke+1","beaked:WarriorEssence+1","beaked:Cower","beaked:CursingBlood"],"relics":["beaked:MendingPlumage","Golden Idol","White Beast Statue","Molten Egg 2","Strawberry","Girya"],"acts_visited":["Exordium"],"potions_floor_usage":[13,14,14,16],"damage_taken":[{"damage":3.0,"enemies":"Jaw Worm","floor":1.0,"turns":5.0},{"damage":4.0,"enemies":"Small Slimes","floor":4.0,"turns":7.0},{"damage":32.0,"enemies":"Lagavulin","floor":6.0,"turns":8.0},{"damage":4.0,"enemies":"2 Louse","floor":7.0,"turns":3.0},{"damage":46.0,"enemies":"Lots of Slimes","floor":8.0,"turns":15.0},{"damage":16.0,"enemies":"Blue Slaver","floor":10.0,"turns":8.0},{"damage":37.0,"enemies":"Gremlin Nob","floor":11.0,"turns":5.0},{"damage":30,"enemies":"3 Sentries","floor":13,"turns":7},{"damage":17,"enemies":"3 Louse","floor":14,"turns":8},{"damage":38,"enemies":"The Guardian","floor":16,"turns":5}],"seed_played":"-2179021329666163216","potions_obtained":[{"floor":6.0,"key":"PowerPotion"},{"floor":7.0,"key":"beaked:MendingBrew"},{"floor":8.0,"key":"Explosive Potion"},{"floor":13,"key":"Block Potion"},{"floor":14,"key":"LiquidMemories"}],"is_trial":false,"path_per_floor":["M","?","?","M","?","E","M","M","T","M","E","R","E","M","R","B"],"character_chosen":"BEAKED_THE_CULTIST","items_purchased":[],"campfire_rested":0,"item_purchase_floors":[],"current_hp_per_floor":[45,34,25,41,45,25,27,23,23,32,18,18,9,17,17,0,0],"gold":311,"neow_bonus":"REMOVE_TWO","is_daily":false,"chose_seed":false,"campfire_upgraded":2,"win_rate":0.0,"timestamp":1609435816,"path_taken":["M","?","?","M","?","E","M","M","T","M","E","R","E","M","R","BOSS"],"items_purchased_type":[],"build_version":"2020-12-22","purchased_purges":0,"victory":false,"max_hp_per_floor":[45,45,45,45,45,45,45,45,45,45,52,52,52,52,52,52,52],"card_choices":[{"not_picked":["beaked:DigDeep","beaked:Tweet"],"picked":"beaked:Poke","floor":1.0},{"not_picked":["beaked:StunningBlow","beaked:Brainwash"],"picked":"beaked:WarriorEssence","floor":4.0},{"not_picked":["beaked:Redirect","beaked:Hexing"],"picked":"beaked:SacrificialDive","floor":6.0},{"not_picked":["beaked:SurvivalInstinct","beaked:FeelMyPain"],"picked":"beaked:StickSmack","floor":7.0},{"not_picked":["beaked:RuinSticks","beaked:StunningBlow","beaked:Poke"],"picked":"SKIP","floor":8.0},{"not_picked":["beaked:Negation","beaked:Cower"],"picked":"beaked:Poke+1","floor":10.0},{"not_picked":["beaked:Caw+1","beaked:Resilience"],"picked":"beaked:WarriorEssence+1","floor":11.0},{"not_picked":["beaked:Resilience","beaked:Tweet"],"picked":"beaked:Cower","floor":13},{"not_picked":["beaked:Recite","beaked:WarriorSpirit"],"picked":"beaked:CursingBlood","floor":14}],"player_experience":358633,"relics_obtained":[{"floor":6.0,"key":"White Beast Statue"},{"floor":9.0,"key":"Molten Egg 2"},{"floor":11.0,"key":"Strawberry"},{"floor":13,"key":"Girya"}],"event_choices":[{"damage_healed":0.0,"max_hp_gain":0.0,"max_hp_loss":0.0,"gold_gain":0.0,"event_name":"Golden Idol","player_choice":"Take Damage","floor":2.0,"gold_loss":0.0,"damage_taken":11.0,"relics_obtained":["Golden Idol"]},{"damage_healed":0.0,"max_hp_gain":0.0,"max_hp_loss":0.0,"gold_gain":0.0,"event_name":"Shining Light","player_choice":"Entered Light","floor":3.0,"gold_loss":0.0,"damage_taken":9.0,"cards_upgraded":["beaked:Poke","beaked:Strike_Y"]},{"damage_healed":4.0,"max_hp_gain":0.0,"max_hp_loss":0.0,"gold_gain":0.0,"event_name":"Wheel of Change","player_choice":"Full Heal","floor":5.0,"gold_loss":0.0,"damage_taken":0.0}],"is_beta":false,"boss_relics":[],"items_purged_floors":[],"is_endless":false,"potions_floor_spawned":[6,7,8,10,11,13,14],"killed_by":"The Guardian","ascension_level":0}}