{"host":"8fjsnt81u6xsmhji","time":1609407860,"event":{"mods":["BaseMod","Beaked The Cultist","Colored Powertips","Downfall","Glutton Mod","Hermit","Minty Spire (QoL Compilation)","Quick Restart","StSLib","The Bug Knight","The Forsaken","The Hierophant"],"gold_per_floor":[99,115,134,144,160,335,383,397,429,459,456,318,330,357,386,398,398],"floor_reached":16,"playtime":688,"items_purged":[],"score":106,"play_id":"28047477-017f-4a3b-813b-3932006342eb","local_time":"20201231034420","is_ascension_mode":false,"campfire_choices":[{"floor":1,"key":"RECALL"},{"floor":12,"key":"REST"}],"circlet_count":0,"master_deck":["HollowMod:NailStrikeStart","HollowMod:NailStrikeStart","HollowMod:NailStrikeStart","HollowMod:NailStrikeStart","HollowMod:QuickDashStart","HollowMod:QuickDashStart","HollowMod:QuickDashStart","HollowMod:QuickDashStart","HollowMod:FocusHealStart","HollowMod:PogoStrike","HollowMod:AbyssShriek","HollowMod:CloakDash","HollowMod:MantisMark","Doubt","HollowMod:HornetsHelp","HollowMod:DescendingDark","HollowMod:WraithStrike","HollowMod:VengefulVoid","HollowMod:LifebloodCocoon"],"relics":["HollowMod:VesselMask","MawBank","downfall:HeartBlessingRed","downfall:HeartBlessingBlue","SsserpentHead"],"acts_visited":["Exordium"],"potions_floor_usage":[10,16,16],"damage_taken":[{"damage":5,"enemies":"Cultist","floor":2,"turns":4},{"damage":6,"enemies":"2 Louse","floor":3,"turns":3},{"damage":10,"enemies":"Small Slimes","floor":4,"turns":4},{"damage":1,"enemies":"2 Fungi Beasts","floor":5,"turns":3},{"damage":18,"enemies":"Gremlin Gang","floor":8,"turns":4},{"damage":36,"enemies":"Gremlin Nob","floor":9,"turns":5},{"damage":0,"enemies":"Exordium Wildlife","floor":10,"turns":2},{"damage":0,"enemies":"downfall:FleeingMerchant","floor":11,"turns":4},{"damage":2,"enemies":"2 Fungi Beasts","floor":14,"turns":3},{"damage":0,"enemies":"Lots of Slimes","floor":15,"turns":1},{"damage":45,"enemies":"downfall:Silent","floor":16,"turns":8}],"seed_played":"3256244009508961645","potions_obtained":[{"floor":2,"key":"GamblersBrew"},{"floor":9,"key":"Energy Potion"},{"floor":10,"key":"PowerPotion"},{"floor":14,"key":"SpeedPotion"},{"floor":15,"key":"FearPotion"}],"is_trial":true,"path_per_floor":["R","M","M","M","M","?","T","M","E","M","$","R","?","M","M","B"],"character_chosen":"THE_BUGKNIGHT","items_purchased":[],"campfire_rested":1,"item_purchase_floors":[],"current_hp_per_floor":[75,70,70,66,71,71,71,53,23,23,23,55,55,53,53,8,8],"gold":398,"neow_bonus":"","is_daily":false,"chose_seed":false,"campfire_upgraded":0,"win_rate":0.0,"timestamp":1609407860,"path_taken":["R","M","M","?","M","?","T","M","E","M","$","R","?","M","M","BOSS"],"items_purchased_type":[],"build_version":"2020-12-22","purchased_purges":0,"victory":false,"max_hp_per_floor":[75,75,75,75,75,75,75,75,75,75,75,85,85,85,85,85,85],"card_choices":[{"not_picked":["HollowMod:SharpenedNail","HollowMod:SoulSplash"],"picked":"HollowMod:AbyssShriek","floor":2},{"not_picked":["HollowMod:NewJinnsSoul","HollowMod:ShadowDash"],"picked":"HollowMod:CloakDash","floor":3},{"not_picked":["HollowMod:ChannelNail","HollowMod:LifebloodCocoon"],"picked":"HollowMod:MantisMark","floor":4},{"not_picked":["HollowMod:SoulSplash","HollowMod:RecoilStrike","HollowMod:ShapeofUnn"],"picked":"SKIP","floor":5},{"not_picked":["HollowMod:MawleksShell","HollowMod:TaintedHusks"],"picked":"HollowMod:HornetsHelp","floor":8},{"not_picked":["HollowMod:HeavyBlow","HollowMod:FastStrike","HollowMod:CornifersMapStart"],"picked":"SKIP","floor":9},{"not_picked":["HollowMod:ShadowDash","HollowMod:SoulShaman"],"picked":"HollowMod:DescendingDark","floor":10},{"not_picked":["HollowMod:HowlingWraiths","HollowMod:ZotesMagnificence"],"picked":"HollowMod:WraithStrike","floor":11},{"not_picked":["HollowMod:LuriensSpire","HollowMod:NewJinnsSoul"],"picked":"HollowMod:VengefulVoid","floor":14},{"not_picked":["HollowMod:GreatSlash","HollowMod:NewLittleFool"],"picked":"HollowMod:LifebloodCocoon","floor":15}],"player_experience":644314,"relics_obtained":[{"floor":9,"key":"MawBank"}],"event_choices":[{"damage_healed":0,"gold_gain":0,"player_choice":"Trade","damage_taken":0,"relics_obtained":["SsserpentHead"],"max_hp_gain":0,"max_hp_loss":0,"event_name":"FaceTrader","floor":13,"gold_loss":0}],"is_beta":false,"boss_relics":[],"items_purged_floors":[],"is_endless":false,"potions_floor_spawned":[2,9,10,14,15],"killed_by":"downfall:Silent","ascension_level":0}}