{"host":"a5zr8hf2yymwt50u","time":1609440465,"event":{"mods":["BaseMod","Colored Map","Minty Spire (QoL Compilation)","StSLib"],"gold_per_floor":[10,10,30,30,30,30,30,43,43,43,76,50,125,13,13,117,117,133,133,133,147,159,159,175,21,21,55,55,69,81,81,81,176,176,189,27,27,27,27,27,56,56,82,101,132,132,151,501,501,501],"floor_reached":51,"playtime":2777,"items_purged":["Strike_G","Strike_G","Strike_G"],"score":993,"play_id":"cd1f4463-90b8-4d0d-9e98-f4968d3f677c","local_time":"20210101034745","is_ascension_mode":true,"campfire_choices":[{"data":"Neutralize","floor":6.0,"key":"SMITH"},{"data":"Tactician","floor":10.0,"key":"SMITH"},{"data":"Survivor","floor":15.0,"key":"SMITH"},{"data":"After Image","floor":23,"key":"SMITH"},{"data":"Acrobatics","floor":28,"key":"SMITH"},{"data":"Eviscerate","floor":32,"key":"SMITH"},{"data":"Riddle With Holes","floor":40,"key":"SMITH"},{"data":"Secret Technique","floor":42,"key":"SMITH"},{"data":"Expertise","floor":46,"key":"SMITH"},{"data":"Underhanded Strike","floor":49,"key":"SMITH"}],"circlet_count":0,"master_deck":["Strike_G","Defend_G","Defend_G","Survivor+1","Neutralize+1","Underhanded Strike+1","Tactician+1","Acrobatics+1","Riddle With Holes+1","After Image+1","Dagger Throw+1","Eviscerate+1","Dagger Spray+1","Underhanded Strike+1","Prepared","Dagger Throw+1","Sucker Punch+1","Die Die Die+1","Distraction+1","Expertise+1","Secret Technique+1","Quick Slash+1","Dagger Throw+1"],"relics":["Ring of the Snake","Eternal Feather","White Beast Statue","Singing Bowl","Philosopher\u0027s Stone","Molten Egg 2","Lizard Tail","SlaversCollar","Toy Ornithopter","Akabeko","MealTicket","Old Coin"],"acts_visited":["Exordium","TheCity","TheBeyond"],"potions_floor_usage":[22,27,27,30,33,35,35,45,47,47,50,50],"damage_taken":[{"damage":1.0,"enemies":"Jaw Worm","floor":1.0,"turns":4.0},{"damage":0.0,"enemies":"Cultist","floor":3.0,"turns":4.0},{"damage":1.0,"enemies":"Small Slimes","floor":8.0,"turns":4.0},{"damage":33.0,"enemies":"3 Sentries","floor":11.0,"turns":12.0},{"damage":22.0,"enemies":"The Guardian","floor":16.0,"turns":13.0},{"damage":0.0,"enemies":"Spheric Guardian","floor":18.0,"turns":3.0},{"damage":9.0,"enemies":"2 Thieves","floor":21.0,"turns":3.0},{"damage":2,"enemies":"Centurion and Healer","floor":22,"turns":4},{"damage":17,"enemies":"Shelled Parasite and Fungi","floor":24,"turns":3},{"damage":12,"enemies":"Book of Stabbing","floor":27,"turns":5},{"damage":3,"enemies":"Snake Plant","floor":29,"turns":2},{"damage":10,"enemies":"Cultist and Chosen","floor":30,"turns":3},{"damage":27,"enemies":"Champ","floor":33,"turns":7},{"damage":11,"enemies":"3 Shapes","floor":35,"turns":2},{"damage":0,"enemies":"Giant Head","floor":41,"turns":4},{"damage":0,"enemies":"Orb Walker","floor":44,"turns":2},{"damage":0,"enemies":"Reptomancer","floor":45,"turns":2},{"damage":3,"enemies":"Jaw Worm Horde","floor":47,"turns":2},{"damage":0,"enemies":"Mind Bloom Boss Battle","floor":48,"turns":2},{"damage":50,"enemies":"Time Eater","floor":50,"turns":6}],"seed_played":"-8953909102140974898","potions_obtained":[{"floor":1.0,"key":"Block Potion"},{"floor":11.0,"key":"LiquidMemories"},{"floor":16.0,"key":"DuplicationPotion"},{"floor":18.0,"key":"BlessingOfTheForge"},{"floor":21.0,"key":"Fire Potion"},{"floor":22,"key":"CultistPotion"},{"floor":24,"key":"GhostInAJar"},{"floor":27,"key":"Explosive Potion"},{"floor":29,"key":"ColorlessPotion"},{"floor":30,"key":"Block Potion"},{"floor":33,"key":"LiquidBronze"},{"floor":35,"key":"Block Potion"},{"floor":41,"key":"DistilledChaos"},{"floor":44,"key":"SneckoOil"},{"floor":45,"key":"Block Potion"},{"floor":47,"key":"CultistPotion"},{"floor":48,"key":"DistilledChaos"}],"is_trial":false,"path_per_floor":["M","?","M","?","?","R","?","M","T","R","E","$","?","$","R","B",null,"M","?","?","M","M","R","M","$","T","E","R","M","M","?","R","B",null,"M","$","?","?","?","R","E","R","T","M","E","R","M","?","R","B",null],"character_chosen":"THE_SILENT","items_purchased":["Acrobatics","Riddle With Holes","Prepared","Expertise"],"campfire_rested":0,"item_purchase_floors":[12,14,25,36],"current_hp_per_floor":[69,69,69,69,66,70,70,69,69,70,39,39,28,28,34,12,72,72,59,59,52,50,59,42,42,42,30,39,38,28,28,37,10,81,70,70,70,70,70,81,83,83,83,83,85,85,87,87,87,42],"gold":501,"neow_bonus":"REMOVE_TWO","is_daily":false,"chose_seed":false,"campfire_upgraded":10,"win_rate":0.0,"timestamp":1609440465,"path_taken":["M","?","?","?","?","R","?","M","T","R","E","?","?","$","R","BOSS","M","?","?","M","M","R","M","$","T","E","R","M","M","?","R","BOSS","M","$","?","?","?","R","E","R","T","?","E","R","M","?","R","BOSS"],"items_purchased_type":["Card","Card","Card","Card"],"build_version":"2020-12-22","purchased_purges":3,"victory":true,"max_hp_per_floor":[70,70,70,70,70,70,70,70,70,70,72,72,72,72,72,72,72,72,77,77,79,79,79,79,79,79,79,79,81,81,81,81,81,81,81,81,81,81,81,81,83,83,83,83,85,85,87,87,87,87],"card_choices":[{"not_picked":["Predator","PiercingWail"],"picked":"Underhanded Strike","floor":1.0},{"not_picked":["Bane","Blade Dance"],"picked":"PiercingWail","floor":3.0},{"not_picked":["Blade Dance","Predator"],"picked":"Tactician","floor":8.0},{"not_picked":["Cloak And Dagger","Poisoned Stab","Blade Dance"],"picked":"Singing Bowl","floor":11.0},{"not_picked":["Burst","Night Terror"],"picked":"After Image","floor":16.0},{"not_picked":["Sucker Punch+1","Backflip+1"],"picked":"Dagger Throw+1","floor":18.0},{"not_picked":["Accuracy","Footwork","Leg Sweep"],"picked":"Singing Bowl","floor":21.0},{"not_picked":["Setup","Deflect"],"picked":"Dagger Spray+1","floor":22},{"not_picked":["Catalyst","Corpse Explosion"],"picked":"Underhanded Strike+1","floor":24},{"not_picked":["Caltrops","Catalyst"],"picked":"Dagger Throw+1","floor":27},{"not_picked":["Escape Plan","Poisoned Stab+1","Concentrate"],"picked":"Singing Bowl","floor":29},{"not_picked":["Blade Dance","PiercingWail"],"picked":"Sucker Punch+1","floor":30},{"not_picked":["Venomology","Doppelganger"],"picked":"Die Die Die+1","floor":33},{"not_picked":["Cloak And Dagger+1","Blade Dance+1"],"picked":"Distraction+1","floor":35},{"not_picked":["Good Instincts","Finesse"],"picked":"Secret Technique","floor":38},{"not_picked":["Noxious Fumes","Dodge and Roll","Infinite Blades+1"],"picked":"Singing Bowl","floor":41},{"not_picked":["Bane+1","Well Laid Plans"],"picked":"Quick Slash+1","floor":44},{"not_picked":["Cloak And Dagger+1","Catalyst+1","Prepared"],"picked":"Singing Bowl","floor":45},{"not_picked":["Deadly Poison+1","Dodge and Roll+1","Backstab+1"],"picked":"Singing Bowl","floor":47},{"not_picked":["Cloak And Dagger","Noxious Fumes"],"picked":"Dagger Throw+1","floor":48}],"player_experience":236250,"relics_obtained":[{"floor":9.0,"key":"White Beast Statue"},{"floor":11.0,"key":"Singing Bowl"},{"floor":26,"key":"Molten Egg 2"},{"floor":27,"key":"Lizard Tail"},{"floor":41,"key":"Toy Ornithopter"},{"floor":43,"key":"Akabeko"},{"floor":45,"key":"MealTicket"},{"floor":48,"key":"Old Coin"}],"event_choices":[{"cards_removed":["Strike_G"],"damage_healed":0.0,"max_hp_gain":0.0,"max_hp_loss":0.0,"gold_gain":0.0,"event_name":"Purifier","player_choice":"Purged","floor":2.0,"gold_loss":0.0,"damage_taken":0.0},{"damage_healed":0.0,"max_hp_gain":0.0,"max_hp_loss":0.0,"gold_gain":0.0,"event_name":"Liars Game","player_choice":"Ignored","floor":4.0,"gold_loss":0.0,"damage_taken":0.0},{"damage_healed":0.0,"max_hp_gain":0.0,"max_hp_loss":0.0,"gold_gain":0.0,"event_name":"Scrap Ooze","player_choice":"Success","floor":5.0,"gold_loss":0.0,"damage_taken":3.0,"relics_obtained":["Eternal Feather"]},{"cards_removed":["Defend_G"],"damage_healed":0.0,"max_hp_gain":0.0,"max_hp_loss":0.0,"gold_gain":0.0,"event_name":"Living Wall","player_choice":"Forget","floor":7.0,"gold_loss":0.0,"damage_taken":0.0},{"damage_healed":0.0,"max_hp_gain":0.0,"max_hp_loss":0.0,"gold_gain":75.0,"event_name":"World of Goop","player_choice":"Gather Gold","floor":13.0,"gold_loss":0.0,"damage_taken":11.0},{"damage_healed":0.0,"max_hp_gain":5.0,"max_hp_loss":0.0,"gold_gain":0.0,"event_name":"Forgotten Altar","player_choice":"Shed Blood","floor":19.0,"gold_loss":0.0,"damage_taken":18.0},{"damage_healed":0.0,"max_hp_gain":0.0,"max_hp_loss":0.0,"gold_gain":0.0,"event_name":"The Library","player_choice":"Read","floor":20.0,"gold_loss":0.0,"damage_taken":0.0,"cards_obtained":["Eviscerate"]},{"damage_healed":0,"gold_gain":0,"player_choice":"Got Potions","damage_taken":0,"max_hp_gain":0,"max_hp_loss":0,"event_name":"Lab","floor":31,"gold_loss":0},{"cards_removed":["PiercingWail"],"damage_healed":0,"gold_gain":0,"player_choice":"Removed Skill","damage_taken":0,"max_hp_gain":0,"max_hp_loss":0,"event_name":"Falling","floor":37,"gold_loss":0},{"damage_healed":0,"gold_gain":0,"player_choice":"Memory 1","damage_taken":0,"max_hp_gain":0,"max_hp_loss":0,"event_name":"SensoryStone","floor":38,"gold_loss":0},{"damage_healed":0,"gold_gain":0,"player_choice":"Ignored","damage_taken":0,"max_hp_gain":0,"max_hp_loss":0,"event_name":"Mysterious Sphere","floor":39,"gold_loss":0},{"damage_healed":0,"gold_gain":0,"player_choice":"Fight","damage_taken":0,"max_hp_gain":0,"max_hp_loss":0,"event_name":"MindBloom","floor":48,"gold_loss":0}],"is_beta":false,"boss_relics":[{"not_picked":["Black Star","Fusion Hammer"],"picked":"Philosopher\u0027s Stone"},{"not_picked":["Astrolabe","Cursed Key"],"picked":"SlaversCollar"}],"items_purged_floors":[14,25,36],"is_endless":false,"potions_floor_spawned":[1,11,16,18,21,22,24,27,29,30,33,35,41,44,45,47,48],"ascension_level":4}}