{"host":"kiauivt48syq9iz6","time":1609436711,"event":{"mods":["BaseMod","Conspire","Downfall","Hermit","Minty Spire (QoL Compilation)","Replay The Spire","SIMod","StSLib","The Animator","The Construct","The Cursed","The Runesmith","The Servant 0.9.4"],"gold_per_floor":[115,133,208,16,29,29,29,29,56,89,103,103,129,129,129,232,232,251,263,263,213,213,213,19,19,45,45,45,45,72,89,89,215,215,231,248,348,11,11,55,36,36,86,86,117,134,169,207,207,239],"floor_reached":51,"playtime":1921,"items_purged":["Strike_R"],"score":661,"play_id":"97aa35fa-eeb4-495f-b347-21c8c0344ed2","local_time":"20201231104511","is_ascension_mode":false,"campfire_choices":[{"data":"Demon Form","floor":6.0,"key":"SMITH"},{"data":"Entrench","floor":8.0,"key":"SMITH"},{"data":"Replay:SS_fish_2","floor":12.0,"key":"SMITH"},{"floor":23.0,"key":"REST"},{"data":"conspire:SpireCoStock","floor":25.0,"key":"SMITH"},{"data":"Armaments","floor":27,"key":"SMITH"},{"floor":32,"key":"REST"},{"floor":42,"key":"REST"},{"data":"Demon Form","floor":44,"key":"SMITH"},{"data":"Demon Form","floor":49,"key":"SMITH"}],"circlet_count":0,"master_deck":["Defend_R","Defend_R","Defend_R","Bash","Rage+1","Iron Wave","Flame Barrier","Replay:SS_fish_2+1","Twin Strike","Carnage","Entrench+1","Demon Form+1","Armaments+1","Feel No Pain","Fire Breathing","Hemokinesis+1","Berserk","Fiend Fire+1","Ghostly Armor+1","Cleave+1","Life Link","Flame Barrier","conspire:SpireCoStock+1","Demon Form+1","Sword Boomerang","Bite","Bite","Bite+1","Bite","Bite","Warcry","Seeing Red+1","Demon Form+1","Shockwave+1","Metallicize","Whirlwind","ReplayReversal","Shame","Replay:SS_fish_3","Metallicize","Run Through+1","Metallicize","Demon Form+1"],"relics":["Burning Blood","BargainBundle","Matryoshka","Gremlin Food","Runesmith:AutoHammer","Centennial Puzzle","Happy Flower","Question Card","Astrolabe","Ring of Fury","Enchiridion","DollysMirror","MealTicket","Toy Ornithopter","Painkiller Herb","Lee\u0027s Waffle","Replay:Baseball","ReplayTheSpireMod:CursedCoin","Pet Ghost","Quantum Egg"],"acts_visited":["Exordium","TheCity","TheBeyond"],"potions_floor_usage":[33,33,33,38,40,48],"damage_taken":[{"damage":10.0,"enemies":"Jaw Worm","floor":1.0,"turns":4.0},{"damage":7.0,"enemies":"Small Slimes","floor":2.0,"turns":5.0},{"damage":0.0,"enemies":"Cultist","floor":5.0,"turns":3.0},{"damage":14.0,"enemies":"3 Sentries","floor":10.0,"turns":9.0},{"damage":0.0,"enemies":"Looter","floor":11.0,"turns":5.0},{"damage":9.0,"enemies":"Gremlin Nob","floor":13.0,"turns":4.0},{"damage":14.0,"enemies":"Slime Boss","floor":16.0,"turns":9.0},{"damage":32.0,"enemies":"conspire:FuzzyDice","floor":18.0,"turns":7.0},{"damage":10.0,"enemies":"3 Byrds","floor":19.0,"turns":6.0},{"damage":13,"enemies":"Snecko","floor":30,"turns":6},{"damage":36,"enemies":"Sentry and Sphere","floor":31,"turns":7},{"damage":100,"enemies":"Automaton","floor":33,"turns":12},{"damage":0,"enemies":"Orb Walker","floor":35,"turns":2},{"damage":20,"enemies":"3 Shapes","floor":36,"turns":4},{"damage":46,"enemies":"Reptomancer","floor":40,"turns":4},{"damage":17,"enemies":"Writhing Mass","floor":45,"turns":8},{"damage":36,"enemies":"3 Darklings","floor":46,"turns":6},{"damage":45,"enemies":"Sphere and 2 Shapes","floor":47,"turns":6},{"damage":14,"enemies":"R_Hoarder","floor":48,"turns":9},{"damage":44,"enemies":"Replay:Hell Engine","floor":50,"turns":7}],"seed_played":"7178235286518530480","potions_obtained":[{"floor":2.0,"key":"AttackPotion"},{"floor":13.0,"key":"champ:CounterPotion"},{"floor":18.0,"key":"champ:CounterPotion"},{"floor":30,"key":"BlessingOfTheForge"},{"floor":33,"key":"BlessingOfTheForge"},{"floor":35,"key":"Adrenaline Potion"},{"floor":46,"key":"Elixir"},{"floor":47,"key":"Elixir"}],"is_trial":false,"path_per_floor":["M","M","?","$","M","R","T","R","T","E","M","R","E","?","R","B",null,"M","M","?","?","?","R","$","R","T","R","$","?","M","M","R","B",null,"?","?","?","T","T","E","T","T","T","T","?","?","?","E","T","B",null],"character_chosen":"IRONCLAD","items_purchased":["BargainBundle","Flame Barrier","Replay:SS_fish_2","Twin Strike","Carnage","Entrench","Venom Potion","PowerPotion","DollysMirror","Sword Boomerang","Whirlwind","Fruit Juice","Lee\u0027s Waffle","ReplayTheSpireMod:CursedCoin","Replay:SS_fish_3","Metallicize"],"campfire_rested":3,"item_purchase_floors":[4,4,4,4,4,4,4,4,24,24,38,38,38,41,41,41],"current_hp_per_floor":[84,83,75,75,88,88,88,88,88,88,88,88,85,85,85,88,88,76,84,84,84,68,88,88,88,88,88,88,61,61,37,55,14,61,61,61,61,73,73,39,54,73,73,73,70,63,40,63,63,29],"gold":239,"neow_bonus":"TEN_PERCENT_HP_BONUS","is_daily":false,"chose_seed":false,"campfire_upgraded":7,"win_rate":0.0,"timestamp":1609436711,"path_taken":["M","M","?","?","M","R","?","R","T","E","M","R","E","?","R","BOSS","M","M","?","?","?","R","$","R","T","R","$","?","M","?","R","BOSS","?","?","?","?","T","E","T","T","T","T","?","?","?","E","T","BOSS"],"items_purchased_type":["Relic","Card","Card","Card","Card","Card","Potion","Potion","Relic","Card","Card","Potion","Relic","Relic","Card","Card"],"build_version":"2020-12-22","purchased_purges":1,"victory":true,"max_hp_per_floor":[88,88,88,88,88,88,88,88,88,88,88,88,88,88,88,88,88,88,88,88,88,88,88,88,88,88,88,88,61,61,61,61,61,61,61,61,61,73,73,73,73,73,73,73,73,73,73,73,73,73],"card_choices":[{"not_picked":["Flex","True Grit"],"picked":"Rage","floor":1.0},{"not_picked":["True Grit","ReplayTheSpireMod:LeadingStrike"],"picked":"Iron Wave","floor":2.0},{"not_picked":["Pommel Strike","Perfected Strike"],"picked":"Demon Form","floor":5.0},{"not_picked":["Metallicize","Intimidate"],"picked":"Armaments","floor":10.0},{"not_picked":["True Grit","Flex"],"picked":"Feel No Pain","floor":11.0},{"not_picked":["Intimidate","Perfected Strike"],"picked":"Fire Breathing","floor":13.0},{"not_picked":["conspire:HitWhereItHurts","Brutality","Hemogenesis"],"picked":"Berserk","floor":16.0},{"not_picked":["Sword Boomerang","Second Wind","Clash"],"picked":"Life Link","floor":18.0},{"not_picked":["Body Slam","Sever Soul","ReplayTheSpireMod:Corrosion Curse"],"picked":"Flame Barrier","floor":19.0},{"not_picked":["Entrench","Perfected Strike","Pommel Strike+1"],"picked":"Warcry","floor":30},{"not_picked":["Shrug It Off","Anger","Demon Form"],"picked":"Seeing Red+1","floor":31},{"not_picked":["Eclipse","Hemogenesis","Juggernaut"],"picked":"Demon Form","floor":33},{"not_picked":["Perfected Strike+1","Body Slam","Iron Wave"],"picked":"Shockwave+1","floor":35},{"not_picked":["Thunderclap","ReplayTheSpireMod:Strike From Hell+1","Shrug It Off+1"],"picked":"Metallicize","floor":36},{"not_picked":["Brutality","ReplayTheSpireMod:Strike From Hell","Run Through+1"],"picked":"ReplayReversal","floor":40},{"not_picked":["Hemokinesis","Clothesline","Flame Barrier"],"picked":"Run Through+1","floor":45},{"not_picked":["Flame Barrier+1","ReplayTheSpireMod:Strike From Hell","Power Through"],"picked":"Metallicize","floor":46},{"not_picked":["Reckless Charge","Run Through","Twin Strike","Body Slam"],"picked":"SKIP","floor":47},{"not_picked":["Flex+1","Feel No Pain+1","Hemokinesis"],"picked":"Demon Form","floor":48}],"player_experience":123560,"relics_obtained":[{"floor":7.0,"key":"Matryoshka"},{"floor":9.0,"key":"Gremlin Food"},{"floor":9.0,"key":"Runesmith:AutoHammer"},{"floor":10.0,"key":"Centennial Puzzle"},{"floor":13.0,"key":"Happy Flower"},{"floor":14.0,"key":"Question Card"},{"floor":20.0,"key":"Ring of Fury"},{"floor":22.0,"key":"Enchiridion"},{"floor":26.0,"key":"MealTicket"},{"floor":26.0,"key":"Toy Ornithopter"},{"floor":40,"key":"Replay:Baseball"},{"floor":43,"key":"Pet Ghost"},{"floor":48,"key":"Quantum Egg"}],"event_choices":[{"damage_healed":0.0,"max_hp_gain":0.0,"max_hp_loss":0.0,"gold_gain":75.0,"event_name":"FaceTrader","player_choice":"Touch","floor":3.0,"gold_loss":0.0,"damage_taken":8.0},{"damage_healed":0.0,"max_hp_gain":0.0,"max_hp_loss":0.0,"gold_gain":0.0,"event_name":"Wheel of Change","player_choice":"Relic","floor":14.0,"gold_loss":0.0,"damage_taken":0.0},{"damage_healed":0.0,"max_hp_gain":0.0,"max_hp_loss":0.0,"gold_gain":0.0,"event_name":"conspire:Investor","player_choice":"Invest 1","floor":21.0,"gold_loss":0.0,"damage_taken":0.0},{"damage_healed":0.0,"max_hp_gain":0.0,"max_hp_loss":0.0,"gold_gain":0.0,"event_name":"Cursed Tome","player_choice":"Obtained Book","floor":22.0,"gold_loss":0.0,"damage_taken":16.0},{"damage_healed":0,"gold_gain":0,"player_choice":"Became a vampire","damage_taken":0,"max_hp_gain":0,"max_hp_loss":27,"event_name":"Vampires","floor":29,"gold_loss":0,"cards_obtained":["Bite","Bite","Bite","Bite","Bite"]},{"damage_healed":0,"gold_gain":100,"player_choice":"Pray","damage_taken":0,"max_hp_gain":0,"max_hp_loss":0,"event_name":"Golden Shrine","floor":37,"gold_loss":0}],"is_beta":false,"boss_relics":[{"not_picked":["construct:WeddingRing","Fusion Hammer"],"picked":"Astrolabe"},{"not_picked":["Honey Jar","Runesmith:UraniumAnvil"],"picked":"Painkiller Herb"}],"items_purged_floors":[4],"is_endless":false,"potions_floor_spawned":[2,5,13,18,30,33,35,46,47],"ascension_level":0}}