{"host":"novohdx135h0xyrr","time":1609457306,"event":{"mods":["BaseMod","Colored Map","Colored Powertips","Highlight Path","Minty Spire (QoL Compilation)"],"gold_per_floor":[110,28,28,28,38,64,78,78,78,92,120,133,208,208,208,304,304,318,332,347,347,366,391,391,426,452,452,472,472,21,40,40,144,144,159,170,190,190,208,208,35,35,35],"floor_reached":42,"playtime":2854,"items_purged":["Defend_P","Defend_P"],"score":600,"play_id":"06cd73f7-e659-48ed-be7d-f1cd90a235af","local_time":"20201231152826","is_ascension_mode":false,"campfire_choices":[{"data":"WindmillStrike","floor":8,"key":"SMITH"},{"floor":15,"key":"REST"},{"floor":24,"key":"REST"},{"floor":29,"key":"REST"},{"data":"Vault","floor":32,"key":"SMITH"},{"data":"BattleHymn","floor":40,"key":"SMITH"}],"circlet_count":0,"master_deck":["Defend_P","Eruption","Vigilance","BattleHymn","DeusExMachina","CarveReality","WindmillStrike+1","ClearTheMind","Vault+1","Devotion","BattleHymn+1","Bite","Bite","Bite","Bite","Evaluate+1","SandsOfTime","EmptyBody","EmptyFist+1","BattleHymn"],"relics":["PureWater","NeowsBlessing","InkBottle","Lantern","Centennial Puzzle","Kunai","Sozu","Damaru","FossilizedHelix","Nunchaku","Happy Flower","Regal Pillow","VioletLotus"],"acts_visited":["Exordium","TheCity","TheBeyond"],"potions_floor_usage":[19],"damage_taken":[{"damage":0,"enemies":"Cultist","floor":1,"turns":1},{"damage":0,"enemies":"Small Slimes","floor":5,"turns":2},{"damage":0,"enemies":"3 Sentries","floor":6,"turns":1},{"damage":1,"enemies":"Jaw Worm","floor":7,"turns":3},{"damage":10,"enemies":"Looter","floor":10,"turns":2},{"damage":32,"enemies":"Gremlin Nob","floor":11,"turns":4},{"damage":0,"enemies":"Blue Slaver","floor":12,"turns":3},{"damage":0,"enemies":"Slime Boss","floor":16,"turns":5},{"damage":5,"enemies":"Chosen","floor":18,"turns":3},{"damage":8,"enemies":"3 Byrds","floor":19,"turns":4},{"damage":16,"enemies":"Centurion and Healer","floor":20,"turns":4},{"damage":0,"enemies":"Shelled Parasite and Fungi","floor":22,"turns":3},{"damage":35,"enemies":"Gremlin Leader","floor":23,"turns":5},{"damage":15,"enemies":"Book of Stabbing","floor":25,"turns":4},{"damage":14,"enemies":"Snake Plant","floor":28,"turns":4},{"damage":0,"enemies":"Cultist and Chosen","floor":31,"turns":4},{"damage":0,"enemies":"Automaton","floor":33,"turns":7},{"damage":7,"enemies":"3 Shapes","floor":35,"turns":4},{"damage":0,"enemies":"Orb Walker","floor":36,"turns":3},{"damage":28,"enemies":"3 Darklings","floor":37,"turns":4},{"damage":16,"enemies":"Spire Growth","floor":39,"turns":4},{"damage":49,"enemies":"Nemesis","floor":42,"turns":3}],"seed_played":"-286348841318621640","potions_obtained":[{"floor":6,"key":"LiquidBronze"},{"floor":7,"key":"FairyPotion"},{"floor":11,"key":"GamblersBrew"},{"floor":12,"key":"FairyPotion"}],"is_trial":false,"path_per_floor":["M","$","$","?","M","E","M","R","T","M","E","M","?","?","R","B",null,"M","M","M","?","M","E","R","E","T","?","M","R","$","M","R","B",null,"M","M","M","?","M","R","$","E"],"character_chosen":"WATCHER","items_purchased":["DeusExMachina","SandsOfTime","Happy Flower","Regal Pillow","BattleHymn"],"campfire_rested":3,"item_purchase_floors":[2,30,30,30,41],"current_hp_per_floor":[72,72,72,65,65,65,64,64,64,54,22,22,11,11,32,32,72,67,59,43,30,30,23,46,31,31,31,27,42,42,52,52,53,53,46,48,30,30,24,24,24,0,0],"gold":35,"neow_bonus":"THREE_ENEMY_KILL","is_daily":false,"chose_seed":false,"campfire_upgraded":3,"win_rate":0.0,"timestamp":1609457306,"path_taken":["M","?","$","?","M","E","M","R","T","M","E","M","?","?","R","BOSS","M","M","?","?","M","E","R","E","T","?","M","R","?","M","R","BOSS","M","?","M","?","M","R","$","E"],"items_purchased_type":["Card","Card","Relic","Relic","Card"],"build_version":"2020-12-22","purchased_purges":2,"victory":false,"max_hp_per_floor":[72,72,72,72,72,72,72,72,72,72,72,72,72,72,72,72,72,72,72,72,77,77,77,77,77,77,53,53,53,53,53,53,53,53,53,53,53,53,53,53,53,53,53],"card_choices":[{"not_picked":["EmptyFist","Prostrate"],"picked":"BattleHymn","floor":1},{"not_picked":["SignatureMove","Perseverance"],"picked":"CarveReality","floor":5},{"not_picked":["LikeWater","WheelKick","Ragnarok"],"picked":"SKIP","floor":6},{"not_picked":["BowlingBash","Nirvana"],"picked":"WindmillStrike","floor":7},{"not_picked":["Sanctity","WaveOfTheHand"],"picked":"ClearTheMind","floor":10},{"not_picked":["LikeWater","CrushJoints","Indignation"],"picked":"SKIP","floor":11},{"not_picked":["PathToVictory","Evaluate"],"picked":"Vault","floor":12},{"not_picked":["LessonLearned","ConjureBlade"],"picked":"Devotion","floor":16},{"not_picked":["BowlingBash+1","CrushJoints+1","Consecrate+1"],"picked":"SKIP","floor":18},{"not_picked":["EmptyBody","FollowUp"],"picked":"BattleHymn","floor":19},{"not_picked":["Meditate+1","SashWhip+1","SignatureMove"],"picked":"SKIP","floor":20},{"not_picked":["ThirdEye","DeusExMachina","LikeWater"],"picked":"SKIP","floor":22},{"not_picked":["ClearTheMind","SignatureMove+1","WreathOfFlame"],"picked":"SKIP","floor":23},{"not_picked":["Sanctity","SashWhip","Halt"],"picked":"SKIP","floor":25},{"not_picked":["FlyingSleeves","ThirdEye"],"picked":"Evaluate+1","floor":28},{"not_picked":["Indignation+1","Meditate"],"picked":"EmptyBody","floor":31},{"not_picked":["Pray","FollowUp","EmptyBody+1"],"picked":"SKIP","floor":35},{"not_picked":["TalkToTheHand","WheelKick+1","Meditate"],"picked":"SKIP","floor":36},{"not_picked":["ThirdEye+1","Swivel+1","SignatureMove"],"picked":"SKIP","floor":37},{"not_picked":["JustLucky+1","Evaluate"],"picked":"EmptyFist+1","floor":39}],"player_experience":157810,"relics_obtained":[{"floor":6,"key":"InkBottle"},{"floor":9,"key":"Lantern"},{"floor":11,"key":"Centennial Puzzle"},{"floor":23,"key":"Damaru"},{"floor":25,"key":"FossilizedHelix"},{"floor":26,"key":"Nunchaku"}],"event_choices":[{"cards_removed":["Defend_P"],"damage_healed":0,"gold_gain":0,"player_choice":"Card Removal","damage_taken":7,"max_hp_gain":0,"max_hp_loss":0,"event_name":"Golden Wing","floor":4,"gold_loss":0},{"damage_healed":0,"gold_gain":75,"player_choice":"Gather Gold","damage_taken":11,"max_hp_gain":0,"max_hp_loss":0,"event_name":"World of Goop","floor":13,"gold_loss":0},{"damage_healed":0,"gold_gain":0,"player_choice":"Gave Potion","damage_taken":0,"relics_obtained":["Kunai"],"max_hp_gain":0,"max_hp_loss":0,"event_name":"WeMeetAgain","floor":14,"gold_loss":0},{"damage_healed":0,"gold_gain":0,"player_choice":"Shed Blood","damage_taken":18,"max_hp_gain":5,"max_hp_loss":0,"event_name":"Forgotten Altar","floor":21,"gold_loss":0},{"damage_healed":0,"gold_gain":0,"player_choice":"Became a vampire","damage_taken":0,"max_hp_gain":0,"max_hp_loss":24,"event_name":"Vampires","floor":27,"gold_loss":0,"cards_obtained":["Bite","Bite","Bite","Bite","Bite"]},{"cards_removed":["Bite"],"damage_healed":0,"gold_gain":0,"player_choice":"Removed Attack","damage_taken":0,"max_hp_gain":0,"max_hp_loss":0,"event_name":"Falling","floor":38,"gold_loss":0}],"is_beta":false,"boss_relics":[{"not_picked":["Snecko Eye","Philosopher\u0027s Stone"],"picked":"Sozu"},{"not_picked":["Coffee Dripper","Pandora\u0027s Box"],"picked":"VioletLotus"}],"items_purged_floors":[30,41],"is_endless":false,"potions_floor_spawned":[6,7,11,12,18,22,28,33,35,37],"killed_by":"Nemesis","ascension_level":0}}