{"host":"oeddu058k4r8wzo0","time":1609401423,"event":{"mods":["BaseMod","Better Third Choice","BetterRewards","Colored Map","Colored Powertips","Evolution","Highlight Path","Minty Spire (QoL Compilation)","Quick Restart","Reworked Bosses","Shop Mod","StSLib","Wandering Minibosses"],"gold_per_floor":[119,119,119,137,154,181,26,51,51,51,70,70,101,113,113,215,215,227,239,254,273,43,43,69,69,93,93,105,140,155,185,185,289,289,307,1,54,68,118,147,147,147,147,178,178,178,213,3,3,3,3,3,3,37,37],"floor_reached":56,"playtime":2668,"items_purged":["Defend_R","Armaments+1"],"score":2493,"play_id":"fc5ded5b-8617-4f45-99c1-edf00363ba72","local_time":"20201230235703","is_ascension_mode":true,"campfire_choices":[{"floor":15.0,"key":"REST"},{"floor":23.0,"key":"RECALL"},{"data":"Berserk","floor":25.0,"key":"SMITH"},{"data":"Feel No Pain","floor":32.0,"key":"SMITH"},{"data":"Brutality","floor":42.0,"key":"SMITH"},{"data":"Feel No Pain","floor":46.0,"key":"SMITH"},{"data":"Feel No Pain","floor":49.0,"key":"SMITH"},{"data":"Wild Strike","floor":52,"key":"SMITH"}],"circlet_count":0,"master_deck":["Wild Strike","Wild Strike","Wild Strike+1","Wild Strike","Wild Strike+1","Armaments+1","Armaments+1","Bash+1","Sentinel","Feel No Pain+1","Evolve+1","Sentinel+1","Juggernaut+1","Limit Break+1","Havoc+1","Shrug It Off+1","Second Wind+1","Feel No Pain+1","Feel No Pain+1","Berserk+1","Whirlwind+1","Brutality+1","Force Field+1","Dramatic Entrance+1","Panacea+1","Warcry+1"],"relics":["Burning Blood","EVO:Axolotl","TheAbacus","Sundial","War Paint","Kunai","Brimstone","ClockworkSouvenir","Whetstone","Bottled Tornado","Chemical X","Toxic Egg 2","Bag of Marbles","Omamori","Mummified Hand","Mercury Hourglass","Oddly Smooth Stone","SlaversCollar","Medical Kit","Self Forming Clay","wanderingMiniBosses:Inkheart","Pantograph","Paper Frog","Busted Crown","PrismaticShard","Turnip","Prayer Wheel","Lantern","Darkstone Periapt","Molten Egg 2","Shuriken","Sling","Happy Flower"],"acts_visited":["Exordium","TheCity","TheBeyond","TheEnding"],"potions_floor_usage":[50,50,54],"damage_taken":[{"damage":0.0,"enemies":"2 Louse","floor":1.0,"turns":1.0},{"damage":0.0,"enemies":"Small Slimes","floor":4.0,"turns":2.0},{"damage":8.0,"enemies":"Jaw Worm","floor":5.0,"turns":2.0},{"damage":12.0,"enemies":"Gremlin Nob","floor":6.0,"turns":3.0},{"damage":0.0,"enemies":"Lagavulin","floor":8.0,"turns":4.0},{"damage":0.0,"enemies":"Looter","floor":11.0,"turns":1.0},{"damage":8.0,"enemies":"3 Sentries","floor":13.0,"turns":4.0},{"damage":0.0,"enemies":"Large Slime","floor":14.0,"turns":2.0},{"damage":0.0,"enemies":"Slime Boss","floor":16.0,"turns":3.0},{"damage":8.0,"enemies":"3 Byrds","floor":18.0,"turns":3.0},{"damage":0.0,"enemies":"Spheric Guardian","floor":19.0,"turns":3.0},{"damage":0.0,"enemies":"Snake Plant","floor":20.0,"turns":2.0},{"damage":21.0,"enemies":"Centurion and Healer","floor":21.0,"turns":6.0},{"damage":13.0,"enemies":"Book of Stabbing","floor":24.0,"turns":3.0},{"damage":0.0,"enemies":"Snecko","floor":28.0,"turns":5.0},{"damage":0.0,"enemies":"Gremlin Leader","floor":29.0,"turns":3.0},{"damage":16.0,"enemies":"3 Cultists","floor":30.0,"turns":3.0},{"damage":0.0,"enemies":"Slavers","floor":31.0,"turns":2.0},{"damage":0.0,"enemies":"bossMod:newCollector","floor":33.0,"turns":4.0},{"damage":0.0,"enemies":"3 Darklings","floor":35.0,"turns":1.0},{"damage":9.0,"enemies":"2 Orb Walkers","floor":37.0,"turns":3.0},{"damage":1.0,"enemies":"Orb Walker","floor":38.0,"turns":2.0},{"damage":0.0,"enemies":"Mind Bloom Boss Battle","floor":39.0,"turns":2.0},{"damage":2.0,"enemies":"Giant Head","floor":40.0,"turns":3.0},{"damage":7.0,"enemies":"Nemesis","floor":44.0,"turns":3.0},{"damage":2.0,"enemies":"Giant Head","floor":47.0,"turns":3.0},{"damage":13,"enemies":"bossMod:newShapes","floor":50,"turns":3},{"damage":8,"enemies":"Shield and Spear","floor":54,"turns":3},{"damage":42,"enemies":"The Heart","floor":55,"turns":5}],"seed_played":"4772756044764054611","potions_obtained":[{"floor":5.0,"key":"Energy Potion"},{"floor":8.0,"key":"BloodPotion"},{"floor":11.0,"key":"Energy Potion"},{"floor":13.0,"key":"Energy Potion"},{"floor":16.0,"key":"PowerPotion"},{"floor":19.0,"key":"PowerPotion"},{"floor":20.0,"key":"FearPotion"},{"floor":24.0,"key":"BlessingOfTheForge"},{"floor":35.0,"key":"Explosive Potion"},{"floor":37.0,"key":"ColorlessPotion"},{"floor":38.0,"key":"SteroidPotion"}],"is_trial":false,"path_per_floor":["M","?","?","M","M","E","$","E","T","?","M","?","E","M","R","B",null,"M","M","M","M","$","R","E","R","T","?","M","E","M","E","R","B",null,"M","$","?","M","?","E","?","R","T","E","?","R","E","$","R","B",null,"R","$","E","B",null],"character_chosen":"IRONCLAD","items_purchased":["TheAbacus","Sundial","Sentinel","War Paint","Kunai","Brimstone","Feel No Pain","ClockworkSouvenir","Whetstone","Evolve","Bottled Tornado","Chemical X","Omamori","Medical Kit","Feel No Pain","PrismaticShard","ColorlessPotion","Sling","Warcry+1"],"campfire_rested":1,"item_purchase_floors":[0,0,0,0,0,0,0,0,0,0,0,0,7,22,22,36,36,48,48],"current_hp_per_floor":[30,30,23,29,27,21,21,27,27,27,33,33,47,53,77,80,80,78,80,80,65,65,65,58,58,58,58,64,70,60,66,66,80,80,80,80,77,80,80,80,80,80,80,79,69,69,73,73,73,73,78,78,78,76,44],"gold":37,"neow_bonus":"","is_daily":false,"chose_seed":false,"campfire_upgraded":6,"win_rate":0.0,"timestamp":1609401423,"path_taken":["M","?","?","M","M","E","?","E","T","?","M","?","E","?","R","BOSS","M","M","M","M","?","R","E","R","T","?","M","E","?","E","R","BOSS","M","$","?","M","?","E","?","R","T","E","?","R","E","?","R","BOSS","R","$","E","BOSS"],"items_purchased_type":["Relic","Relic","Card","Relic","Relic","Relic","Card","Relic","Relic","Card","Relic","Relic","Relic","Relic","Card","Relic","Potion","Relic","Card"],"build_version":"2020-12-22","purchased_purges":2,"victory":true,"max_hp_per_floor":[80,80,80,80,80,80,80,80,80,80,80,80,80,80,80,80,80,80,80,80,80,80,80,80,80,80,80,80,80,80,80,80,80,80,80,80,80,80,80,80,80,80,80,80,80,80,80,80,80,80,80,80,80,80,80],"card_choices":[{"not_picked":["Cleave","Sever Soul","Twin Strike"],"picked":"SKIP","floor":1.0},{"not_picked":["Flame Barrier+1","Battle Trance+1"],"picked":"Sentinel+1","floor":4.0},{"not_picked":["Dual Wield+1","Twin Strike","Armaments+1"],"picked":"SKIP","floor":5.0},{"not_picked":["Evolve","Reckless Charge","Battle Trance+1"],"picked":"SKIP","floor":6.0},{"not_picked":["Infernal Blade+1","Perfected Strike","Havoc+1"],"picked":"SKIP","floor":8.0},{"not_picked":["Shrug It Off+1","Cleave"],"picked":"Juggernaut","floor":11.0},{"not_picked":["Rampage","Dropkick","Wild Strike"],"picked":"SKIP","floor":13.0},{"not_picked":["Headbutt","Rampage","Intimidate+1"],"picked":"SKIP","floor":14.0},{"not_picked":["Impervious+1","Brutality"],"picked":"Limit Break+1","floor":16.0},{"not_picked":["Shrug It Off+1","Sentinel+1"],"picked":"Havoc+1","floor":18.0},{"not_picked":["Sword Boomerang","Cleave+1"],"picked":"Shrug It Off+1","floor":19.0},{"not_picked":["Iron Wave","Sentinel+1"],"picked":"Second Wind+1","floor":20.0},{"not_picked":["Perfected Strike","Power Through+1"],"picked":"Feel No Pain","floor":21.0},{"not_picked":["Shrug It Off+1","Rampage"],"picked":"Berserk","floor":24.0},{"not_picked":["Hemokinesis+1","Twin Strike+1","Perfected Strike"],"picked":"SKIP","floor":28.0},{"not_picked":["True Grit+1","Clothesline","Battle Trance+1"],"picked":"SKIP","floor":29.0},{"not_picked":["Clash","Perfected Strike"],"picked":"Whirlwind+1","floor":30.0},{"not_picked":["Ghostly Armor+1","Clothesline+1"],"picked":"Entrench+1","floor":31.0},{"not_picked":["Bludgeon","Offering+1"],"picked":"Brutality","floor":33.0},{"not_picked":["Sword Boomerang"],"picked":"SKIP","floor":35.0},{"not_picked":[],"picked":"Force Field+1","floor":38.0},{"not_picked":["Deadly Poison+1"],"picked":"SKIP","floor":40.0},{"not_picked":["Meditate+1"],"picked":"SKIP","floor":44.0},{"not_picked":[],"picked":"Dramatic Entrance+1","floor":45.0},{"not_picked":[],"picked":"Panacea+1","floor":45.0},{"not_picked":["Armaments+1"],"picked":"SKIP","floor":47.0},{"not_picked":["Swift Strike+1"],"picked":"SKIP","floor":54}],"player_experience":1336920,"relics_obtained":[{"floor":6.0,"key":"Bag of Marbles"},{"floor":8.0,"key":"Mummified Hand"},{"floor":9.0,"key":"Mercury Hourglass"},{"floor":13.0,"key":"Oddly Smooth Stone"},{"floor":24.0,"key":"Self Forming Clay"},{"floor":28.0,"key":"wanderingMiniBosses:Inkheart"},{"floor":29.0,"key":"Pantograph"},{"floor":31.0,"key":"Paper Frog"},{"floor":37.0,"key":"Turnip"},{"floor":39.0,"key":"Prayer Wheel"},{"floor":40.0,"key":"Lantern"},{"floor":43.0,"key":"Darkstone Periapt"},{"floor":44.0,"key":"Molten Egg 2"},{"floor":47.0,"key":"Shuriken"},{"floor":54,"key":"Happy Flower"}],"event_choices":[{"damage_healed":0.0,"max_hp_gain":0.0,"max_hp_loss":0.0,"gold_gain":0.0,"event_name":"Big Fish","player_choice":"Box","floor":2.0,"gold_loss":0.0,"damage_taken":0.0,"relics_obtained":["Toxic Egg 2"],"cards_obtained":["Regret"]},{"cards_removed":["Regret"],"damage_healed":0.0,"max_hp_gain":0.0,"max_hp_loss":0.0,"gold_gain":0.0,"event_name":"Golden Wing","player_choice":"Card Removal","floor":3.0,"gold_loss":0.0,"damage_taken":7.0},{"damage_healed":0.0,"max_hp_gain":0.0,"max_hp_loss":0.0,"gold_gain":0.0,"event_name":"Living Wall","player_choice":"Grow","floor":10.0,"gold_loss":0.0,"damage_taken":0.0,"cards_upgraded":["Evolve"]},{"damage_healed":0.0,"max_hp_gain":0.0,"max_hp_loss":0.0,"gold_gain":0.0,"event_name":"Upgrade Shrine","player_choice":"Upgraded","floor":12.0,"gold_loss":0.0,"damage_taken":0.0,"cards_upgraded":["Juggernaut"]},{"damage_healed":0.0,"max_hp_gain":0.0,"max_hp_loss":0.0,"gold_gain":0.0,"event_name":"Upgrade Shrine","player_choice":"Upgraded","floor":27.0,"gold_loss":0.0,"damage_taken":0.0,"cards_upgraded":["Armaments"]},{"damage_healed":0.0,"max_hp_gain":0.0,"max_hp_loss":0.0,"gold_gain":0.0,"event_name":"Mysterious Sphere","player_choice":"Fight","floor":37.0,"gold_loss":0.0,"damage_taken":0.0},{"damage_healed":0.0,"max_hp_gain":0.0,"max_hp_loss":0.0,"gold_gain":0.0,"event_name":"MindBloom","player_choice":"Fight","floor":39.0,"gold_loss":0.0,"damage_taken":0.0},{"cards_removed":["Entrench"],"damage_healed":0.0,"max_hp_gain":0.0,"max_hp_loss":0.0,"gold_gain":0.0,"event_name":"Falling","player_choice":"Removed Skill","floor":41.0,"gold_loss":0.0,"damage_taken":0.0},{"damage_healed":0.0,"max_hp_gain":0.0,"max_hp_loss":0.0,"gold_gain":0.0,"event_name":"SensoryStone","player_choice":"Memory 3","floor":45.0,"gold_loss":0.0,"damage_taken":10.0}],"is_beta":false,"boss_relics":[{"not_picked":["Snecko Eye","Runic Pyramid"],"picked":"SlaversCollar"},{"not_picked":["SacredBark","Black Star"],"picked":"Busted Crown"}],"items_purged_floors":[0,36],"is_endless":false,"potions_floor_spawned":[5,8,11,13,16,19,20,24,35,37,38],"ascension_level":9}}