{"host":"37dk0reb6x0du8wx","time":1609413818,"event":{"mods":["BaseMod","Colored Map","DeckTracker","Minty Spire (QoL Compilation)","Quick Restart","StSLib","SuperFastMode","The Dragon Tamer"],"gold_per_floor":[119,119,138,149,165,165,179,179,234,263,5,5,80,80,80,182,182,194,174,187,187,200,216,216,216],"floor_reached":24,"playtime":478,"items_purged":["Strike_B"],"score":220,"play_id":"3a54e473-4436-4d21-bb04-fdfe02759e6d","local_time":"20201231202338","is_ascension_mode":true,"campfire_choices":[{"data":"Dualcast","floor":6,"key":"SMITH"},{"floor":8,"key":"REST"},{"floor":15,"key":"REST"}],"circlet_count":0,"master_deck":["Strike_B","Strike_B","Strike_B","Defend_B","Defend_B","Defend_B","Defend_B","Zap+1","Dualcast+1","Defragment","Electrodynamics","Loop+1","Ball Lightning+1"],"relics":["Cracked Core","CultistMask","Bronze Scales","Pantograph","Tiny Chest","Velvet Choker"],"acts_visited":["Exordium","TheCity"],"potions_floor_usage":[7,10,16,21,23,23,24],"damage_taken":[{"damage":7,"enemies":"Jaw Worm","floor":1,"turns":3},{"damage":1,"enemies":"Cultist","floor":3,"turns":3},{"damage":0,"enemies":"Small Slimes","floor":4,"turns":2},{"damage":13,"enemies":"Red Slaver","floor":5,"turns":3},{"damage":5,"enemies":"2 Fungi Beasts","floor":7,"turns":3},{"damage":24,"enemies":"Gremlin Nob","floor":10,"turns":4},{"damage":63,"enemies":"Hexaghost","floor":16,"turns":11},{"damage":0,"enemies":"Chosen","floor":18,"turns":4},{"damage":34,"enemies":"2 Thieves","floor":20,"turns":3},{"damage":0,"enemies":"Shelled Parasite and Fungi","floor":21,"turns":1},{"damage":18,"enemies":"3 Cultists","floor":22,"turns":3},{"damage":26,"enemies":"Snecko","floor":23,"turns":4},{"damage":14,"enemies":"Centurion and Healer","floor":24,"turns":1}],"seed_played":"706213856486113067","potions_obtained":[{"floor":1,"key":"EssenceOfSteel"},{"floor":7,"key":"Fruit Juice"},{"floor":10,"key":"Dexterity Potion"},{"floor":16,"key":"SmokeBomb"},{"floor":18,"key":"Ancient Potion"},{"floor":19,"key":"DuplicationPotion"},{"floor":22,"key":"Fire Potion"}],"is_trial":false,"path_per_floor":["M","?","M","M","M","R","M","R","T","E","$","$","?","$","R","B",null,"M","?","M","M","M","M","M"],"character_chosen":"DEFECT","items_purchased":["Defragment","Tiny Chest"],"campfire_rested":2,"item_purchase_floors":[11,11],"current_hp_per_floor":[68,68,67,67,54,54,54,78,78,54,54,54,43,43,67,17,80,80,80,46,46,28,2,0,0],"gold":216,"neow_bonus":"UPGRADE_CARD","is_daily":false,"chose_seed":false,"campfire_upgraded":1,"win_rate":0.0,"timestamp":1609413818,"path_taken":["M","?","M","?","M","R","M","R","T","E","?","$","?","$","R","BOSS","M","?","?","M","M","M","M"],"items_purchased_type":["Card","Relic"],"build_version":"2020-12-22","purchased_purges":1,"victory":false,"max_hp_per_floor":[75,75,75,75,75,75,80,80,80,80,80,80,80,80,80,80,80,80,80,80,80,80,80,80,80],"card_choices":[{"not_picked":["FTL","Rebound","Barrage"],"picked":"SKIP","floor":1},{"not_picked":["Gash","Turbo","Streamline"],"picked":"SKIP","floor":3},{"not_picked":["Genetic Algorithm","Recycle","Hello World"],"picked":"SKIP","floor":4},{"not_picked":["Barrage","Turbo","Force Field"],"picked":"SKIP","floor":5},{"not_picked":["White Noise","Rip and Tear","Sweeping Beam"],"picked":"SKIP","floor":7},{"not_picked":["Force Field","Undo","Steam"],"picked":"SKIP","floor":10},{"not_picked":["Rainbow","Meteor Strike"],"picked":"Electrodynamics","floor":16},{"not_picked":["Streamline","Conserve Battery"],"picked":"Loop+1","floor":18},{"not_picked":["Loop+1","Storm","Hologram"],"picked":"SKIP","floor":20},{"not_picked":["Hologram","Sweeping Beam","Recycle"],"picked":"SKIP","floor":22},{"not_picked":["Loop","Melter"],"picked":"Ball Lightning+1","floor":23}],"player_experience":107224,"relics_obtained":[{"floor":9,"key":"Bronze Scales"},{"floor":10,"key":"Pantograph"}],"event_choices":[{"damage_healed":0,"gold_gain":0,"player_choice":"Trade","damage_taken":0,"relics_obtained":["CultistMask"],"max_hp_gain":0,"max_hp_loss":0,"event_name":"FaceTrader","floor":2,"gold_loss":0},{"damage_healed":0,"gold_gain":75,"player_choice":"Gather Gold","damage_taken":11,"max_hp_gain":0,"max_hp_loss":0,"event_name":"World of Goop","floor":13,"gold_loss":0},{"damage_healed":0,"gold_gain":0,"player_choice":"Bought 1 Potion","damage_taken":0,"max_hp_gain":0,"max_hp_loss":0,"event_name":"The Woman in Blue","floor":19,"gold_loss":0}],"is_beta":false,"boss_relics":[{"not_picked":["Busted Crown","Philosopher\u0027s Stone"],"picked":"Velvet Choker"}],"items_purged_floors":[11],"is_endless":false,"potions_floor_spawned":[1,7,10,16,18,20,22],"killed_by":"Centurion and Healer","ascension_level":2}}