{"host":"6pgtslebjnyv5xmi","time":1609394832,"event":{"mods":["AchievementEnabler","BaseMod","Colored Map","Minty Spire (QoL Compilation)","Rare Cards Sparkle","StSLib","SuperFastMode","everything is the same but u backflip on backflip"],"gold_per_floor":[113,288,238,250,250,278,296,296,296,314,329,329,329,254,254,355,355,367,384,284,295,394,394,394,394,394,269,288,305,305,2,2,2,2],"floor_reached":33,"playtime":874,"items_purged":["Strike_R","Strike_R","Shame","Parasite"],"score":270,"play_id":"8d90c52e-c700-4910-9aba-0641263cac26","local_time":"20201231150712","is_ascension_mode":false,"campfire_choices":[{"data":"Body Slam","floor":8.0,"key":"SMITH"},{"data":"Whirlwind","floor":15.0,"key":"SMITH"},{"floor":23.0,"key":"REST"},{"floor":30.0,"key":"REST"},{"data":"J.A.X.","floor":32.0,"key":"SMITH"}],"circlet_count":0,"master_deck":["Strike_R","Strike_R","Strike_R","Defend_R","Defend_R","Defend_R","Defend_R","Bash","Body Slam+1","Whirlwind+1","Double Tap","J.A.X.+1","Seeing Red"],"relics":["Burning Blood","NeowsBlessing","Bag of Preparation","Shuriken","PreservedInsect","Cursed Key","FossilizedHelix","White Beast Statue","Medical Kit"],"acts_visited":["Exordium","TheCity"],"potions_floor_usage":[33],"damage_taken":[{"damage":0.0,"enemies":"Jaw Worm","floor":1.0,"turns":1.0},{"damage":0.0,"enemies":"Small Slimes","floor":4.0,"turns":1.0},{"damage":0.0,"enemies":"Gremlin Nob","floor":6.0,"turns":1.0},{"damage":1.0,"enemies":"Cultist","floor":7.0,"turns":3.0},{"damage":12.0,"enemies":"Exordium Wildlife","floor":10.0,"turns":5.0},{"damage":0.0,"enemies":"Looter","floor":11.0,"turns":4.0},{"damage":68.0,"enemies":"The Guardian","floor":16.0,"turns":15.0},{"damage":41.0,"enemies":"Spheric Guardian","floor":18.0,"turns":6.0},{"damage":20.0,"enemies":"Chosen","floor":19.0,"turns":4.0},{"damage":22.0,"enemies":"Snake Plant","floor":21.0,"turns":5.0},{"damage":32.0,"enemies":"Shelled Parasite and Fungi","floor":28.0,"turns":5.0},{"damage":0.0,"enemies":"Centurion and Healer","floor":29.0,"turns":1.0},{"damage":91,"enemies":"Automaton","floor":33,"turns":6}],"seed_played":"-8141992273779563637","potions_obtained":[{"floor":4.0,"key":"Ancient Potion"},{"floor":7.0,"key":"DuplicationPotion"},{"floor":16.0,"key":"LiquidBronze"},{"floor":21.0,"key":"EntropicBrew"},{"floor":29.0,"key":"DuplicationPotion"}],"is_trial":false,"path_per_floor":["M","?","?","M","?","E","M","R","T","M","M","?","?","$","R","B",null,"M","M","$","M","?","R","T","?","T","$","M","M","R","$","R","B"],"character_chosen":"IRONCLAD","items_purchased":["Medical Kit"],"campfire_rested":2,"item_purchase_floors":[31],"current_hp_per_floor":[80,80,80,80,80,80,80,80,80,74,80,80,73,73,73,11,80,45,31,31,15,15,39,39,39,39,39,13,19,43,43,43,0,0],"gold":2,"neow_bonus":"THREE_ENEMY_KILL","is_daily":false,"chose_seed":false,"campfire_upgraded":3,"win_rate":0.0,"timestamp":1609394832,"path_taken":["M","?","?","M","?","E","M","R","T","?","M","?","?","?","R","BOSS","M","?","$","M","?","R","?","?","T","$","M","M","R","$","R","BOSS"],"items_purchased_type":["Relic"],"build_version":"2020-12-22","purchased_purges":4,"victory":false,"max_hp_per_floor":[80,80,80,80,80,80,80,80,80,80,80,80,80,80,80,80,80,80,80,80,80,80,80,80,80,80,80,80,80,80,77,77,77,77],"card_choices":[{"not_picked":["Headbutt","Cleave","Anger"],"picked":"SKIP","floor":1.0},{"not_picked":["Anger","True Grit","Warcry"],"picked":"SKIP","floor":4.0},{"not_picked":["Warcry","Armaments"],"picked":"Body Slam","floor":6.0},{"not_picked":["Combust","Warcry","Perfected Strike"],"picked":"SKIP","floor":7.0},{"not_picked":["Feel No Pain","Wild Strike"],"picked":"Whirlwind","floor":10.0},{"not_picked":["Rage","Fire Breathing","Carnage"],"picked":"SKIP","floor":11.0},{"not_picked":["Limit Break","Berserk"],"picked":"Double Tap","floor":16.0},{"not_picked":["Blood for Blood","Fire Breathing","Shrug It Off"],"picked":"SKIP","floor":18.0},{"not_picked":["Wild Strike","Armaments","Headbutt"],"picked":"SKIP","floor":19.0},{"not_picked":["Blood for Blood","Burning Pact","Sever Soul+1"],"picked":"SKIP","floor":21.0},{"not_picked":["Reckless Charge","Havoc+1"],"picked":"Seeing Red","floor":28.0},{"not_picked":["Iron Wave","Armaments","Clash"],"picked":"SKIP","floor":29.0}],"player_experience":635560,"relics_obtained":[{"floor":6.0,"key":"Bag of Preparation"},{"floor":9.0,"key":"Shuriken"},{"floor":24.0,"key":"FossilizedHelix"},{"floor":26.0,"key":"White Beast Statue"}],"event_choices":[{"damage_healed":0.0,"max_hp_gain":0.0,"max_hp_loss":0.0,"gold_gain":175.0,"event_name":"Liars Game","player_choice":"AGREE","floor":2.0,"gold_loss":0.0,"damage_taken":0.0,"cards_obtained":["Doubt"]},{"cards_removed":["Doubt"],"damage_healed":0.0,"max_hp_gain":0.0,"max_hp_loss":0.0,"gold_gain":0.0,"event_name":"The Cleric","player_choice":"Card Removal","floor":3.0,"gold_loss":50.0,"damage_taken":0.0},{"damage_healed":0.0,"max_hp_gain":0.0,"max_hp_loss":0.0,"gold_gain":0.0,"event_name":"The Woman in Blue","player_choice":"Bought 0 Potions","floor":5.0,"gold_loss":0.0,"damage_taken":0.0},{"damage_healed":0.0,"max_hp_gain":0.0,"max_hp_loss":0.0,"gold_gain":0.0,"event_name":"Big Fish","player_choice":"Box","floor":12.0,"gold_loss":0.0,"damage_taken":0.0,"relics_obtained":["PreservedInsect"],"cards_obtained":["Regret"]},{"cards_removed":["Regret"],"damage_healed":0.0,"max_hp_gain":0.0,"max_hp_loss":0.0,"gold_gain":0.0,"event_name":"Golden Wing","player_choice":"Card Removal","floor":13.0,"gold_loss":0.0,"damage_taken":7.0},{"damage_healed":0.0,"max_hp_gain":0.0,"max_hp_loss":0.0,"gold_gain":99.0,"event_name":"Nest","player_choice":"Stole From Cult","floor":22.0,"gold_loss":0.0,"damage_taken":0.0},{"damage_healed":0.0,"max_hp_gain":0.0,"max_hp_loss":0.0,"gold_gain":0.0,"event_name":"Drug Dealer","player_choice":"Obtain J.A.X.","floor":25.0,"gold_loss":0.0,"damage_taken":0.0,"cards_obtained":["J.A.X."]}],"is_beta":false,"boss_relics":[{"not_picked":["Empty Cage","Runic Dome"],"picked":"Cursed Key"}],"items_purged_floors":[14,20,27,31],"is_endless":false,"potions_floor_spawned":[4,7,16,21,28,29],"killed_by":"Automaton","ascension_level":0}}