{"host":"hjw1ay65n7jm40lc","time":1609458737,"event":{"mods":["AchievementEnabler","BaseMod","Block Reminder","Colored Map","Colored Powertips","Downfall","Googly Eyes","Highlight Path","Minty Spire (QoL Compilation)","Quick Restart","Relic Stats","StSLib"],"gold_per_floor":[99,119,131,150,150,181,181,181,197,254,254,33,33,68,83,160,160,160,172,185,200,14,26,26,26,40,65,65,96,21,55,68,142,142,142,162,60,76,76,76,99,126,126,158,158,168,18,34,50,50],"floor_reached":51,"playtime":5615,"items_purged":[],"score":1501,"play_id":"ca429ff2-3420-498f-8025-f559575afc8e","local_time":"20201231185217","is_ascension_mode":true,"campfire_choices":[{"data":"Guardian:TwinSlam","floor":1.0,"key":"SMITH"},{"floor":8.0,"key":"REST"},{"data":"Guardian:MultiBeam","floor":13.0,"key":"SMITH"},{"floor":18.0,"key":"RECALL"},{"data":"Guardian:StasisField","floor":25.0,"key":"SMITH"},{"data":"Guardian:FastForward","floor":28.0,"key":"SMITH"},{"data":"Guardian:WalkerClaw","floor":30,"key":"SMITH"},{"data":"Guardian:ExploitGems","floor":35,"key":"SMITH"},{"data":"Guardian:DecasProtection","floor":40,"key":"SMITH"},{"data":"Guardian:Recover","floor":47,"key":"SMITH"}],"circlet_count":0,"master_deck":["AscendersBane","Guardian:Defend_Guardian","Guardian:Defend_Guardian","Guardian:Defend_Guardian","Guardian:CurlUp+1","Guardian:TwinSlam+1","Guardian:Repulse+1","Guardian:ExploitGems+1","Guardian:HyperBeam_Guardian+1","Guardian:Reroute+1","Guardian:WalkerClaw+1","Guardian:ArmoredProtocol+1","Regret","Guardian:FastForward+1","Guardian:MultiBeam+1","Guardian:Orbwalk+1","Guardian:Recover+1","Guardian:StasisField+1","Guardian:Orbwalk+1","Guardian:ArmoredProtocol+1","Guardian:SpikerProtocol+1","Guardian:ExploitGems+1","Guardian:DecasProtection+1","Guardian:Aged","Guardian:RevengeProtocol+1","Guardian:FloatingOrbs+1","Guardian:Clone+1"],"relics":["Astrolabe","Bottled Tornado","Frozen Egg 2","Incense Burner","Singing Bowl","Coffee Dripper","White Beast Statue","Toy Ornithopter","Gremlin Horn","downfall:HeartBlessingRed","Red Mask","Runic Pyramid","Guardian:StasisEgg","Anchor","Happy Flower","Kunai","downfall:HeartBlessingGreen","downfall:HeartBlessingBlue"],"acts_visited":["Exordium","TheCity","TheBeyond"],"potions_floor_usage":[31,31,33,33,42,46,48,50],"damage_taken":[{"damage":0.0,"enemies":"2 Louse","floor":2.0,"turns":2.0},{"damage":2.0,"enemies":"Jaw Worm","floor":3.0,"turns":4.0},{"damage":4.0,"enemies":"Small Slimes","floor":4.0,"turns":3.0},{"damage":32.0,"enemies":"Lagavulin","floor":6.0,"turns":7.0},{"damage":3.0,"enemies":"3 Louse","floor":9.0,"turns":3.0},{"damage":5.0,"enemies":"3 Sentries","floor":10.0,"turns":6.0},{"damage":2.0,"enemies":"downfall:FleeingMerchant","floor":12.0,"turns":4.0},{"damage":0.0,"enemies":"3 Sentries","floor":14.0,"turns":4.0},{"damage":14.0,"enemies":"Large Slime","floor":15.0,"turns":3.0},{"damage":1.0,"enemies":"downfall:Watcher","floor":16.0,"turns":6.0},{"damage":0.0,"enemies":"Spheric Guardian","floor":19.0,"turns":4.0},{"damage":18.0,"enemies":"Shell Parasite","floor":20.0,"turns":6.0},{"damage":5.0,"enemies":"Snake Plant","floor":21.0,"turns":4.0},{"damage":2.0,"enemies":"downfall:FleeingMerchant","floor":22.0,"turns":4.0},{"damage":5.0,"enemies":"Shelled Parasite and Fungi","floor":23.0,"turns":5.0},{"damage":21.0,"enemies":"Centurion and Healer","floor":26.0,"turns":7.0},{"damage":13.0,"enemies":"Book of Stabbing","floor":27.0,"turns":5.0},{"damage":0.0,"enemies":"Gremlin Leader","floor":29.0,"turns":5.0},{"damage":2,"enemies":"Masked Bandits","floor":31,"turns":2},{"damage":0,"enemies":"Snake Plant","floor":32,"turns":4},{"damage":6,"enemies":"downfall:Ironclad","floor":33,"turns":8},{"damage":0,"enemies":"3 Darklings","floor":36,"turns":3},{"damage":0,"enemies":"downfall:FleeingMerchant","floor":37,"turns":4},{"damage":0,"enemies":"3 Shapes","floor":38,"turns":4},{"damage":3,"enemies":"Nemesis","floor":42,"turns":7},{"damage":13,"enemies":"Reptomancer","floor":44,"turns":6},{"damage":0,"enemies":"Sphere and 2 Shapes","floor":46,"turns":3},{"damage":14,"enemies":"3 Darklings","floor":48,"turns":3},{"damage":0,"enemies":"Writhing Mass","floor":49,"turns":6},{"damage":10,"enemies":"downfall:Defect","floor":50,"turns":5}],"seed_played":"6524831291463512259","potions_obtained":[{"floor":3.0,"key":"Swift Potion"},{"floor":10.0,"key":"FearPotion"},{"floor":14.0,"key":"Energy Potion"},{"floor":15.0,"key":"ColorlessPotion"},{"floor":16.0,"key":"Explosive Potion"},{"floor":19.0,"key":"LiquidBronze"},{"floor":21.0,"key":"SkillPotion"},{"floor":26.0,"key":"Fire Potion"},{"floor":29.0,"key":"PowerPotion"},{"floor":31,"key":"SkillPotion"},{"floor":32,"key":"SteroidPotion"},{"floor":33,"key":"Regen Potion"},{"floor":36,"key":"FairyPotion"},{"floor":42,"key":"SteroidPotion"},{"floor":46,"key":"Regen Potion"},{"floor":48,"key":"FearPotion"}],"is_trial":false,"path_per_floor":["R","M","M","M","?","E","T","R","M","?","?","$","R","E","M","B",null,"R","M","M","M","$","M","T","R","M","E","R","E","R","?","M","B",null,"R","M","$","M","?","R","T","E","T","E","?","M","R","M","M","B",null],"character_chosen":"GUARDIAN","items_purchased":["Guardian:Gem_White","Guardian:MultiBeam","Guardian:Orbwalk+1","Guardian:Gem_Fragmented","Guardian:Gem_Purple","Guardian:Gem_Crimson"],"campfire_rested":1,"item_purchase_floors":[12,12,12,22,22,37],"current_hp_per_floor":[65,65,63,59,59,27,27,48,45,40,40,38,38,40,26,25,62,62,64,46,43,43,38,38,38,19,8,8,15,15,23,23,27,71,71,73,75,75,75,75,75,90,90,79,79,86,96,90,90,85],"gold":50,"neow_bonus":"BOSS_RELIC","is_daily":false,"chose_seed":false,"campfire_upgraded":8,"win_rate":0.0,"timestamp":1609458737,"path_taken":["R","M","M","M","?","E","T","R","M","?","?","$","R","E","M","BOSS","R","M","M","M","$","M","T","R","M","E","R","E","R","?","M","BOSS","R","M","$","M","?","R","T","E","?","E","?","M","R","?","M","BOSS"],"items_purchased_type":["Card","Card","Card","Card","Card","Card"],"build_version":"2020-12-22","purchased_purges":0,"victory":true,"max_hp_per_floor":[72,72,72,72,72,72,72,72,72,72,72,72,72,74,74,74,74,74,76,76,78,80,80,80,80,82,84,84,86,86,86,86,86,86,86,88,90,90,90,90,90,90,90,92,92,94,104,104,104,104],"relic_stats":{"Singing Bowl":22,"Gremlin Horn":[10,10],"Happy Flower":[7],"counters":[30,137],"Astrolabe":["Guardian:Repulse","Guardian:ExploitGems","Guardian:HyperBeam_Guardian"],"Kunai":[6],"obtain_stats":[{"Singing Bowl":14,"Gremlin Horn":29,"downfall:HeartBlessingRed":30,"Happy Flower":42,"Guardian:StasisEgg":39,"Astrolabe":0,"Guardian:ModeShifter":0,"downfall:HeartBlessingGreen":47,"Incense Burner":10,"Bottled Tornado":6,"Frozen Egg 2":7,"White Beast Statue":24,"Anchor":41,"downfall:HeartBlessingBlue":47,"Coffee Dripper":17,"Red Mask":31,"Kunai":44,"Toy Ornithopter":27,"Runic Pyramid":34},{"Singing Bowl":8,"Gremlin Horn":18,"downfall:HeartBlessingRed":18,"Happy Flower":25,"Guardian:StasisEgg":24,"Astrolabe":0,"Guardian:ModeShifter":0,"downfall:HeartBlessingGreen":27,"Incense Burner":6,"Bottled Tornado":4,"Frozen Egg 2":4,"White Beast Statue":15,"Anchor":24,"downfall:HeartBlessingBlue":27,"Coffee Dripper":10,"Red Mask":19,"Kunai":26,"Toy Ornithopter":17,"Runic Pyramid":21},{"Singing Bowl":33,"Gremlin Horn":82,"downfall:HeartBlessingRed":82,"Happy Flower":114,"Guardian:StasisEgg":107,"Astrolabe":0,"Guardian:ModeShifter":0,"downfall:HeartBlessingGreen":123,"Incense Burner":25,"Bottled Tornado":16,"Frozen Egg 2":16,"White Beast Statue":65,"Anchor":107,"downfall:HeartBlessingBlue":123,"Coffee Dripper":42,"Red Mask":84,"Kunai":120,"Toy Ornithopter":77,"Runic Pyramid":96}],"Toy Ornithopter":45},"card_choices":[{"not_picked":["Guardian:Gem_Cyan","Guardian:Suspension"],"picked":"Guardian:Reroute","floor":2.0},{"not_picked":["Guardian:ShieldCharger","Guardian:Gem_Red"],"picked":"Guardian:WalkerClaw","floor":3.0},{"not_picked":["Guardian:RollAttack","Guardian:Planning","Guardian:FuturePlans"],"picked":"SKIP","floor":4.0},{"not_picked":["Guardian:ShieldCharger","Guardian:TemporalShield","Guardian:Repulse"],"picked":"SKIP","floor":6.0},{"not_picked":["Guardian:PrismaticBarrier","Guardian:FierceBash"],"picked":"Guardian:ArmoredProtocol+1","floor":9.0},{"not_picked":["Guardian:PrimingBeam","Guardian:RollAttack"],"picked":"Guardian:Gem_Fragmented","floor":10.0},{"not_picked":["Guardian:FuturePlans+1","Guardian:Suspension"],"picked":"Guardian:FastForward","floor":12.0},{"not_picked":["Guardian:Planning","Guardian:TemporalShield","Guardian:ShieldSpikes"],"picked":"Singing Bowl","floor":14.0},{"not_picked":["Guardian:VentSteam","Guardian:WalkerClaw"],"picked":"Guardian:Recover","floor":15.0},{"not_picked":["Guardian:SphericShield","Guardian:FierceBash"],"picked":"Guardian:StasisField","floor":16.0},{"not_picked":["Guardian:RollAttack","Guardian:TemporalShield","Guardian:PiercingHide"],"picked":"Singing Bowl","floor":19.0},{"not_picked":["Guardian:Suspension","Guardian:ShieldSpikes"],"picked":"Guardian:Orbwalk+1","floor":20.0},{"not_picked":["Guardian:SentryBeam","Guardian:VentSteam","Guardian:Gem_Red"],"picked":"Singing Bowl","floor":21.0},{"not_picked":["Guardian:TemporalStrike","Guardian:Recover","Guardian:WalkerClaw"],"picked":"Singing Bowl","floor":22.0},{"not_picked":["Guardian:RollAttack","Guardian:FloatingOrbs+1"],"picked":"Guardian:Gem_Blue","floor":23.0},{"not_picked":["Guardian:Gem_Green","Guardian:Planning","Guardian:Gem_Purple"],"picked":"Singing Bowl","floor":26.0},{"not_picked":["Guardian:PrimingBeam+1","Guardian:FastForward","Guardian:PiercingHide"],"picked":"Singing Bowl","floor":27.0},{"not_picked":["Guardian:Gem_Blue","Guardian:RefractedBeam","Guardian:Gem_Lightblue"],"picked":"Singing Bowl","floor":29.0},{"not_picked":["Guardian:Gem_Red","Guardian:PrimingBeam"],"picked":"Guardian:ArmoredProtocol+1","floor":31},{"not_picked":["Guardian:WalkerClaw","Guardian:Planning"],"picked":"Guardian:SpikerProtocol+1","floor":32},{"not_picked":["Guardian:StasisField","Guardian:GatlingBeam"],"picked":"Guardian:ExploitGems","floor":33},{"not_picked":["Guardian:Gem_Red","Guardian:Incinerate+1","Guardian:PiercingHide"],"picked":"Singing Bowl","floor":36},{"not_picked":["Guardian:Suspension+1","Guardian:RollAttack","Guardian:Gem_Green"],"picked":"Singing Bowl","floor":37},{"not_picked":["Guardian:TemporalStrike","Guardian:CrystalBeam+1"],"picked":"Guardian:DecasProtection","floor":38},{"not_picked":["Guardian:ShieldSpikes","Guardian:WalkerClaw"],"picked":"Guardian:RevengeProtocol+1","floor":42},{"not_picked":["Guardian:Preprogram","Guardian:RollAttack","Guardian:CrystalBeam"],"picked":"Singing Bowl","floor":44},{"not_picked":["Guardian:PrismaticBeam","Guardian:Orbwalk+1","Guardian:ChargeCore"],"picked":"Singing Bowl","floor":46},{"not_picked":["Guardian:CrystalBeam","Guardian:PolyBeam"],"picked":"Guardian:FloatingOrbs+1","floor":48},{"not_picked":["Guardian:Gem_Cyan","Guardian:ShieldCharger+1"],"picked":"Guardian:Clone+1","floor":49}],"player_experience":691103,"relics_obtained":[{"floor":6.0,"key":"Bottled Tornado"},{"floor":7.0,"key":"Frozen Egg 2"},{"floor":10.0,"key":"Incense Burner"},{"floor":14.0,"key":"Singing Bowl"},{"floor":24.0,"key":"White Beast Statue"},{"floor":27.0,"key":"Toy Ornithopter"},{"floor":29.0,"key":"Gremlin Horn"},{"floor":31,"key":"Red Mask"},{"floor":41,"key":"Anchor"},{"floor":42,"key":"Happy Flower"},{"floor":44,"key":"Kunai"}],"event_choices":[{"damage_healed":0,"gold_gain":0,"player_choice":"Fought Bandits","damage_taken":0,"max_hp_gain":0,"max_hp_loss":0,"event_name":"Masked Bandits","floor":31,"gold_loss":0},{"cards_removed":["Guardian:Defend_Guardian"],"damage_healed":0,"gold_gain":0,"player_choice":"Removed Skill","damage_taken":0,"max_hp_gain":0,"max_hp_loss":0,"event_name":"Falling","floor":45,"gold_loss":0}],"is_beta":false,"boss_relics":[{"not_picked":["Empty Cage","Sozu"],"picked":"Coffee Dripper"},{"not_picked":["Calling Bell","Fusion Hammer"],"picked":"Runic Pyramid"}],"items_purged_floors":[],"is_endless":false,"potions_floor_spawned":[3,10,14,15,16,19,21,26,27,29,31,32,33,36,37,38,42,44,46,48,49],"ascension_level":19}}