{"host":"dcj2yvrgcvh5dl2s","time":1609386317,"event":{"mods":["BaseMod","Better Note","Block Reminder","Colored Powertips","DeckTracker","Minty Spire (QoL Compilation)","Quick Restart","Rare Cards Sparkle","Relic Stats","StSLib"],"gold_per_floor":[112,127,2,19,19,50,50,50,50],"floor_reached":8,"playtime":175,"items_purged":["Strike_R"],"score":106,"play_id":"ccfa1846-48de-475a-871e-2b22b956a16c","local_time":"20201231134517","is_ascension_mode":true,"campfire_choices":[{"floor":7,"key":"REST"}],"circlet_count":0,"master_deck":["AscendersBane","Strike_R","Strike_R","Strike_R","Strike_R","Defend_R","Defend_R","Defend_R","Defend_R","Bash","Heavy Blade","Sword Boomerang","Whirlwind","Feel No Pain"],"relics":["Burning Blood","NeowsBlessing","Peace Pipe"],"acts_visited":["Exordium"],"potions_floor_usage":[6,6],"damage_taken":[{"damage":0,"enemies":"Cultist","floor":1,"turns":1},{"damage":0,"enemies":"Small Slimes","floor":2,"turns":1},{"damage":0,"enemies":"Jaw Worm","floor":4,"turns":1},{"damage":20,"enemies":"3 Sentries","floor":6,"turns":3},{"damage":75,"enemies":"Lagavulin","floor":8,"turns":8}],"seed_played":"-1606932689677024634","potions_obtained":[{"floor":2,"key":"LiquidMemories"},{"floor":4,"key":"SkillPotion"}],"is_trial":false,"path_per_floor":["M","M","$","M","$","E","R","E"],"character_chosen":"IRONCLAD","items_purchased":["Sword Boomerang"],"campfire_rested":1,"item_purchase_floors":[3],"current_hp_per_floor":[74,75,75,75,75,61,75,0,0],"gold":50,"neow_bonus":"THREE_ENEMY_KILL","is_daily":false,"chose_seed":false,"campfire_upgraded":0,"win_rate":0.0,"timestamp":1609386317,"path_taken":["M","?","$","M","$","E","R","E"],"items_purchased_type":["Card"],"build_version":"2020-12-22","purchased_purges":1,"victory":false,"max_hp_per_floor":[75,75,75,75,75,75,75,75,75],"relic_stats":{"Peace Pipe":0,"counters":[5,14],"obtain_stats":[{"Peace Pipe":6,"NeowsBlessing":0,"Burning Blood":0},{"Peace Pipe":4,"NeowsBlessing":0,"Burning Blood":0},{"Peace Pipe":6,"NeowsBlessing":0,"Burning Blood":0}],"Burning Blood":13},"card_choices":[{"not_picked":["Flex","Twin Strike"],"picked":"Heavy Blade","floor":1},{"not_picked":["Clash","Clothesline","Burning Pact"],"picked":"SKIP","floor":2},{"not_picked":["Clothesline","Iron Wave"],"picked":"Whirlwind","floor":4},{"not_picked":["Dark Embrace","Pommel Strike"],"picked":"Feel No Pain","floor":6}],"player_experience":2119046,"relics_obtained":[{"floor":6,"key":"Peace Pipe"}],"event_choices":[],"is_beta":false,"boss_relics":[],"items_purged_floors":[3],"is_endless":false,"potions_floor_spawned":[2,4],"killed_by":"Lagavulin","ascension_level":18}}