{"host":"08sn1703g14rasc1","time":1609383508,"event":{"mods":["AchievementEnabler","BaseMod","Colored Map","Colored Powertips","Hermit","Minty Spire (QoL Compilation)","StSLib"],"gold_per_floor":[114,126,126,0,275,275,309,320,400,411,431,431,457,457,457,552,552,569,569,494,1,21,46,46,46,46,46,46,57,156,58,58,159,159,171,171,171,186,206,206,17,17,17,49,49,49,49,64,64,64,64],"floor_reached":50,"playtime":2584,"items_purged":["hermit:Strike_Hermit","hermit:Strike_Hermit+1"],"score":726,"play_id":"50aa53c5-c2f9-4d8c-a006-e456d43a9682","local_time":"20201230185828","is_ascension_mode":true,"campfire_choices":[{"data":"hermit:HighCaliber","floor":6,"key":"SMITH"},{"floor":12,"key":"REST"},{"data":"hermit:Combo","floor":15,"key":"SMITH"},{"floor":24,"key":"REST"},{"data":"hermit:BlackWind","floor":27,"key":"SMITH"},{"data":"hermit:Combo","floor":32,"key":"SMITH"},{"floor":40,"key":"REST"},{"floor":42,"key":"REST"},{"floor":45,"key":"REST"},{"floor":49,"key":"REST"}],"circlet_count":0,"master_deck":["hermit:Strike_Hermit+1","hermit:Strike_Hermit+1","hermit:Defend_Hermit+1","hermit:Defend_Hermit+1","hermit:Snapshot","hermit:Covet","hermit:HighCaliber+1","hermit:Quickdraw","Regret","hermit:Gestalt","hermit:LuckOfTheDraw","hermit:Combo+1","hermit:GhostlyPresence","hermit:OverwhelmingPower+1","hermit:Vantage+1","Metamorphosis+1","hermit:Combo+1","hermit:Cheat+1","hermit:TakeCover+1","Forethought+1","hermit:Reprieve+1","hermit:PistolWhip","hermit:HeroicBravado+1","hermit:LoneWolf+1","Forethought+1","hermit:Malice+1","hermit:TrackingShot+1"],"relics":["hermit:ClaspedLocket","NeowsBlessing","Toy Ornithopter","Happy Flower","Toxic Egg 2","SacredBark","HornCleat","Pocketwatch","Bottled Flame","Nloth\u0027s Gift","Eternal Feather","Pen Nib"],"acts_visited":["Exordium","TheCity","TheBeyond"],"potions_floor_usage":[13,16,23,23,33,33,48,48],"damage_taken":[{"damage":0,"enemies":"2 Louse","floor":1,"turns":1},{"damage":0,"enemies":"Jaw Worm","floor":2,"turns":1},{"damage":0,"enemies":"Gremlin Nob","floor":7,"turns":1},{"damage":0,"enemies":"Cultist","floor":8,"turns":3},{"damage":9,"enemies":"Large Slime","floor":10,"turns":6},{"damage":0,"enemies":"Looter","floor":11,"turns":2},{"damage":15,"enemies":"Lagavulin","floor":13,"turns":8},{"damage":1,"enemies":"Slime Boss","floor":16,"turns":9},{"damage":51,"enemies":"3 Byrds","floor":18,"turns":7},{"damage":0,"enemies":"Chosen","floor":22,"turns":2},{"damage":15,"enemies":"Slavers","floor":23,"turns":6},{"damage":8,"enemies":"Centurion and Healer","floor":29,"turns":4},{"damage":22,"enemies":"Champ","floor":33,"turns":8},{"damage":29,"enemies":"3 Darklings","floor":35,"turns":3},{"damage":22,"enemies":"3 Shapes","floor":38,"turns":4},{"damage":29,"enemies":"Jaw Worm Horde","floor":39,"turns":5},{"damage":21,"enemies":"Nemesis","floor":44,"turns":7},{"damage":27,"enemies":"4 Shapes","floor":48,"turns":5},{"damage":92,"enemies":"Awakened One","floor":50,"turns":6}],"seed_played":"-2123087328158842955","potions_obtained":[{"floor":2,"key":"Swift Potion"},{"floor":8,"key":"EssenceOfSteel"},{"floor":18,"key":"Strength Potion"},{"floor":23,"key":"SkillPotion"},{"floor":39,"key":"Fire Potion"},{"floor":44,"key":"SkillPotion"}],"is_trial":false,"path_per_floor":["M","M","?","$","?","R","E","M","T","M","M","R","E","?","R","B",null,"M","?","?","$","M","E","R","?","T","R","?","M","?","$","R","B",null,"M","?","?","M","M","R","$","R","T","E","R","?","?","M","R","B"],"character_chosen":"HERMIT","items_purchased":["Fire Potion","Metamorphosis+1","hermit:Combo","HornCleat","hermit:Tonic","Forethought+1","Forethought+1"],"campfire_rested":6,"item_purchase_floors":[4,21,21,21,21,31,41],"current_hp_per_floor":[68,68,53,53,53,53,53,53,63,54,54,79,69,66,66,70,81,30,30,30,30,30,25,50,78,78,78,78,70,70,70,70,58,78,49,49,49,28,3,28,28,53,53,34,74,74,74,61,85,0,0],"gold":64,"neow_bonus":"THREE_ENEMY_KILL","is_daily":false,"chose_seed":false,"campfire_upgraded":4,"win_rate":0.0,"timestamp":1609383508,"path_taken":["M","M","?","$","?","R","E","M","T","?","M","R","E","?","R","BOSS","M","?","?","$","M","E","R","?","T","R","?","?","?","$","R","BOSS","M","?","?","M","?","R","$","R","T","E","R","?","?","?","R","BOSS"],"items_purchased_type":["Potion","Card","Card","Relic","Potion","Card","Card"],"build_version":"2020-12-22","purchased_purges":2,"victory":false,"max_hp_per_floor":[75,75,75,75,75,75,75,75,85,85,85,85,85,85,85,85,85,85,85,85,85,85,85,85,85,85,85,85,85,85,85,85,85,85,85,85,85,85,85,85,85,85,85,85,85,85,85,85,85,85,85],"card_choices":[{"not_picked":["hermit:Enervate","hermit:Feint"],"picked":"hermit:HighCaliber","floor":1},{"not_picked":["hermit:DeadMansHand","hermit:Manifest"],"picked":"hermit:Quickdraw","floor":2},{"not_picked":["hermit:Deadeye","hermit:Brawl"],"picked":"hermit:BlackWind","floor":7},{"not_picked":["hermit:GhostlyPresence","hermit:Ricochet"],"picked":"hermit:Gestalt","floor":8},{"not_picked":["hermit:DeadMansHand","hermit:ItchyTrigger"],"picked":"hermit:LuckOfTheDraw","floor":10},{"not_picked":["hermit:Headshot","hermit:CursedWeapon"],"picked":"hermit:Combo","floor":11},{"not_picked":["hermit:Determination","hermit:BodyArmor"],"picked":"hermit:GhostlyPresence","floor":13},{"not_picked":["hermit:EternalForm","hermit:Magnum"],"picked":"hermit:OverwhelmingPower","floor":16},{"not_picked":["hermit:HoleUp+1","hermit:SprayPray+1"],"picked":"hermit:Vantage+1","floor":18},{"not_picked":["hermit:WideOpen+1","hermit:Shortfuse"],"picked":"hermit:Cheat+1","floor":22},{"not_picked":["hermit:ShadowCloak","hermit:Brawl"],"picked":"hermit:TakeCover+1","floor":23},{"not_picked":["hermit:Roulette+1","hermit:Dive+1","hermit:BodyArmor+1"],"picked":"SKIP","floor":29},{"not_picked":["hermit:DeadOrAlive","hermit:Gambit+1"],"picked":"hermit:Reprieve+1","floor":33},{"not_picked":["hermit:ItchyTrigger+1","hermit:BodyArmor+1"],"picked":"hermit:PistolWhip","floor":35},{"not_picked":["hermit:CalledShot","hermit:Virtue+1"],"picked":"hermit:HeroicBravado+1","floor":38},{"not_picked":["hermit:Virtue+1","hermit:PistolWhip+1"],"picked":"hermit:LoneWolf+1","floor":39},{"not_picked":["hermit:GhostlyPresence+1","hermit:Spite+1"],"picked":"hermit:Malice+1","floor":44},{"not_picked":["hermit:HighCaliber+1","hermit:Shortfuse"],"picked":"hermit:TrackingShot+1","floor":48}],"player_experience":453544,"relics_obtained":[{"floor":7,"key":"Toy Ornithopter"},{"floor":9,"key":"Pear"},{"floor":13,"key":"Happy Flower"},{"floor":23,"key":"Pocketwatch"},{"floor":26,"key":"Bottled Flame"},{"floor":43,"key":"Eternal Feather"},{"floor":44,"key":"Pen Nib"}],"event_choices":[{"damage_healed":0,"gold_gain":0,"player_choice":"Entered Light","damage_taken":15,"max_hp_gain":0,"max_hp_loss":0,"event_name":"Shining Light","floor":3,"gold_loss":0,"cards_upgraded":["hermit:Defend_Hermit","hermit:Defend_Hermit"]},{"damage_healed":0,"gold_gain":275,"player_choice":"Desecrate","damage_taken":0,"max_hp_gain":0,"max_hp_loss":0,"event_name":"Golden Shrine","floor":5,"gold_loss":0,"cards_obtained":["Regret"]},{"damage_healed":0,"gold_gain":0,"player_choice":"Success","damage_taken":3,"relics_obtained":["Toxic Egg 2"],"max_hp_gain":0,"max_hp_loss":0,"event_name":"Scrap Ooze","floor":14,"gold_loss":0},{"damage_healed":0,"gold_gain":0,"player_choice":"Simplicity","damage_taken":0,"max_hp_gain":0,"max_hp_loss":0,"event_name":"Back to Basics","floor":19,"gold_loss":0,"cards_upgraded":["hermit:Strike_Hermit","hermit:Strike_Hermit","hermit:Strike_Hermit","hermit:Defend_Hermit","hermit:Defend_Hermit"]},{"cards_removed":["hermit:Defend_Hermit"],"damage_healed":0,"gold_gain":0,"player_choice":"Gave Gold","damage_taken":0,"max_hp_gain":0,"max_hp_loss":0,"event_name":"Beggar","floor":20,"gold_loss":75},{"damage_healed":28,"gold_gain":0,"player_choice":"Heal","damage_taken":0,"max_hp_gain":0,"max_hp_loss":0,"event_name":"The Library","floor":25,"gold_loss":0},{"damage_healed":0,"gold_gain":0,"player_choice":"Traded Relic","damage_taken":0,"relics_obtained":["Nloth\u0027s Gift"],"max_hp_gain":0,"max_hp_loss":0,"event_name":"N\u0027loth","floor":28,"relics_lost":["Pear"],"gold_loss":0},{"damage_healed":0,"gold_gain":99,"player_choice":"Stole From Cult","damage_taken":0,"max_hp_gain":0,"max_hp_loss":0,"event_name":"Nest","floor":30,"gold_loss":0},{"damage_healed":0,"gold_gain":0,"player_choice":"Ignored","damage_taken":0,"max_hp_gain":0,"max_hp_loss":0,"event_name":"Tomb of Lord Red Mask","floor":36,"gold_loss":0},{"damage_healed":0,"gold_gain":0,"player_choice":"Forge","damage_taken":0,"max_hp_gain":0,"max_hp_loss":0,"event_name":"Accursed Blacksmith","floor":37,"gold_loss":0,"cards_upgraded":["hermit:OverwhelmingPower"]},{"cards_removed":["hermit:BlackWind"],"damage_healed":0,"gold_gain":0,"player_choice":"Removed Attack","damage_taken":0,"max_hp_gain":0,"max_hp_loss":0,"event_name":"Falling","floor":46,"gold_loss":0},{"cards_removed":["hermit:Defend_Hermit"],"damage_healed":0,"gold_gain":0,"player_choice":"Purged","damage_taken":0,"max_hp_gain":0,"max_hp_loss":0,"event_name":"Purifier","floor":47,"gold_loss":0}],"is_beta":false,"boss_relics":[{"not_picked":["Snecko Eye","Ectoplasm"],"picked":"SacredBark"},{"not_picked":["Philosopher\u0027s Stone","Empty Cage"],"picked":"hermit:ClaspedLocket"}],"items_purged_floors":[4,41],"is_endless":false,"potions_floor_spawned":[2,8,10,18,23,39,44],"killed_by":"Awakened One","ascension_level":7}}