{"host":"442ay2jxamvm52hx","time":1609456259,"event":{"mods":["AchievementEnabler","BaseMod","Better Note","Better Third Choice","DeckTracker","Downfall","Googly Eyes","Minty Spire (QoL Compilation)","Quick Restart","Replay The Spire","Spicy Shops","StSLib","The IronCluck","UnlockEverythingMod","slay the spire mod where everything is the same but ironclad has a cowboy hat"],"gold_per_floor":[118,12,12,12,24,24,52,63,113,131,165,179,179,189,189,290,290,302,36,51,66,84,112,112,129,197,276,293,311,311,311,311,311,311],"floor_reached":33,"playtime":1984,"items_purged":["Poisoned Stab"],"score":306,"play_id":"234e3d23-d45b-44a8-bc58-21854a33d247","local_time":"20201231181059","is_ascension_mode":false,"campfire_choices":[{"data":"Skewer","floor":6,"key":"SMITH"},{"floor":15,"key":"REST"},{"data":"Hidden Blade","floor":24,"key":"SMITH"},{"floor":30,"key":"REST"},{"floor":32,"key":"REST"}],"circlet_count":0,"master_deck":["Strike_G","Strike_G","Strike_G","Defend_G","Defend_G","Defend_G","Defend_G","Defend_G","Survivor","Neutralize","Backflip+1","Outmaneuver","Backstab","Skewer+1","Corpse Explosion","Leg Sweep","Prepared","Dagger Throw","After Image","Well Laid Plans+1","Predator+1","Dagger Throw+1","Dodge and Roll+1","Blade Dance","PiercingWail","Well Laid Plans","Hidden Blade+1","Dash","Accuracy+1"],"relics":["Ring of the Snake","NeowsBlessing","Bronze Scales","Bag of Preparation","Sundial","The Courier","Astrolabe","Quantum Egg","Golden Egg","Replay:Bottled Snecko","Letter Opener"],"acts_visited":["Exordium","TheCity"],"potions_floor_usage":[14,16,16,16,23,28,28,29],"damage_taken":[{"damage":0,"enemies":"Small Slimes","floor":1,"turns":1},{"damage":0,"enemies":"Jaw Worm","floor":5,"turns":1},{"damage":0,"enemies":"3 Sentries","floor":7,"turns":1},{"damage":0,"enemies":"Cultist","floor":8,"turns":2},{"damage":1,"enemies":"Exordium Thugs","floor":10,"turns":4},{"damage":47,"enemies":"Gremlin Nob","floor":11,"turns":5},{"damage":0,"enemies":"Lots of Slimes","floor":12,"turns":2},{"damage":0,"enemies":"Red Slaver","floor":14,"turns":1},{"damage":60,"enemies":"Fading Forest","floor":16,"turns":11},{"damage":10,"enemies":"3 Byrds","floor":18,"turns":2},{"damage":0,"enemies":"Chosen","floor":20,"turns":4},{"damage":12,"enemies":"Centurion and Healer","floor":21,"turns":5},{"damage":7,"enemies":"Snake Plant","floor":22,"turns":5},{"damage":23,"enemies":"Slavers","floor":23,"turns":3},{"damage":17,"enemies":"Chosen and Byrds","floor":25,"turns":6},{"damage":0,"enemies":"Centurion and Healer","floor":28,"turns":4},{"damage":2,"enemies":"Shelled Parasite and Fungi","floor":29,"turns":8},{"damage":50,"enemies":"Automaton","floor":33,"turns":6}],"seed_played":"-661651468521768321","potions_obtained":[{"floor":1,"key":"Energy Potion"},{"floor":5,"key":"Regen Potion"},{"floor":7,"key":"BlessingOfTheForge"},{"floor":14,"key":"LiquidBronze"},{"floor":21,"key":"Adrenaline Potion"},{"floor":22,"key":"BlessingOfTheForge"},{"floor":25,"key":"Adrenaline Potion"},{"floor":28,"key":"Block Potion"}],"is_trial":false,"path_per_floor":["M","$","?","?","M","R","E","M","T","M","E","M","T","M","R","B",null,"M","$","M","M","M","E","R","M","T","T","M","M","R","?","R","B"],"character_chosen":"THE_SILENT","items_purchased":["Outmaneuver","Backstab","Quantum Egg"],"campfire_rested":3,"item_purchase_floors":[2,2,19],"current_hp_per_floor":[70,70,75,75,75,75,75,75,75,74,27,27,27,27,49,8,75,65,65,65,53,46,23,23,6,6,6,6,4,26,26,48,0,0],"gold":311,"neow_bonus":"THREE_ENEMY_KILL","is_daily":false,"chose_seed":false,"campfire_upgraded":2,"win_rate":0.0,"timestamp":1609456259,"path_taken":["M","$","?","?","M","R","E","M","T","M","E","?","?","M","R","BOSS","M","$","M","M","M","E","R","?","T","?","M","M","R","?","R","BOSS"],"items_purchased_type":["Card","Card","Relic"],"build_version":"2020-12-22","purchased_purges":1,"victory":false,"max_hp_per_floor":[70,70,75,75,75,75,75,75,75,75,75,75,75,75,75,75,75,75,75,75,75,75,75,75,75,75,75,75,75,75,75,75,75,75],"card_choices":[{"not_picked":["Choke","Flying Knee"],"picked":"Backflip","floor":1},{"not_picked":["Accuracy","Escape Plan"],"picked":"Skewer","floor":5},{"not_picked":["Deflect","Slice"],"picked":"Corpse Explosion","floor":7},{"not_picked":["Slice","Deadly Poison","Outmaneuver"],"picked":"SKIP","floor":8},{"not_picked":["ReplayTheSpireMod:Tripwire","Slice"],"picked":"Poisoned Stab","floor":10},{"not_picked":["Bouncing Flask","Skewer"],"picked":"Leg Sweep","floor":11},{"not_picked":["Sucker Punch","Dagger Spray"],"picked":"Prepared","floor":12},{"not_picked":["Tactician","Poison Darts"],"picked":"Dagger Throw","floor":14},{"not_picked":["Grand Finale","Wraith Form v2"],"picked":"After Image","floor":16},{"not_picked":["Deadly Poison","Dagger Throw+1"],"picked":"Dodge and Roll+1","floor":18},{"not_picked":["Dodge and Roll","ReplayTheSpireMod:Exploit Weakness"],"picked":"Blade Dance","floor":20},{"not_picked":["Prepared","Backflip+1"],"picked":"PiercingWail","floor":21},{"not_picked":["Leg Sweep","Die Die Die"],"picked":"Well Laid Plans","floor":22},{"not_picked":["Dodge and Roll","Quick Slash"],"picked":"Hidden Blade","floor":23},{"not_picked":["Hidden Blade","Quick Slash"],"picked":"Dash","floor":25},{"not_picked":["Backflip+1","Poisoned Stab","Flying Knee+1"],"picked":"SKIP","floor":28},{"not_picked":["Cloak And Dagger+1","Expertise+1"],"picked":"Accuracy+1","floor":29}],"player_experience":56960,"relics_obtained":[{"floor":7,"key":"Bronze Scales"},{"floor":9,"key":"Bag of Preparation"},{"floor":11,"key":"Sundial"},{"floor":13,"key":"The Courier"},{"floor":23,"key":"Golden Egg"},{"floor":26,"key":"Replay:Bottled Snecko"},{"floor":27,"key":"Letter Opener"}],"event_choices":[{"damage_healed":0,"gold_gain":0,"player_choice":"Donut","damage_taken":0,"max_hp_gain":5,"max_hp_loss":0,"event_name":"Big Fish","floor":3,"gold_loss":0},{"damage_healed":0,"gold_gain":0,"player_choice":"Upgraded","damage_taken":0,"max_hp_gain":0,"max_hp_loss":0,"event_name":"Upgrade Shrine","floor":4,"gold_loss":0,"cards_upgraded":["Backflip"]},{"damage_healed":0,"gold_gain":0,"player_choice":"Ignored","damage_taken":0,"max_hp_gain":0,"max_hp_loss":0,"event_name":"betterNote:BetterNote","floor":31,"gold_loss":0,"cards_obtained":["Replay:Undeath\u0027s Touch"]}],"is_beta":false,"boss_relics":[{"not_picked":["Busted Crown","Ring of Chaos"],"picked":"Astrolabe"}],"items_purged_floors":[19],"is_endless":false,"potions_floor_spawned":[1,5,7,14,21,22,25,28],"killed_by":"Automaton","ascension_level":0}}