{"host":"5jn3rki867005t18","time":1609387269,"event":{"mods":["AchievementEnabler","BaseMod","Colored Map","DeckTracker","Highlight Path","Minty Spire (QoL Compilation)","Permanent Neow","Quick Restart","StSLib","SuperFastMode"],"gold_per_floor":[114,131,147,11,28,28,62,62,86,109,119,44,57,75,75,175,175,100,100,0,0,0,0,0,0,0,0,0,0,0,0,0,0,0],"floor_reached":33,"playtime":988,"items_purged":["Strike_R","Decay"],"score":282,"play_id":"90987e49-a0dd-42c7-b843-8da4d9dc3dd4","local_time":"20201231130109","is_ascension_mode":true,"campfire_choices":[{"data":"Carnage","floor":6,"key":"SMITH"},{"data":"Bludgeon","floor":15,"key":"SMITH"},{"data":"Corruption","floor":23,"key":"SMITH"},{"floor":32,"key":"REST"}],"circlet_count":0,"master_deck":["Strike_R","Strike_R","Strike_R","Defend_R","Defend_R","Defend_R","Defend_R","Bash+1","Seeing Red","Armaments","Rage","Bludgeon+1","Carnage+1","Bloodletting","Thunderclap","Flame Barrier","Carnage","Clothesline","Corruption+1","Body Slam","Writhe","Pommel Strike","Fire Breathing","Twin Strike","Infernal Blade","Demon Form+1"],"relics":["Burning Blood","Strawberry","Juzu Bracelet","Lantern","Ectoplasm","Smiling Mask","Pantograph","Omamori"],"acts_visited":["Exordium","TheCity"],"potions_floor_usage":[7,16,16,18,25,27,31,33],"damage_taken":[{"damage":1,"enemies":"Cultist","floor":1,"turns":4},{"damage":0,"enemies":"2 Louse","floor":2,"turns":4},{"damage":4,"enemies":"Jaw Worm","floor":3,"turns":5},{"damage":5,"enemies":"Looter","floor":5,"turns":2},{"damage":16,"enemies":"Gremlin Nob","floor":7,"turns":3},{"damage":11,"enemies":"Red Slaver","floor":11,"turns":2},{"damage":0,"enemies":"Exordium Thugs","floor":13,"turns":3},{"damage":3,"enemies":"Looter","floor":14,"turns":1},{"damage":61,"enemies":"The Guardian","floor":16,"turns":10},{"damage":16,"enemies":"2 Thieves","floor":18,"turns":4},{"damage":0,"enemies":"Chosen","floor":24,"turns":3},{"damage":52,"enemies":"Gremlin Leader","floor":25,"turns":3},{"damage":0,"enemies":"Snecko","floor":27,"turns":2},{"damage":21,"enemies":"Snake Plant","floor":29,"turns":3},{"damage":14,"enemies":"Sentry and Sphere","floor":31,"turns":4},{"damage":72,"enemies":"Automaton","floor":33,"turns":8}],"seed_played":"3601266846425051038","potions_obtained":[{"floor":1,"key":"Explosive Potion"},{"floor":5,"key":"PowerPotion"},{"floor":11,"key":"EssenceOfSteel"},{"floor":14,"key":"SteroidPotion"},{"floor":16,"key":"LiquidMemories"},{"floor":25,"key":"Explosive Potion"},{"floor":29,"key":"Block Potion"},{"floor":31,"key":"Block Potion"}],"is_trial":false,"path_per_floor":["M","M","M","$","M","R","E","?","T","T","M","$","M","M","R","B",null,"M","?","$","?","?","R","M","E","T","M","?","M","?","M","R","B"],"character_chosen":"IRONCLAD","items_purchased":["Bludgeon","Carnage"],"campfire_rested":1,"item_purchase_floors":[4,4],"current_hp_per_floor":[80,80,80,80,80,80,77,77,77,77,72,72,78,81,81,26,87,77,77,77,77,77,77,83,37,37,43,43,28,28,20,46,0,0],"gold":0,"neow_bonus":"UPGRADE_CARD","is_daily":false,"chose_seed":false,"campfire_upgraded":3,"win_rate":0.0,"timestamp":1609387269,"path_taken":["M","M","?","?","?","R","E","?","T","?","M","$","M","M","R","BOSS","M","?","$","?","?","R","M","E","T","M","?","M","?","M","R","BOSS"],"items_purchased_type":["Card","Card"],"build_version":"2020-12-22","purchased_purges":2,"victory":false,"max_hp_per_floor":[80,80,80,80,80,80,87,87,87,87,87,87,87,87,87,87,87,87,87,87,87,87,87,87,87,87,87,87,87,87,87,87,87,87],"card_choices":[{"not_picked":["Clothesline","Warcry"],"picked":"Seeing Red","floor":1},{"not_picked":["Reckless Charge","Heavy Blade"],"picked":"Armaments","floor":2},{"not_picked":["Ghostly Armor","Hemokinesis"],"picked":"Rage","floor":3},{"not_picked":["Twin Strike","Pummel"],"picked":"Bloodletting","floor":5},{"not_picked":["Perfected Strike","Sever Soul"],"picked":"Thunderclap","floor":7},{"not_picked":["Sentinel","Twin Strike"],"picked":"Flame Barrier","floor":11},{"not_picked":["Dark Embrace","Blood for Blood"],"picked":"Carnage","floor":13},{"not_picked":["Sword Boomerang","Bloodletting"],"picked":"Clothesline","floor":14},{"not_picked":["Bludgeon","Offering"],"picked":"Corruption","floor":16},{"not_picked":["Havoc","Thunderclap+1"],"picked":"Body Slam","floor":18},{"not_picked":["Reckless Charge+1","Headbutt"],"picked":"Pommel Strike","floor":24},{"not_picked":["Pommel Strike","Headbutt+1"],"picked":"Fire Breathing","floor":25},{"not_picked":["Flex","Body Slam"],"picked":"Twin Strike","floor":27},{"not_picked":["Dark Embrace","Havoc"],"picked":"Demon Form","floor":29},{"not_picked":["Perfected Strike","Pommel Strike","Headbutt"],"picked":"SKIP","floor":31}],"player_experience":146826,"relics_obtained":[{"floor":7,"key":"Strawberry"},{"floor":9,"key":"Juzu Bracelet"},{"floor":10,"key":"Lantern"},{"floor":25,"key":"Pantograph"},{"floor":26,"key":"Omamori"}],"event_choices":[{"cards_removed":["Strike_R"],"damage_healed":0,"gold_gain":0,"player_choice":"Forget","damage_taken":0,"max_hp_gain":0,"max_hp_loss":0,"event_name":"Living Wall","floor":8,"gold_loss":0},{"damage_healed":0,"gold_gain":0,"player_choice":"Cursed","damage_taken":0,"max_hp_gain":0,"max_hp_loss":0,"event_name":"Wheel of Change","floor":19,"gold_loss":0,"cards_obtained":["Decay"]},{"damage_healed":0,"gold_gain":0,"player_choice":"Opened","damage_taken":0,"relics_obtained":["Smiling Mask"],"max_hp_gain":0,"max_hp_loss":0,"event_name":"The Mausoleum","floor":21,"gold_loss":0,"cards_obtained":["Writhe"]},{"damage_healed":0,"gold_gain":0,"player_choice":"Ignored","damage_taken":0,"max_hp_gain":0,"max_hp_loss":0,"event_name":"Vampires","floor":22,"gold_loss":0},{"damage_healed":0,"gold_gain":0,"player_choice":"Read","damage_taken":0,"max_hp_gain":0,"max_hp_loss":0,"event_name":"The Library","floor":28,"gold_loss":0,"cards_obtained":["Infernal Blade"]},{"damage_healed":0,"gold_gain":0,"player_choice":"Forge","damage_taken":0,"max_hp_gain":0,"max_hp_loss":0,"event_name":"Accursed Blacksmith","floor":30,"gold_loss":0,"cards_upgraded":["Demon Form"]}],"is_beta":false,"boss_relics":[{"not_picked":["Runic Pyramid","Fusion Hammer"],"picked":"Ectoplasm"}],"items_purged_floors":[12,20],"is_endless":false,"potions_floor_spawned":[1,5,11,14,16,25,29,31],"killed_by":"Automaton","ascension_level":1}}