{"host":"daa8jqyg4gqfaysm","time":1609387371,"event":{"mods":["BaseMod","Colored Powertips","Minty Spire (QoL Compilation)","StSLib"],"gold_per_floor":[112,37,37,48,198,235,263,263,286,286,26,54,89,89,89,89,89],"floor_reached":16,"playtime":361,"items_purged":["Doubt"],"score":266,"play_id":"cb4ff410-db28-4e2c-9820-489f385b3cd3","local_time":"20201231120251","is_ascension_mode":true,"campfire_choices":[{"data":"Neutralize","floor":8,"key":"SMITH"},{"data":"Dodge and Roll","floor":10,"key":"SMITH"},{"data":"Deadly Poison","floor":15,"key":"SMITH"}],"circlet_count":0,"master_deck":["AscendersBane","Strike_G","Strike_G","Strike_G","Strike_G","Defend_G","Defend_G","Defend_G","Defend_G","Defend_G","Survivor","Neutralize+1","Backstab","Quick Slash","Deflect","Dodge and Roll+1","Deadly Poison+1","Adrenaline","Slice"],"relics":["Ring of the Snake","NeowsBlessing","CeramicFish","Omamori","Peace Pipe"],"acts_visited":["Exordium"],"potions_floor_usage":[],"damage_taken":[{"damage":0,"enemies":"Small Slimes","floor":1,"turns":1},{"damage":0,"enemies":"2 Louse","floor":4,"turns":1},{"damage":0,"enemies":"Gremlin Nob","floor":6,"turns":1},{"damage":1,"enemies":"Jaw Worm","floor":7,"turns":4},{"damage":16,"enemies":"Large Slime","floor":12,"turns":8},{"damage":16,"enemies":"3 Sentries","floor":13,"turns":14},{"damage":2,"enemies":"Hexaghost","floor":16,"turns":7}],"seed_played":"-4840320734225713919","potions_obtained":[{"floor":7,"key":"Dexterity Potion"},{"floor":12,"key":"Block Potion"},{"floor":13,"key":"FearPotion"}],"is_trial":false,"path_per_floor":["M","?","$","M","?","E","M","R","T","R","$","M","E","T","R","B"],"character_chosen":"THE_SILENT","items_purchased":["Deadly Poison","Adrenaline"],"campfire_rested":0,"item_purchase_floors":[11,11],"current_hp_per_floor":[59,59,59,59,59,59,58,58,58,58,58,42,26,26,26,24,24],"gold":89,"neow_bonus":"THREE_ENEMY_KILL","is_daily":false,"chose_seed":false,"campfire_upgraded":3,"win_rate":0.0,"timestamp":1609387371,"path_taken":["M","?","$","M","?","E","M","R","T","R","$","M","E","?","R","BOSS"],"items_purchased_type":["Card","Card"],"build_version":"2020-12-22","purchased_purges":1,"victory":false,"max_hp_per_floor":[66,66,66,66,66,66,66,66,66,66,66,66,66,66,66,66,66],"card_choices":[{"not_picked":["Blade Dance","Deflect"],"picked":"Backstab","floor":1},{"not_picked":["Cloak And Dagger","Tactician"],"picked":"Quick Slash","floor":4},{"not_picked":["Accuracy","Underhanded Strike"],"picked":"Deflect","floor":6},{"not_picked":["Underhanded Strike","Riddle With Holes"],"picked":"Dodge and Roll","floor":7},{"not_picked":["Infinite Blades","Acrobatics"],"picked":"Slice","floor":12},{"not_picked":["Distraction","Blur","Outmaneuver"],"picked":"SKIP","floor":13}],"player_experience":762706,"relics_obtained":[{"floor":6,"key":"CeramicFish"},{"floor":13,"key":"Omamori"},{"floor":14,"key":"Peace Pipe"}],"event_choices":[{"cards_removed":["Strike_G"],"damage_healed":0,"gold_gain":0,"player_choice":"Card Removal","damage_taken":0,"max_hp_gain":0,"max_hp_loss":0,"event_name":"The Cleric","floor":2,"gold_loss":75},{"damage_healed":0,"gold_gain":150,"player_choice":"AGREE","damage_taken":0,"max_hp_gain":0,"max_hp_loss":0,"event_name":"Liars Game","floor":5,"gold_loss":0,"cards_obtained":["Doubt"]}],"is_beta":false,"boss_relics":[],"items_purged_floors":[11],"is_endless":false,"potions_floor_spawned":[7,12,13],"killed_by":"Hexaghost","ascension_level":20}}