{"host":"zhec3g4cvsmevugl","time":1609400292,"event":{"mods":["BaseMod","BetterRewards","Curses Come First","Minty Spire (QoL Compilation)","Relic Stats","Slay-I","StSLib"],"gold_per_floor":[114,129,144,159,9,9,33,33,58,82,82,106,130,154,154,263,263,287,311,311,320,320,320],"floor_reached":22,"playtime":979,"items_purged":[],"score":182,"play_id":"3be84c52-e2cf-4d6e-9b66-0907067ca07b","local_time":"20201231153812","daily_mods":["Heirloom","Time Dilation","Lethality"],"is_ascension_mode":false,"campfire_choices":[{"data":"Auto Shields","floor":6,"key":"SMITH"},{"data":"Conserve Battery","floor":8,"key":"SMITH"},{"data":"Conserve Battery","floor":15,"key":"SMITH"}],"circlet_count":0,"master_deck":["Strike_B","Strike_B","Strike_B","Defend_B","Defend_B","Defend_B","Zap","Dualcast","Sweeping Beam","Go for the Eyes","Auto Shields+1","Go for the Eyes","Conserve Battery+1","Go for the Eyes","Conserve Battery+1","Rip and Tear","Conserve Battery","Meteor Strike","Leap","Rebound+1","Fission"],"relics":["Cracked Core","WingedGreaves","CeramicFish","Oddly Smooth Stone","Inserter","MutagenicStrength"],"acts_visited":["Exordium","TheCity"],"potions_floor_usage":[4,16,16,18],"damage_taken":[{"damage":4,"enemies":"Cultist","floor":1,"turns":3},{"damage":0,"enemies":"2 Louse","floor":2,"turns":2},{"damage":5,"enemies":"Jaw Worm","floor":3,"turns":2},{"damage":10,"enemies":"Exordium Thugs","floor":4,"turns":3},{"damage":0,"enemies":"Blue Slaver","floor":7,"turns":3},{"damage":0,"enemies":"Exordium Wildlife","floor":10,"turns":3},{"damage":0,"enemies":"Large Slime","floor":12,"turns":4},{"damage":1,"enemies":"3 Louse","floor":13,"turns":3},{"damage":0,"enemies":"Exordium Thugs","floor":14,"turns":3},{"damage":34,"enemies":"Hexaghost","floor":16,"turns":8},{"damage":30,"enemies":"3 Byrds","floor":18,"turns":3},{"damage":26,"enemies":"Spheric Guardian","floor":19,"turns":6},{"damage":20,"enemies":"Centurion and Healer","floor":22,"turns":6}],"seed_played":"-5051420239723459148","potions_obtained":[{"floor":1,"key":"SkillPotion"},{"floor":7,"key":"Energy Potion"},{"floor":10,"key":"LiquidBronze"},{"floor":13,"key":"PowerPotion"}],"is_trial":false,"path_per_floor":["M","M","M","M","$","R","M","R","T","M","?","M","M","M","R","B",null,"M","M","?","?","M"],"character_chosen":"DEFECT","items_purchased":["CeramicFish"],"campfire_rested":0,"item_purchase_floors":[5],"current_hp_per_floor":[71,71,66,56,56,56,56,56,56,56,56,56,55,55,55,21,75,45,19,19,19,0,0],"gold":320,"neow_bonus":"","is_daily":true,"chose_seed":false,"campfire_upgraded":3,"win_rate":0.0,"timestamp":1609400292,"path_taken":["M","M","M","M","$","R","M","R","T","?","?","?","M","M","R","BOSS","M","M","?","?","M"],"items_purchased_type":["Relic"],"build_version":"2020-12-22","purchased_purges":0,"victory":false,"max_hp_per_floor":[75,75,75,75,75,75,75,75,75,75,75,75,75,75,75,75,75,75,75,75,75,75,75],"relic_stats":{"Inserter":[7],"counters":[13,49],"CeramicFish":81,"obtain_stats":[{"Inserter":17,"CeramicFish":5,"MutagenicStrength":20,"Oddly Smooth Stone":9,"WingedGreaves":0,"Cracked Core":0},{"Inserter":10,"CeramicFish":4,"MutagenicStrength":12,"Oddly Smooth Stone":5,"WingedGreaves":0,"Cracked Core":0},{"Inserter":34,"CeramicFish":10,"MutagenicStrength":43,"Oddly Smooth Stone":13,"WingedGreaves":0,"Cracked Core":0}]},"card_choices":[{"not_picked":["Skim","Turbo"],"picked":"Sweeping Beam","floor":1},{"not_picked":["Darkness","Aggregate"],"picked":"Go for the Eyes","floor":2},{"not_picked":["Undo","Cold Snap"],"picked":"Auto Shields","floor":3},{"not_picked":["Barrage","Recycle"],"picked":"Go for the Eyes","floor":4},{"not_picked":["Stack","Chaos"],"picked":"Conserve Battery","floor":7},{"not_picked":["Melter","Rebound"],"picked":"Go for the Eyes","floor":10},{"not_picked":["Multi-Cast","Coolheaded"],"picked":"Conserve Battery","floor":12},{"not_picked":["Barrage","Go for the Eyes"],"picked":"Rip and Tear","floor":13},{"not_picked":["Go for the Eyes","Reinforced Body"],"picked":"Conserve Battery","floor":14},{"not_picked":["Creative AI","Core Surge"],"picked":"Meteor Strike","floor":16},{"not_picked":["Go for the Eyes","Undo"],"picked":"Leap","floor":18},{"not_picked":["Barrage","Hologram"],"picked":"Rebound+1","floor":19}],"player_experience":196936,"relics_obtained":[{"floor":9,"key":"Oddly Smooth Stone"}],"event_choices":[{"cards_removed":["Defend_B"],"damage_healed":0,"gold_gain":0,"player_choice":"Offered Basic","damage_taken":0,"max_hp_gain":0,"max_hp_loss":0,"event_name":"Bonfire Elementals","floor":11,"gold_loss":0},{"damage_healed":0,"gold_gain":0,"player_choice":"Inject Mutagens","damage_taken":0,"relics_obtained":["MutagenicStrength"],"max_hp_gain":0,"max_hp_loss":0,"event_name":"Drug Dealer","floor":20,"gold_loss":0},{"damage_healed":0,"gold_gain":0,"cards_transformed":["Strike_B"],"player_choice":"Transformed","damage_taken":0,"max_hp_gain":0,"max_hp_loss":0,"event_name":"Transmorgrifier","floor":21,"gold_loss":0,"cards_obtained":["Fission"]}],"is_beta":false,"boss_relics":[{"not_picked":["Sozu","Black Star"],"picked":"Inserter"}],"items_purged_floors":[],"is_endless":false,"potions_floor_spawned":[1,7,10,13],"killed_by":"Centurion and Healer","ascension_level":0}}