{"host":"kh6fvhxn285ncg0o","time":1609393855,"event":{"mods":["Act Like it!","BaseMod","Colored Map","Friendly Minions","Keyboard Shortcuts","Minty Spire (QoL Compilation)","Quick Restart","Relic Stats","StSLib","SuperFastMode"],"gold_per_floor":[119,44,2,12,12,42,42,75,102,102,128,167,186,213,213,294,294,307,232,232,251,278,316,316,344,344,344,344,362,362,362],"floor_reached":30,"playtime":605,"items_purged":["Strike_R"],"score":618,"play_id":"048dce83-2ca1-41de-9f32-11771bdedbb0","local_time":"20201231145055","is_ascension_mode":true,"campfire_choices":[{"data":"Uppercut","floor":7.0,"key":"SMITH"},{"data":"Bludgeon","floor":10.0,"key":"SMITH"},{"data":"True Grit","floor":15.0,"key":"SMITH"},{"data":"Battle Trance","floor":24,"key":"SMITH"},{"data":"Dark Embrace","floor":27,"key":"SMITH"}],"circlet_count":0,"master_deck":["AscendersBane","Strike_R","Defend_R","Defend_R","Defend_R","Defend_R","Bash","Dark Embrace+1","Uppercut+1","Bludgeon+1","Shockwave","Burning Pact","True Grit+1","Ghostly Armor","Feed","Ghostly","Ghostly","Ghostly","Battle Trance+1","Blood for Blood","Battle Trance"],"relics":["Burning Blood","NeowsBlessing","Tiny Chest","Bronze Scales","CeramicFish","Velvet Choker","Ancient Tea Set","Magic Flower","Du-Vu Doll","Ornamental Fan"],"acts_visited":["Exordium","TheCity"],"potions_floor_usage":[23,25,30],"damage_taken":[{"damage":0.0,"enemies":"Jaw Worm","floor":1.0,"turns":1.0},{"damage":0.0,"enemies":"2 Louse","floor":4.0,"turns":1.0},{"damage":0.0,"enemies":"Lagavulin","floor":6.0,"turns":1.0},{"damage":30.0,"enemies":"3 Sentries","floor":8.0,"turns":8.0},{"damage":0.0,"enemies":"Small Slimes","floor":11.0,"turns":2.0},{"damage":25.0,"enemies":"Lagavulin","floor":12.0,"turns":6.0},{"damage":3.0,"enemies":"Looter","floor":13.0,"turns":3.0},{"damage":2.0,"enemies":"Large Slime","floor":14.0,"turns":5.0},{"damage":13.0,"enemies":"The Guardian","floor":16.0,"turns":12.0},{"damage":24.0,"enemies":"2 Thieves","floor":18.0,"turns":5.0},{"damage":1.0,"enemies":"3 Byrds","floor":21.0,"turns":3.0},{"damage":13,"enemies":"Gremlin Leader","floor":23,"turns":6},{"damage":18,"enemies":"Book of Stabbing","floor":25,"turns":6},{"damage":38,"enemies":"Slavers","floor":30,"turns":5}],"seed_played":"4911215414623004411","potions_obtained":[{"floor":6.0,"key":"PowerPotion"},{"floor":12.0,"key":"HeartOfIron"},{"floor":13.0,"key":"Dexterity Potion"},{"floor":20.0,"key":"HeartOfIron"},{"floor":21.0,"key":"DuplicationPotion"},{"floor":23,"key":"SkillPotion"},{"floor":25,"key":"Strength Potion"}],"is_trial":false,"path_per_floor":["M","?","$","M","?","E","R","E","T","R","M","E","M","M","R","B",null,"M","$","?","M","?","E","R","E","T","R","T","?","E"],"character_chosen":"IRONCLAD","items_purchased":["Uppercut"],"campfire_rested":0,"item_purchase_floors":[3],"current_hp_per_floor":[74,74,74,75,80,80,80,56,56,56,62,43,46,50,50,43,71,53,53,53,61,41,37,37,25,25,25,25,25,0,0],"gold":362,"neow_bonus":"THREE_ENEMY_KILL","is_daily":false,"chose_seed":false,"campfire_upgraded":5,"win_rate":0.0,"timestamp":1609393855,"path_taken":["M","?","$","M","?","E","R","E","T","R","M","E","M","M","R","BOSS","M","$","?","?","?","E","R","E","T","R","?","?","E"],"items_purchased_type":["Card"],"build_version":"2020-12-22","purchased_purges":1,"victory":false,"max_hp_per_floor":[75,75,75,75,80,80,80,80,80,80,80,80,80,80,80,80,80,80,80,80,83,41,44,44,44,44,44,44,44,47,47],"relic_stats":{"counters":[14,64],"Ornamental Fan":[0],"Bronze Scales":[268],"CeramicFish":90,"Magic Flower":[2],"Tiny Chest":1,"obtain_stats":[{"Du-Vu Doll":26,"NeowsBlessing":0,"Ornamental Fan":28,"Bronze Scales":8,"CeramicFish":9,"Velvet Choker":17,"Magic Flower":25,"Tiny Chest":6,"Ancient Tea Set":23,"Burning Blood":0},{"Du-Vu Doll":13,"NeowsBlessing":0,"Ornamental Fan":13,"Bronze Scales":4,"CeramicFish":4,"Velvet Choker":9,"Magic Flower":13,"Tiny Chest":3,"Ancient Tea Set":12,"Burning Blood":0},{"Du-Vu Doll":59,"NeowsBlessing":0,"Ornamental Fan":59,"Bronze Scales":11,"CeramicFish":11,"Velvet Choker":39,"Magic Flower":59,"Tiny Chest":3,"Ancient Tea Set":53,"Burning Blood":0}],"Burning Blood":67},"card_choices":[{"not_picked":["Havoc","Clash"],"picked":"Dark Embrace","floor":1.0},{"not_picked":["Heavy Blade","Flex"],"picked":"Bludgeon","floor":6.0},{"not_picked":["True Grit","Heavy Blade"],"picked":"Shockwave","floor":8.0},{"not_picked":["Perfected Strike","Twin Strike"],"picked":"Burning Pact","floor":11.0},{"not_picked":["Dark Embrace","Clothesline"],"picked":"True Grit","floor":12.0},{"not_picked":["Whirlwind","Clash","Pommel Strike"],"picked":"SKIP","floor":13.0},{"not_picked":["Intimidate","Uppercut"],"picked":"Ghostly Armor","floor":14.0},{"not_picked":["Exhume","Reaper"],"picked":"Feed","floor":16.0},{"not_picked":["Havoc+1","Headbutt","Wild Strike"],"picked":"SKIP","floor":21.0},{"not_picked":["Twin Strike","Headbutt"],"picked":"Battle Trance","floor":23},{"not_picked":["Combust","Spot Weakness","Battle Trance"],"picked":"SKIP","floor":25}],"player_experience":3328459,"relics_obtained":[{"floor":6.0,"key":"Tiny Chest"},{"floor":8.0,"key":"Bronze Scales"},{"floor":9.0,"key":"CeramicFish"},{"floor":23,"key":"Ancient Tea Set"},{"floor":25,"key":"Magic Flower"},{"floor":26,"key":"Du-Vu Doll"},{"floor":28,"key":"Ornamental Fan"}],"event_choices":[{"cards_removed":["Strike_R"],"damage_healed":0.0,"max_hp_gain":0.0,"max_hp_loss":0.0,"gold_gain":0.0,"event_name":"The Cleric","player_choice":"Card Removal","floor":2.0,"gold_loss":75.0,"damage_taken":0.0},{"damage_healed":0.0,"max_hp_gain":5.0,"max_hp_loss":0.0,"gold_gain":0.0,"event_name":"Big Fish","player_choice":"Donut","floor":5.0,"gold_loss":0.0,"damage_taken":0.0},{"damage_healed":0.0,"max_hp_gain":0.0,"max_hp_loss":0.0,"gold_gain":0.0,"event_name":"Lab","player_choice":"Got Potions","floor":20.0,"gold_loss":0.0,"damage_taken":0.0},{"damage_healed":0,"gold_gain":0,"player_choice":"Became a Ghost","damage_taken":0,"max_hp_gain":0,"max_hp_loss":42,"event_name":"Ghosts","floor":22,"gold_loss":0,"cards_obtained":["Ghostly","Ghostly","Ghostly"]},{"damage_healed":0,"gold_gain":0,"cards_transformed":["Strike_R","Strike_R"],"player_choice":"Became Test Subject","damage_taken":0,"max_hp_gain":0,"max_hp_loss":0,"event_name":"Drug Dealer","floor":29,"gold_loss":0,"cards_obtained":["Blood for Blood","Battle Trance"]}],"is_beta":false,"boss_relics":[{"not_picked":["Black Star","Tiny House"],"picked":"Velvet Choker"}],"items_purged_floors":[19],"is_endless":false,"potions_floor_spawned":[6,12,13,21,23,25],"killed_by":"Slavers","ascension_level":20}}