{"host":"873t0y8ybyo38pfq","time":1609441327,"event":{"mods":["BaseMod","Bestiary","Colored Map","Colored Powertips","Highlight Path","Minty Spire (QoL Compilation)","Quick Restart","RNG Fix","Rare Cards Sparkle","Relic Stats","StSLib"],"gold_per_floor":[119,138,63,28,43,43,43,74,151,175,250,269,312,340,340,438,438,462,487,523,473,489,489,489,513,513,513,513,533,558,573,573,669,732,746,777,793,1015,1015,1015,1029,1029,1029,621,641,531,531,226,226,226,226],"floor_reached":50,"playtime":3227,"items_purged":["Strike_B","Hologram"],"score":929,"play_id":"8a3ca866-b6d6-4e3d-a4a2-c6d2d034580f","local_time":"20201231140207","is_ascension_mode":true,"campfire_choices":[{"data":"Compile Driver","floor":6,"key":"SMITH"},{"floor":15,"key":"REST"},{"floor":23,"key":"REST"},{"data":"Rainbow","floor":28,"key":"SMITH"},{"data":"Ghostly","floor":32,"key":"SMITH"},{"data":"Ghostly","floor":40,"key":"SMITH"},{"floor":42,"key":"REST"},{"data":"Ghostly","floor":47,"key":"SMITH"},{"floor":49,"key":"RECALL"}],"circlet_count":0,"master_deck":["AscendersBane","Defend_B","Defend_B","Defend_B","Zap","Dualcast","Cold Snap","Compile Driver+1","Coolheaded","Conserve Battery","White Noise","Go for the Eyes","White Noise","Rainbow+1","Electrodynamics+1","Genetic Algorithm+1","Compile Driver","Auto Shields+1","Undo+1","Defragment+1","Ghostly+1","Ghostly+1","Ghostly+1","Hologram+1","Capacitor+1","Amplify","Compile Driver+1","Heatsinks+1","Capacitor+1","Violence"],"relics":["Nuclear Battery","Golden Idol","DataDisk","Frozen Egg 2","StrikeDummy","Odd Mushroom","Astrolabe","Red Mask","Girya","Oddly Smooth Stone","Tiny House","Calipers","Toolbox","Blood Vial"],"acts_visited":["Exordium","TheCity","TheBeyond"],"potions_floor_usage":[8,13,14,16,18,19,33,33,37,41],"damage_taken":[{"damage":9,"enemies":"2 Louse","floor":1,"turns":3},{"damage":6,"enemies":"Small Slimes","floor":2,"turns":3},{"damage":0,"enemies":"Cultist","floor":5,"turns":4},{"damage":9,"enemies":"3 Sentries","floor":8,"turns":8},{"damage":0,"enemies":"2 Fungi Beasts","floor":10,"turns":4},{"damage":2,"enemies":"Red Slaver","floor":12,"turns":4},{"damage":18,"enemies":"Lagavulin","floor":13,"turns":7},{"damage":7,"enemies":"The Mushroom Lair","floor":14,"turns":4},{"damage":25,"enemies":"Slime Boss","floor":16,"turns":8},{"damage":12,"enemies":"Shell Parasite","floor":18,"turns":5},{"damage":0,"enemies":"Chosen","floor":19,"turns":3},{"damage":5,"enemies":"Masked Bandits","floor":20,"turns":2},{"damage":33,"enemies":"Sentry and Sphere","floor":22,"turns":6},{"damage":0,"enemies":"Shelled Parasite and Fungi","floor":25,"turns":7},{"damage":0,"enemies":"Snake Plant","floor":29,"turns":5},{"damage":0,"enemies":"Centurion and Healer","floor":30,"turns":8},{"damage":0,"enemies":"3 Cultists","floor":31,"turns":5},{"damage":10,"enemies":"Champ","floor":33,"turns":13},{"damage":1,"enemies":"Orb Walker","floor":35,"turns":6},{"damage":0,"enemies":"Mind Bloom Boss Battle","floor":36,"turns":8},{"damage":0,"enemies":"3 Darklings","floor":37,"turns":3},{"damage":28,"enemies":"Maw","floor":41,"turns":9},{"damage":0,"enemies":"Writhing Mass","floor":45,"turns":11},{"damage":26,"enemies":"Time Eater","floor":50,"turns":3}],"seed_played":"-8155533089390093767","potions_obtained":[{"floor":2,"key":"EssenceOfDarkness"},{"floor":5,"key":"LiquidMemories"},{"floor":8,"key":"DistilledChaos"},{"floor":14,"key":"FearPotion"},{"floor":16,"key":"Swift Potion"},{"floor":18,"key":"BlessingOfTheForge"},{"floor":22,"key":"CultistPotion"},{"floor":29,"key":"Regen Potion"},{"floor":34,"key":"DuplicationPotion"},{"floor":35,"key":"ColorlessPotion"},{"floor":36,"key":"Strength Potion"},{"floor":37,"key":"LiquidBronze"},{"floor":41,"key":"EssenceOfDarkness"}],"is_trial":false,"path_per_floor":["M","M","$","?","M","R","?","E","T","M","?","M","E","?","R","B",null,"M","M","?","?","M","R","?","M","T","T","R","M","M","M","R","B",null,"M","?","M","?","?","R","M","R","T","$","M","?","R","$","R","B"],"character_chosen":"DEFECT","items_purchased":["Toolbox","Blood Vial","Heatsinks+1","Violence"],"campfire_rested":3,"item_purchase_floors":[44,44,44,48],"current_hp_per_floor":[55,49,49,66,66,66,64,55,55,55,44,42,24,17,36,11,51,39,39,34,34,1,20,20,20,20,20,20,20,20,20,20,25,35,34,34,34,34,34,34,6,17,17,17,19,19,19,19,19,0,0],"gold":226,"neow_bonus":"BOSS_RELIC","is_daily":false,"chose_seed":false,"campfire_upgraded":5,"win_rate":0.0,"timestamp":1609441327,"path_taken":["M","M","$","?","M","R","?","E","T","M","?","M","E","?","R","BOSS","M","M","?","?","M","R","?","M","T","?","R","M","M","?","R","BOSS","M","?","M","?","?","R","M","R","T","$","M","?","R","$","R","BOSS"],"items_purchased_type":["Relic","Relic","Card","Card"],"build_version":"2020-12-22","purchased_purges":2,"victory":false,"max_hp_per_floor":[71,71,71,71,71,71,64,64,64,64,64,64,64,64,64,64,64,64,64,64,64,64,64,32,32,32,32,32,32,32,32,32,32,37,37,37,37,37,37,37,37,37,37,37,37,37,37,37,37,37,37],"relic_stats":{"Blood Vial":4,"counters":[24,139],"Golden Idol":138,"Astrolabe":["Electrodynamics","Rip and Tear","Genetic Algorithm"],"obtain_stats":[{"Girya":26,"Tiny House":34,"Calipers":36,"Golden Idol":7,"Astrolabe":17,"Oddly Smooth Stone":27,"Frozen Egg 2":9,"Odd Mushroom":14,"Nuclear Battery":0,"Blood Vial":44,"DataDisk":8,"Toolbox":44,"Red Mask":20,"Cracked Core":0,"StrikeDummy":13},{"Girya":14,"Tiny House":18,"Calipers":20,"Golden Idol":3,"Astrolabe":9,"Oddly Smooth Stone":14,"Frozen Egg 2":4,"Odd Mushroom":8,"Nuclear Battery":0,"Blood Vial":22,"DataDisk":4,"Toolbox":22,"Red Mask":12,"Cracked Core":0,"StrikeDummy":7},{"Girya":68,"Tiny House":99,"Calipers":113,"Golden Idol":10,"Astrolabe":45,"Oddly Smooth Stone":68,"Frozen Egg 2":18,"Odd Mushroom":37,"Nuclear Battery":0,"Blood Vial":125,"DataDisk":18,"Toolbox":125,"Red Mask":55,"Cracked Core":0,"StrikeDummy":33}]},"card_choices":[{"not_picked":["Conserve Battery","Consume"],"picked":"Cold Snap","floor":1},{"not_picked":["Coolheaded","Fission"],"picked":"Compile Driver","floor":2},{"not_picked":["White Noise","Double Energy"],"picked":"Coolheaded","floor":5},{"not_picked":["Stack","Double Energy"],"picked":"Conserve Battery","floor":8},{"not_picked":["Conserve Battery","Stack","Steam"],"picked":"SKIP","floor":10},{"not_picked":["Sweeping Beam","Skim"],"picked":"White Noise","floor":12},{"not_picked":["Streamline","Leap"],"picked":"Go for the Eyes","floor":13},{"not_picked":["Barrage","Cold Snap"],"picked":"White Noise","floor":14},{"not_picked":["Multi-Cast","Fission"],"picked":"Rainbow","floor":16},{"not_picked":["Gash","Go for the Eyes"],"picked":"Compile Driver","floor":18},{"not_picked":["Turbo","Steam"],"picked":"Auto Shields","floor":19},{"not_picked":["Rebound","Chill"],"picked":"Undo","floor":20},{"not_picked":["Gash+1","Tempest"],"picked":"Defragment+1","floor":22},{"not_picked":["Sunder","Auto Shields","Streamline"],"picked":"SKIP","floor":25},{"not_picked":["Compile Driver","Sweeping Beam"],"picked":"Hologram+1","floor":29},{"not_picked":["Streamline","Steam"],"picked":"Hologram","floor":30},{"not_picked":["Fusion","Steam"],"picked":"Capacitor+1","floor":31},{"not_picked":["Hyperbeam","Thunder Strike"],"picked":"Amplify","floor":33},{"not_picked":["Beam Cell+1","Stack+1","Go for the Eyes"],"picked":"SKIP","floor":35},{"not_picked":["Double Energy","BootSequence+1"],"picked":"Compile Driver+1","floor":37},{"not_picked":["Go for the Eyes","Barrage","Darkness"],"picked":"SKIP","floor":41},{"not_picked":["Steam","Conserve Battery"],"picked":"Capacitor+1","floor":45}],"player_experience":1451960,"relics_obtained":[{"floor":8,"key":"DataDisk"},{"floor":9,"key":"Frozen Egg 2"},{"floor":13,"key":"StrikeDummy"},{"floor":14,"key":"Odd Mushroom"},{"floor":20,"key":"Red Mask"},{"floor":26,"key":"Girya"},{"floor":27,"key":"Oddly Smooth Stone"},{"floor":36,"key":"Calipers"}],"event_choices":[{"damage_healed":17,"gold_gain":0,"player_choice":"Healed","damage_taken":0,"max_hp_gain":0,"max_hp_loss":0,"event_name":"The Cleric","floor":4,"gold_loss":35},{"damage_healed":0,"gold_gain":0,"player_choice":"Lose Max HP","damage_taken":0,"relics_obtained":["Golden Idol"],"max_hp_gain":0,"max_hp_loss":7,"event_name":"Golden Idol","floor":7,"gold_loss":0},{"damage_healed":0,"gold_gain":75,"player_choice":"Gather Gold","damage_taken":11,"max_hp_gain":0,"max_hp_loss":0,"event_name":"World of Goop","floor":11,"gold_loss":0},{"damage_healed":0,"gold_gain":0,"player_choice":"Fought Mushrooms","damage_taken":0,"max_hp_gain":0,"max_hp_loss":0,"event_name":"Mushrooms","floor":14,"gold_loss":0},{"damage_healed":0,"gold_gain":0,"player_choice":"Fought Bandits","damage_taken":0,"max_hp_gain":0,"max_hp_loss":0,"event_name":"Masked Bandits","floor":20,"gold_loss":0},{"damage_healed":0,"gold_gain":0,"player_choice":"Bet on Murderer","damage_taken":0,"max_hp_gain":0,"max_hp_loss":0,"event_name":"The Joust","floor":21,"gold_loss":50},{"damage_healed":0,"gold_gain":0,"player_choice":"Became a Ghost","damage_taken":0,"max_hp_gain":0,"max_hp_loss":32,"event_name":"Ghosts","floor":24,"gold_loss":0,"cards_obtained":["Ghostly","Ghostly","Ghostly"]},{"damage_healed":0,"gold_gain":0,"player_choice":"Fight","damage_taken":0,"max_hp_gain":0,"max_hp_loss":0,"event_name":"MindBloom","floor":36,"gold_loss":0},{"damage_healed":0,"gold_gain":222,"player_choice":"Wore Mask","damage_taken":0,"max_hp_gain":0,"max_hp_loss":0,"event_name":"Tomb of Lord Red Mask","floor":38,"gold_loss":0},{"cards_removed":["Rip and Tear"],"damage_healed":0,"gold_gain":0,"player_choice":"Removed Attack","damage_taken":0,"max_hp_gain":0,"max_hp_loss":0,"event_name":"Falling","floor":39,"gold_loss":0},{"cards_removed":["Defend_B"],"damage_healed":0,"gold_gain":0,"player_choice":"Upgrade and Remove","damage_taken":0,"max_hp_gain":0,"max_hp_loss":0,"event_name":"Designer","floor":46,"gold_loss":110,"cards_upgraded":["Auto Shields"]}],"is_beta":false,"boss_relics":[{"not_picked":["Runic Pyramid","Philosopher\u0027s Stone"],"picked":"Astrolabe"},{"not_picked":["Snecko Eye","Runic Dome"],"picked":"Tiny House"}],"items_purged_floors":[3,48],"is_endless":false,"potions_floor_spawned":[2,5,8,12,14,16,18,22,29,30,35,36,37,41],"killed_by":"Time Eater","ascension_level":20}}