{"host":"49c2zf0lajbcs427","time":1609400005,"event":{"mods":["AchievementEnabler","BaseMod","Colored Map","Colored Powertips","Highlight Path","Key Reminder","Minty Spire (QoL Compilation)","Relic Stats","StSLib"],"gold_per_floor":[99,99,99,99,99,99,99,99,99,99,59,59,59,59,59,59,59],"floor_reached":16,"playtime":597,"items_purged":[],"score":207,"play_id":"f5c7e0a7-bb6c-406a-88d5-b935480157dd","local_time":"20201231203325","is_ascension_mode":true,"campfire_choices":[{"data":"Bash","floor":7,"key":"SMITH"},{"data":"Cleave","floor":15,"key":"SMITH"}],"circlet_count":0,"master_deck":["AscendersBane","Strike_R","Strike_R","Strike_R","Strike_R","Strike_R+1","Defend_R","Defend_R","Defend_R","Defend_R","Bash+1","Headbutt+1","Cleave+1","Clothesline","Limit Break","Heavy Blade"],"relics":["Ectoplasm","Pen Nib","Strawberry","Art of War"],"acts_visited":["Exordium"],"potions_floor_usage":[8,13],"damage_taken":[{"damage":0,"enemies":"2 Louse","floor":1,"turns":3},{"damage":0,"enemies":"Small Slimes","floor":3,"turns":3},{"damage":0,"enemies":"Jaw Worm","floor":4,"turns":2},{"damage":1,"enemies":"Lots of Slimes","floor":5,"turns":2},{"damage":20,"enemies":"3 Sentries","floor":6,"turns":5},{"damage":0,"enemies":"Gremlin Nob","floor":8,"turns":2},{"damage":9,"enemies":"Red Slaver","floor":12,"turns":3},{"damage":10,"enemies":"Lagavulin","floor":13,"turns":5},{"damage":1,"enemies":"Exordium Thugs","floor":14,"turns":4},{"damage":38,"enemies":"Slime Boss","floor":16,"turns":3}],"seed_played":"3197739361717907954","potions_obtained":[{"floor":1,"key":"CultistPotion"},{"floor":6,"key":"SmokeBomb"},{"floor":12,"key":"SmokeBomb"}],"is_trial":false,"path_per_floor":["M","?","M","M","M","E","R","E","T","$","?","M","E","M","R","B"],"character_chosen":"IRONCLAD","items_purchased":[],"campfire_rested":0,"item_purchase_floors":[],"current_hp_per_floor":[68,53,53,53,52,32,32,32,39,39,39,30,20,19,19,0,0],"gold":59,"neow_bonus":"BOSS_RELIC","is_daily":false,"chose_seed":false,"campfire_upgraded":2,"win_rate":0.0,"timestamp":1609400005,"path_taken":["M","?","M","M","M","E","R","E","T","$","?","M","E","M","R","BOSS"],"items_purchased_type":[],"build_version":"2020-12-22","purchased_purges":0,"victory":false,"max_hp_per_floor":[75,75,75,75,75,75,75,75,82,82,82,82,82,82,82,82,82],"relic_stats":{"counters":[10,32],"Ectoplasm":188,"Pen Nib":[2],"Art of War":[1],"obtain_stats":[{"Strawberry":9,"Ectoplasm":0,"Pen Nib":6,"Art of War":13,"Burning Blood":0},{"Strawberry":6,"Ectoplasm":0,"Pen Nib":5,"Art of War":8,"Burning Blood":0},{"Strawberry":17,"Ectoplasm":0,"Pen Nib":15,"Art of War":25,"Burning Blood":0}]},"card_choices":[{"not_picked":["Spot Weakness","Perfected Strike"],"picked":"Headbutt","floor":1},{"not_picked":["Wild Strike","Intimidate"],"picked":"Cleave","floor":3},{"not_picked":["Sever Soul","Flex","Havoc"],"picked":"SKIP","floor":4},{"not_picked":["Sword Boomerang","Wild Strike"],"picked":"Clothesline","floor":5},{"not_picked":["Berserk","Clothesline"],"picked":"Limit Break","floor":6},{"not_picked":["Ghostly Armor","Perfected Strike"],"picked":"Heavy Blade","floor":12},{"not_picked":["Cleave","Heavy Blade","Wild Strike"],"picked":"SKIP","floor":13},{"not_picked":["Havoc","Sentinel","Clash"],"picked":"SKIP","floor":14}],"player_experience":2214232,"relics_obtained":[{"floor":6,"key":"Pen Nib"},{"floor":9,"key":"Strawberry"},{"floor":13,"key":"Art of War"}],"event_choices":[{"damage_healed":0,"gold_gain":0,"player_choice":"Entered Light","damage_taken":15,"max_hp_gain":0,"max_hp_loss":0,"event_name":"Shining Light","floor":2,"gold_loss":0,"cards_upgraded":["Strike_R","Headbutt"]},{"damage_healed":0,"gold_gain":0,"player_choice":"Left Gold","damage_taken":0,"max_hp_gain":0,"max_hp_loss":0,"event_name":"World of Goop","floor":11,"gold_loss":40}],"is_beta":false,"boss_relics":[],"items_purged_floors":[],"is_endless":false,"potions_floor_spawned":[1,6,12],"killed_by":"Slime Boss","ascension_level":14}}