{"host":"ydujlihd8f5px9gp","time":1609450278,"event":{"mods":["AchievementEnabler","BaseMod","Block Reminder","Colored Map","Minty Spire (QoL Compilation)","ojb\u0027s Info Mod"],"gold_per_floor":[109,109,127,127,142,177,190,190,190,190,190,205,305,325,325,430,430,430,430],"floor_reached":18,"playtime":501,"items_purged":[],"score":162,"play_id":"b840a1b8-4313-4279-bce0-faf9f7b890f7","local_time":"20201231193118","is_ascension_mode":false,"campfire_choices":[{"data":"Defend_R","floor":8,"key":"SMITH"},{"data":"Defend_R","floor":10,"key":"SMITH"},{"data":"Clash","floor":15,"key":"SMITH"}],"circlet_count":0,"master_deck":["Bash+1","Clash+1","Corruption","Perfected Strike","Burning Pact","Power Through","Limit Break","Offering","Intimidate","Feel No Pain"],"relics":["Burning Blood","Whetstone","Gremlin Horn","Pandora\u0027s Box"],"acts_visited":["Exordium","TheCity"],"potions_floor_usage":[16,16],"damage_taken":[{"damage":10,"enemies":"Small Slimes","floor":1,"turns":3},{"damage":1,"enemies":"Cultist","floor":3,"turns":3},{"damage":6,"enemies":"2 Louse","floor":5,"turns":2},{"damage":41,"enemies":"Gremlin Nob","floor":6,"turns":5},{"damage":6,"enemies":"Gremlin Gang","floor":7,"turns":6},{"damage":13,"enemies":"Red Slaver","floor":12,"turns":4},{"damage":0,"enemies":"Blue Slaver","floor":14,"turns":4},{"damage":35,"enemies":"Slime Boss","floor":16,"turns":7},{"damage":8,"enemies":"Shell Parasite","floor":18,"turns":3}],"seed_played":"-8407047564020978121","potions_obtained":[{"floor":7,"key":"Fire Potion"},{"floor":12,"key":"Regen Potion"},{"floor":16,"key":"SneckoOil"}],"is_trial":false,"path_per_floor":["M","?","M","?","M","E","M","R","T","R","?","M","?","M","R","B",null,"M"],"character_chosen":"IRONCLAD","items_purchased":[],"campfire_rested":0,"item_purchase_floors":[],"current_hp_per_floor":[76,76,80,64,64,29,29,29,29,29,29,22,22,28,28,14,80,72,72],"gold":430,"neow_bonus":"UPGRADE_CARD","is_daily":false,"chose_seed":false,"campfire_upgraded":3,"win_rate":0.0,"timestamp":1609450278,"path_taken":["M","?","?","?","M","E","M","R","T","R","?","M","?","M","R","BOSS","M"],"items_purchased_type":[],"build_version":"2020-12-22","purchased_purges":0,"victory":false,"max_hp_per_floor":[80,80,80,80,80,80,80,80,80,80,80,80,80,80,80,80,80,80,80],"card_choices":[{"not_picked":["Perfected Strike","Thunderclap","Sword Boomerang"],"picked":"SKIP","floor":1},{"not_picked":["Metallicize","Cleave","Heavy Blade"],"picked":"SKIP","floor":3},{"not_picked":["Wild Strike","Cleave","Flex"],"picked":"SKIP","floor":5},{"not_picked":["Double Tap","Pummel","Feel No Pain"],"picked":"SKIP","floor":6},{"not_picked":["Twin Strike","Shockwave","Iron Wave"],"picked":"SKIP","floor":7},{"not_picked":["Pommel Strike","Havoc","Cleave"],"picked":"SKIP","floor":12},{"not_picked":["Body Slam","Evolve"],"picked":"Clash","floor":14}],"player_experience":82618,"relics_obtained":[{"floor":6,"key":"Whetstone"},{"floor":9,"key":"Gremlin Horn"}],"event_choices":[{"cards_removed":["Defend_R"],"damage_healed":0,"gold_gain":0,"player_choice":"Card Removal","damage_taken":0,"max_hp_gain":0,"max_hp_loss":0,"event_name":"Wheel of Change","floor":2,"gold_loss":0},{"damage_healed":0,"gold_gain":0,"player_choice":"Entered Light","damage_taken":16,"max_hp_gain":0,"max_hp_loss":0,"event_name":"Shining Light","floor":4,"gold_loss":0,"cards_upgraded":["Defend_R","Strike_R"]},{"damage_healed":0,"gold_gain":0,"player_choice":"Fled","damage_taken":0,"max_hp_gain":0,"max_hp_loss":0,"event_name":"Scrap Ooze","floor":11,"gold_loss":0},{"damage_healed":0,"gold_gain":100,"player_choice":"Pray","damage_taken":0,"max_hp_gain":0,"max_hp_loss":0,"event_name":"Golden Shrine","floor":13,"gold_loss":0}],"is_beta":false,"boss_relics":[{"not_picked":["Mark of Pain","Coffee Dripper"],"picked":"Pandora\u0027s Box"}],"items_purged_floors":[],"is_endless":false,"potions_floor_spawned":[7,12,16],"killed_by":"Shell Parasite","ascension_level":0}}