{"host":"x1qj4d8ympd5jdqh","time":1609399152,"event":{"mods":["AchievementEnabler","AlwaysNeverKeys","BaseMod","Colored Map","Custom Start","DeckTracker","Highlight Path","Minty Spire (QoL Compilation)","StSLib","SuperFastMode"],"gold_per_floor":[369,125,200,218,218,218,230,230,230,240,98,112,35,69,69,147,197,197,197],"floor_reached":18,"playtime":480,"items_purged":["Strike_R","Strike_R"],"score":320,"play_id":"c5beaef9-655d-44d3-8309-47bc443de9e4","local_time":"20201231161912","is_ascension_mode":true,"campfire_choices":[{"floor":6,"key":"REST"},{"data":"Rupture","floor":8,"key":"SMITH"},{"floor":15,"key":"REST"}],"circlet_count":0,"master_deck":["AscendersBane","Strike_R","Strike_R","Defend_R","Defend_R","Defend_R","Defend_R","Bash","Rupture+1","Hemokinesis","Bloodletting+1","Rupture","Evolve","Double Tap","Armaments"],"relics":["Burning Blood","Du-Vu Doll","Bag of Marbles","Tiny House"],"acts_visited":["Exordium","TheCity"],"potions_floor_usage":[14,16,18],"damage_taken":[{"damage":9,"enemies":"Jaw Worm","floor":1,"turns":4},{"damage":10,"enemies":"Small Slimes","floor":4,"turns":4},{"damage":4,"enemies":"2 Louse","floor":7,"turns":3},{"damage":13,"enemies":"2 Fungi Beasts","floor":10,"turns":4},{"damage":20,"enemies":"Red Slaver","floor":12,"turns":4},{"damage":11,"enemies":"Gremlin Nob","floor":14,"turns":3},{"damage":25,"enemies":"Hexaghost","floor":16,"turns":7},{"damage":56,"enemies":"3 Byrds","floor":18,"turns":5}],"seed_played":"-6743570731062195364","potions_obtained":[{"floor":1,"key":"SkillPotion"},{"floor":4,"key":"SkillPotion"},{"floor":14,"key":"LiquidMemories"},{"floor":17,"key":"ElixirPotion"}],"is_trial":false,"path_per_floor":["M","$","?","M","?","R","M","R","T","M","$","M","$","E","R","B",null,"M"],"character_chosen":"IRONCLAD","items_purchased":["Rupture","Hemokinesis","Bloodletting","Rupture"],"campfire_rested":2,"item_purchase_floors":[2,2,11,13],"current_hp_per_floor":[47,47,36,32,25,47,49,49,49,42,42,28,28,23,45,26,68,12,12],"gold":197,"neow_bonus":"TWO_FIFTY_GOLD","is_daily":false,"chose_seed":false,"campfire_upgraded":1,"win_rate":0.0,"timestamp":1609399152,"path_taken":["M","$","?","M","?","R","M","R","T","?","$","M","$","E","R","BOSS","M"],"items_purchased_type":["Card","Card","Card","Card"],"build_version":"2020-12-22","purchased_purges":2,"victory":false,"max_hp_per_floor":[75,75,75,75,75,75,75,75,75,75,75,75,75,75,75,75,80,80,80],"card_choices":[{"not_picked":["Perfected Strike","Flex","Iron Wave"],"picked":"SKIP","floor":1},{"not_picked":["Metallicize","Entrench","Ghostly Armor"],"picked":"SKIP","floor":4},{"not_picked":["Burning Pact","Havoc","Spot Weakness"],"picked":"SKIP","floor":7},{"not_picked":["Cleave","Uppercut","Thunderclap"],"picked":"SKIP","floor":10},{"not_picked":["Wild Strike","Feel No Pain","Thunderclap"],"picked":"SKIP","floor":12},{"not_picked":["Shrug It Off","Anger"],"picked":"Evolve","floor":14},{"not_picked":["Impervious","Barricade"],"picked":"Double Tap","floor":16},{"not_picked":["Perfected Strike","Body Slam"],"picked":"Armaments","floor":17}],"player_experience":1295985,"relics_obtained":[{"floor":9,"key":"Du-Vu Doll"},{"floor":14,"key":"Bag of Marbles"}],"event_choices":[{"damage_healed":0,"gold_gain":75,"player_choice":"Gather Gold","damage_taken":11,"max_hp_gain":0,"max_hp_loss":0,"event_name":"World of Goop","floor":3,"gold_loss":0},{"cards_removed":["Strike_R"],"damage_healed":0,"gold_gain":0,"player_choice":"Card Removal","damage_taken":7,"max_hp_gain":0,"max_hp_loss":0,"event_name":"Golden Wing","floor":5,"gold_loss":0}],"is_beta":false,"boss_relics":[{"not_picked":["Coffee Dripper","SlaversCollar"],"picked":"Tiny House"}],"items_purged_floors":[2,11],"is_endless":false,"potions_floor_spawned":[1,4,12,14],"killed_by":"3 Byrds","ascension_level":20}}