{"host":"1zfbckszmdcrhnfi","time":1609430625,"event":{"mods":["AchievementEnabler","BaseMod","Colored Map","Downfall","Marisa£®ÏF”Í°°ƒß¿Ì…≥£©","Minty Spire (QoL Compilation)","Replay The Spire","Shop Mod","StSLib","The Cursed","The Servant 0.9.4"],"gold_per_floor":[118,129,129,204,262,262,292,292,292,310,6,17,17,28,28,131,131,148,161,161,161,185,222,234,246,246],"floor_reached":25,"playtime":841,"items_purged":["Strike_B"],"score":246,"play_id":"b475cfd0-2c2f-46ea-941d-d6c3b3cbe6cc","local_time":"20210101000345","is_ascension_mode":false,"campfire_choices":[{"floor":6.0,"key":"RECALL"},{"floor":8.0,"key":"REST"},{"floor":13.0,"key":"REST"},{"data":"Self Repair","floor":15.0,"key":"SMITH"},{"data":"Dualcast","floor":24,"key":"SMITH"}],"circlet_count":0,"master_deck":["Strike_B","Strike_B","Strike_B","Defend_B","Defend_B","Defend_B","Defend_B","Zap","Dualcast+1","Streamline","Gash","Doom and Gloom","Self Repair+1","Amplify","Gash","Rebound+1"],"relics":["Black Star","Pear","Quantum Egg","Replay:Baseball","Smiling Mask","Iron Hammer","Velvet Choker","Snack Pack","MawBank","Regal Pillow","Mango"],"acts_visited":["Exordium","TheCity"],"potions_floor_usage":[25],"damage_taken":[{"damage":1.0,"enemies":"Cultist","floor":1.0,"turns":4.0},{"damage":1.0,"enemies":"2 Louse","floor":2.0,"turns":2.0},{"damage":28.0,"enemies":"Gremlin Nob","floor":7.0,"turns":4.0},{"damage":0.0,"enemies":"Small Slimes","floor":10.0,"turns":2.0},{"damage":10.0,"enemies":"3 Louse","floor":12.0,"turns":3.0},{"damage":6.0,"enemies":"Blue Slaver","floor":14.0,"turns":3.0},{"damage":20.0,"enemies":"Hexaghost","floor":16.0,"turns":9.0},{"damage":20.0,"enemies":"Shell Parasite","floor":18.0,"turns":7.0},{"damage":25.0,"enemies":"2 Thieves","floor":19.0,"turns":3.0},{"damage":7.0,"enemies":"3 Cultists","floor":22.0,"turns":4.0},{"damage":21.0,"enemies":"Gremlin Leader","floor":23.0,"turns":7.0},{"damage":69,"enemies":"Book of Stabbing","floor":25,"turns":5}],"seed_played":"-9016395982192471126","potions_obtained":[{"floor":5.0,"key":"PowerPotion"},{"floor":10.0,"key":"LifebloodPotion"},{"floor":14.0,"key":"Languid Potion"},{"floor":16.0,"key":"SpeedPotion"}],"is_trial":false,"path_per_floor":["M","M","?","?","?","R","E","R","T","M","$","M","R","M","R","B",null,"M","M","T","?","M","E","R","E"],"character_chosen":"DEFECT","items_purchased":["Iron Hammer"],"campfire_rested":2,"item_purchase_floors":[11],"current_hp_per_floor":[74,73,71,60,60,60,32,57,57,57,57,47,72,66,66,46,85,75,50,50,50,57,66,66,0,0],"gold":246,"neow_bonus":"BOSS_RELIC","is_daily":false,"chose_seed":false,"campfire_upgraded":2,"win_rate":0.0,"timestamp":1609430625,"path_taken":["M","?","?","?","?","R","E","R","T","M","?","M","R","M","R","BOSS","M","M","?","?","?","E","R","E"],"items_purchased_type":["Relic"],"build_version":"2020-12-22","purchased_purges":1,"victory":false,"max_hp_per_floor":[75,75,85,85,85,85,85,85,85,85,85,85,85,85,85,85,85,85,85,85,85,85,99,99,99,99],"card_choices":[{"not_picked":["Fusion","Sweeping Beam"],"picked":"Streamline","floor":1.0},{"not_picked":["Double Energy","Rebound","Glacier"],"picked":"SKIP","floor":2.0},{"not_picked":["ReplayTheSpireMod:System Scan","Rebound"],"picked":"Gash","floor":5.0},{"not_picked":["Heatsinks","Redo"],"picked":"Doom and Gloom","floor":7.0},{"not_picked":["Hologram","Blizzard","Go for the Eyes"],"picked":"SKIP","floor":10.0},{"not_picked":["Rip and Tear","Barrage","Sweeping Beam"],"picked":"SKIP","floor":12.0},{"not_picked":["Steam","Rebound"],"picked":"Self Repair","floor":14.0},{"not_picked":["Hyperbeam","Machine Learning"],"picked":"Amplify","floor":16.0},{"not_picked":["Blizzard","Turbo","FIFO Queue"],"picked":"SKIP","floor":18.0},{"not_picked":["Coolheaded","Cold Snap","Blizzard+1"],"picked":"SKIP","floor":19.0},{"not_picked":["Panic Button+1","Rebound"],"picked":"Gash","floor":22.0},{"not_picked":["Ball Lightning","ReplayGash"],"picked":"Rebound+1","floor":23.0}],"player_experience":163366,"relics_obtained":[{"floor":5.0,"key":"Quantum Egg"},{"floor":7.0,"key":"Replay:Baseball"},{"floor":7.0,"key":"Smiling Mask"},{"floor":20.0,"key":"Snack Pack"},{"floor":23.0,"key":"Regal Pillow"},{"floor":23.0,"key":"Mango"}],"event_choices":[{"damage_healed":0.0,"max_hp_gain":0.0,"max_hp_loss":0.0,"gold_gain":0.0,"event_name":"Scrap Ooze","player_choice":"Success","floor":3.0,"gold_loss":0.0,"damage_taken":12.0,"relics_obtained":["Pear"]},{"damage_healed":0.0,"max_hp_gain":0.0,"max_hp_loss":0.0,"gold_gain":75.0,"event_name":"World of Goop","player_choice":"Gather Gold","floor":4.0,"gold_loss":0.0,"damage_taken":11.0}],"is_beta":false,"boss_relics":[{"not_picked":["Replay:Drink Me","Replay:Grab Bag"],"picked":"Velvet Choker"}],"items_purged_floors":[11],"is_endless":false,"potions_floor_spawned":[10,14,16],"killed_by":"Book of Stabbing","ascension_level":0}}