{"host":"1c52r9kaxdyo25eq","time":1609456927,"event":{"mods":["AchievementEnabler","BaseMod","Minty Spire (QoL Compilation)","Rare Cards Sparkle","SuperFastMode","everything is the same but u backflip on backflip"],"gold_per_floor":[114,133,146,221,232,232,251,271,271,271,271,271,271,291,291,291,291],"floor_reached":16,"playtime":279,"items_purged":[],"score":188,"play_id":"6e0f13a3-1236-4bd0-a314-c07bf27de472","local_time":"20210101082207","is_ascension_mode":true,"campfire_choices":[{"data":"Blade Dance","floor":6.0,"key":"SMITH"},{"floor":10,"key":"REST"},{"data":"Dagger Throw","floor":12,"key":"SMITH"},{"floor":15,"key":"REST"}],"circlet_count":0,"master_deck":["AscendersBane","Strike_G","Strike_G","Strike_G","Strike_G","Defend_G","Defend_G","Defend_G","Defend_G","Defend_G","Survivor","Neutralize","Blade Dance+1","Dagger Throw+1","Acrobatics","Backflip"],"relics":["Ring of the Snake","Gambling Chip","Golden Idol"],"acts_visited":["Exordium"],"potions_floor_usage":[8],"damage_taken":[{"damage":19.0,"enemies":"Jaw Worm","floor":1.0,"turns":5.0},{"damage":1.0,"enemies":"2 Louse","floor":2.0,"turns":3.0},{"damage":0.0,"enemies":"Cultist","floor":3.0,"turns":3.0},{"damage":4.0,"enemies":"2 Fungi Beasts","floor":5.0,"turns":4.0},{"damage":6.0,"enemies":"Looter","floor":7.0,"turns":3.0},{"damage":8,"enemies":"Exordium Thugs","floor":8,"turns":4},{"damage":1,"enemies":"Red Slaver","floor":14,"turns":3},{"damage":38,"enemies":"Slime Boss","floor":16,"turns":4}],"seed_played":"-5347068179908870691","potions_obtained":[{"floor":5.0,"key":"CunningPotion"}],"is_trial":false,"path_per_floor":["M","M","M","?","M","R","M","M","T","R","?","R","?","M","R","B"],"character_chosen":"THE_SILENT","items_purchased":[],"campfire_rested":2,"item_purchase_floors":[],"current_hp_per_floor":[40,39,39,28,24,24,18,10,10,29,29,29,22,21,39,1,1],"gold":291,"neow_bonus":"THREE_CARDS","is_daily":false,"chose_seed":false,"campfire_upgraded":2,"win_rate":0.0,"timestamp":1609456927,"path_taken":["M","M","M","?","M","R","M","M","T","R","?","R","?","M","R","BOSS"],"items_purchased_type":[],"build_version":"2020-12-22","purchased_purges":0,"victory":false,"max_hp_per_floor":[66,66,66,66,66,66,66,66,66,66,60,60,60,60,60,60,60],"card_choices":[{"not_picked":["Dodge and Roll","Noxious Fumes"],"picked":"Blade Dance","floor":0.0},{"not_picked":["Prepared","Flying Knee"],"picked":"Dagger Throw","floor":1.0},{"not_picked":["Sucker Punch","Deflect"],"picked":"Acrobatics","floor":2.0},{"not_picked":["Flying Knee","Dagger Spray","Caltrops"],"picked":"SKIP","floor":3.0},{"not_picked":["Slice","Outmaneuver","Expertise"],"picked":"SKIP","floor":5.0},{"not_picked":["All Out Attack","Sucker Punch"],"picked":"Backflip","floor":7.0},{"not_picked":["PiercingWail","Underhanded Strike","Heel Hook"],"picked":"SKIP","floor":8},{"not_picked":["Noxious Fumes","Quick Slash","Heel Hook"],"picked":"SKIP","floor":14}],"player_experience":534957,"relics_obtained":[{"floor":9,"key":"Gambling Chip"}],"event_choices":[{"damage_healed":0.0,"max_hp_gain":0.0,"max_hp_loss":0.0,"gold_gain":75.0,"event_name":"World of Goop","player_choice":"Gather Gold","floor":4.0,"gold_loss":0.0,"damage_taken":11.0},{"damage_healed":0,"gold_gain":0,"player_choice":"Lose Max HP","damage_taken":0,"relics_obtained":["Golden Idol"],"max_hp_gain":0,"max_hp_loss":6,"event_name":"Golden Idol","floor":11,"gold_loss":0},{"cards_removed":["Strike_G"],"damage_healed":0,"gold_gain":0,"player_choice":"Card Removal","damage_taken":7,"max_hp_gain":0,"max_hp_loss":0,"event_name":"Golden Wing","floor":13,"gold_loss":0}],"is_beta":false,"boss_relics":[],"items_purged_floors":[],"is_endless":false,"potions_floor_spawned":[5],"killed_by":"Slime Boss","ascension_level":20}}