{"host":"khm4we1ijduz33xh","time":1609421285,"event":{"mods":["AchievementEnabler","BaseMod","Colored Map","Minty Spire (QoL Compilation)","Rare Cards Sparkle","StSLib","SuperFastMode"],"gold_per_floor":[117,117,134,145,168,193,207,207,207,207,163,192,9,36,36,138,138,127,2,14,113,132,132,19,19,42,74,89,89,89,109,109,204,204,222,70,70,117,117,117,117,117],"floor_reached":41,"playtime":2247,"items_purged":["Bash","Strike_R","Strike_R","Decay"],"score":468,"play_id":"4ab22d48-5f41-4839-a551-479aab482fac","local_time":"20201231222805","is_ascension_mode":true,"campfire_choices":[{"data":"Rage","floor":8,"key":"SMITH"},{"floor":10,"key":"REST"},{"data":"Demon Form","floor":15,"key":"SMITH"},{"data":"Twin Strike","floor":23,"key":"SMITH"},{"floor":29,"key":"REST"},{"floor":32,"key":"REST"},{"floor":40,"key":"REST"}],"circlet_count":0,"master_deck":["Strike_R+1","Strike_R+1","Defend_R","Defend_R","Defend_R","Defend_R","Uppercut","Twin Strike+1","Rage+1","Demon Form+1","Demon Form","Twin Strike","Warcry+1","Twin Strike","Rage+1","Bloodletting","Anger","Pommel Strike","Feed+1","Warcry+1","Writhe","Shrug It Off"],"relics":["Burning Blood","Bag of Preparation","Kunai","Anchor","Membership Card","Bottled Lightning","Black Star","Lantern","Nunchaku","Strawberry","Champion Belt","SlaversCollar","Sling","Incense Burner"],"acts_visited":["Exordium","TheCity","TheBeyond"],"potions_floor_usage":[16,18,28,31,33,38],"damage_taken":[{"damage":7,"enemies":"Small Slimes","floor":1,"turns":3},{"damage":7,"enemies":"Jaw Worm","floor":3,"turns":2},{"damage":0,"enemies":"2 Louse","floor":4,"turns":2},{"damage":42,"enemies":"3 Sentries","floor":6,"turns":9},{"damage":4,"enemies":"Blue Slaver","floor":7,"turns":4},{"damage":12,"enemies":"Lagavulin","floor":12,"turns":7},{"damage":12,"enemies":"3 Sentries","floor":14,"turns":7},{"damage":35,"enemies":"Slime Boss","floor":16,"turns":7},{"damage":19,"enemies":"2 Thieves","floor":18,"turns":4},{"damage":0,"enemies":"Chosen","floor":20,"turns":4},{"damage":24,"enemies":"Snake Plant","floor":22,"turns":5},{"damage":44,"enemies":"Gremlin Leader","floor":27,"turns":6},{"damage":22,"enemies":"Sentry and Sphere","floor":28,"turns":4},{"damage":10,"enemies":"Snecko","floor":31,"turns":4},{"damage":69,"enemies":"Automaton","floor":33,"turns":8},{"damage":19,"enemies":"Orb Walker","floor":35,"turns":4},{"damage":104,"enemies":"2 Orb Walkers","floor":38,"turns":6},{"damage":38,"enemies":"3 Darklings","floor":41,"turns":2}],"seed_played":"-1850184566266081892","potions_obtained":[{"floor":4,"key":"BlessingOfTheForge"},{"floor":6,"key":"ColorlessPotion"},{"floor":12,"key":"Weak Potion"},{"floor":16,"key":"Block Potion"},{"floor":18,"key":"SmokeBomb"},{"floor":20,"key":"AttackPotion"},{"floor":28,"key":"Strength Potion"},{"floor":33,"key":"Regen Potion"}],"is_trial":false,"path_per_floor":["M","?","M","M","T","E","M","R","T","R","?","E","$","E","R","B",null,"M","$","M","?","M","R","$","?","T","E","M","R","?","M","R","B",null,"M","$","?","?","?","R","M"],"character_chosen":"IRONCLAD","items_purchased":["Membership Card","Lantern","FairyPotion","Sling"],"campfire_rested":4,"item_purchase_floors":[13,19,24,36],"current_hp_per_floor":[79,63,62,68,68,32,34,34,34,58,58,52,52,46,46,17,80,67,67,73,73,55,55,55,55,55,24,8,34,34,30,56,32,87,77,77,90,7,7,34,0,0],"gold":117,"neow_bonus":"TRANSFORM_CARD","is_daily":false,"chose_seed":false,"campfire_upgraded":3,"win_rate":0.0,"timestamp":1609421285,"path_taken":["M","?","M","M","?","E","M","R","T","R","?","E","$","E","R","BOSS","M","$","M","?","M","R","$","?","T","E","?","R","?","M","R","BOSS","M","$","?","?","?","R","M"],"items_purchased_type":["Relic","Relic","Potion","Relic"],"build_version":"2020-12-22","purchased_purges":4,"victory":false,"max_hp_per_floor":[80,80,80,80,80,80,80,80,80,80,80,80,80,80,80,80,80,80,80,80,80,80,80,80,80,80,87,87,87,87,87,87,87,87,90,90,90,93,93,93,93,93],"card_choices":[{"not_picked":["Hemokinesis","Cleave"],"picked":"Twin Strike","floor":1},{"not_picked":["Warcry","Whirlwind","Clothesline"],"picked":"SKIP","floor":3},{"not_picked":["Cleave","Wild Strike","Sentinel"],"picked":"SKIP","floor":4},{"not_picked":["Iron Wave","Intimidate"],"picked":"Rage","floor":6},{"not_picked":["Body Slam","Whirlwind","Disarm"],"picked":"SKIP","floor":7},{"not_picked":["Dark Embrace","Wild Strike","Sword Boomerang"],"picked":"SKIP","floor":12},{"not_picked":["Armaments","Flex"],"picked":"Demon Form","floor":14},{"not_picked":["Fiend Fire","Reaper"],"picked":"Demon Form","floor":16},{"not_picked":["Clash","Wild Strike"],"picked":"Twin Strike","floor":18},{"not_picked":["Shrug It Off","Dropkick"],"picked":"Warcry+1","floor":20},{"not_picked":["True Grit","Clash"],"picked":"Twin Strike","floor":22},{"not_picked":["Havoc+1","Pommel Strike"],"picked":"Bloodletting","floor":27},{"not_picked":["Fire Breathing","Armaments"],"picked":"Anger","floor":28},{"not_picked":["Headbutt","Flex"],"picked":"Pommel Strike","floor":31},{"not_picked":["Exhume","Brutality"],"picked":"Feed","floor":33},{"not_picked":["Anger","Combust+1"],"picked":"Warcry+1","floor":35},{"not_picked":["Pommel Strike","Pummel+1"],"picked":"Shrug It Off","floor":38}],"player_experience":165756,"relics_obtained":[{"floor":6,"key":"Bag of Preparation"},{"floor":9,"key":"Kunai"},{"floor":12,"key":"Anchor"},{"floor":14,"key":"Bottled Lightning"},{"floor":26,"key":"Nunchaku"},{"floor":27,"key":"Strawberry"},{"floor":27,"key":"Champion Belt"},{"floor":38,"key":"Incense Burner"}],"event_choices":[{"damage_healed":0,"gold_gain":0,"player_choice":"Entered Light","damage_taken":16,"max_hp_gain":0,"max_hp_loss":0,"event_name":"Shining Light","floor":2,"gold_loss":0,"cards_upgraded":["Strike_R","Strike_R"]},{"damage_healed":0,"gold_gain":0,"player_choice":"Left Gold","damage_taken":0,"max_hp_gain":0,"max_hp_loss":0,"event_name":"World of Goop","floor":11,"gold_loss":44},{"damage_healed":0,"gold_gain":99,"player_choice":"Stole From Cult","damage_taken":0,"max_hp_gain":0,"max_hp_loss":0,"event_name":"Nest","floor":21,"gold_loss":0},{"damage_healed":0,"gold_gain":0,"player_choice":"Copied","damage_taken":0,"max_hp_gain":0,"max_hp_loss":0,"event_name":"Duplicator","floor":25,"gold_loss":0,"cards_obtained":["Rage"]},{"damage_healed":0,"gold_gain":0,"player_choice":"Smashed Altar","damage_taken":0,"max_hp_gain":0,"max_hp_loss":0,"event_name":"Forgotten Altar","floor":30,"gold_loss":0,"cards_obtained":["Decay"]},{"damage_healed":23,"gold_gain":0,"player_choice":"Writhe","damage_taken":0,"max_hp_gain":0,"max_hp_loss":0,"event_name":"Winding Halls","floor":37,"gold_loss":0,"cards_obtained":["Writhe"]},{"damage_healed":0,"gold_gain":0,"player_choice":"Fight","damage_taken":0,"max_hp_gain":0,"max_hp_loss":0,"event_name":"Mysterious Sphere","floor":38,"gold_loss":0},{"damage_healed":0,"gold_gain":0,"player_choice":"Upgraded","damage_taken":0,"max_hp_gain":0,"max_hp_loss":0,"event_name":"Upgrade Shrine","floor":39,"gold_loss":0,"cards_upgraded":["Feed"]}],"is_beta":false,"boss_relics":[{"not_picked":["Runic Dome","Tiny House"],"picked":"Black Star"},{"not_picked":["SacredBark","Runic Pyramid"],"picked":"SlaversCollar"}],"items_purged_floors":[13,19,24,36],"is_endless":false,"potions_floor_spawned":[4,6,12,16,18,20,28,33],"killed_by":"3 Darklings","ascension_level":2}}