{"host":"xx5zt3jtdyh8iun7","time":1609403478,"event":{"mods":["AchievementEnabler","Act Like it!","BaseMod","Bestiary","Downfall","Minty Spire (QoL Compilation)","Replay The Spire","StSLib"],"gold_per_floor":[117,128,78,153,1,1,32,49,49,82,28,41,41,41],"floor_reached":13,"playtime":722,"items_purged":[],"score":102,"play_id":"6b41ee40-af1b-4dd1-a1c1-2335a58c6938","local_time":"20201231093118","is_ascension_mode":true,"campfire_choices":[{"data":"Eruption","floor":6,"key":"SMITH"}],"circlet_count":0,"master_deck":["Strike_P","Strike_P","Strike_P","Strike_P","Defend_P","Defend_P","Defend_P","Eruption+1","Vigilance","LikeWater","FlurryOfBlows","FlurryOfBlows","Crescendo","Vault","Halt","Crescendo"],"relics":["PureWater","Orichalcum","Lee\u0027s Waffle","Snack Pack","Bottled Tornado","Lantern"],"acts_visited":["Exordium"],"potions_floor_usage":[7,10],"damage_taken":[{"damage":7,"enemies":"Cultist","floor":1,"turns":3},{"damage":0,"enemies":"Small Slimes","floor":2,"turns":6},{"damage":61,"enemies":"Lagavulin","floor":7,"turns":4},{"damage":2,"enemies":"2 Louse","floor":8,"turns":2},{"damage":3,"enemies":"3 Sentries","floor":10,"turns":4},{"damage":3,"enemies":"Exordium Wildlife","floor":12,"turns":3},{"damage":27,"enemies":"Gremlin Nob","floor":13,"turns":3}],"seed_played":"5605913091074218067","potions_obtained":[{"floor":1,"key":"PowerPotion"},{"floor":2,"key":"Cursed Concoction"}],"is_trial":false,"path_per_floor":["M","M","?","?","$","R","E","M","T","E","$","M","E"],"character_chosen":"WATCHER","items_purchased":["Lee\u0027s Waffle","Halt"],"campfire_rested":0,"item_purchase_floors":[5,11],"current_hp_per_floor":[65,65,65,54,79,79,18,16,16,17,17,16,0,0],"gold":41,"neow_bonus":"RANDOM_COMMON_RELIC","is_daily":false,"chose_seed":false,"campfire_upgraded":1,"win_rate":0.0,"timestamp":1609403478,"path_taken":["M","?","?","?","$","R","E","M","T","E","?","M","E"],"items_purchased_type":["Relic","Card"],"build_version":"2020-12-22","purchased_purges":0,"victory":false,"max_hp_per_floor":[72,72,72,72,79,79,79,79,79,79,79,79,79,79],"card_choices":[{"not_picked":["WreathOfFlame","Evaluate"],"picked":"LikeWater","floor":1},{"not_picked":["CrushJoints","Replay:AtTheReady"],"picked":"FlurryOfBlows","floor":2},{"not_picked":["Meditate","WheelKick"],"picked":"FlurryOfBlows","floor":7},{"not_picked":["Worship","Protect"],"picked":"Crescendo","floor":8},{"not_picked":["EmptyBody","ReachHeaven"],"picked":"Vault","floor":10},{"not_picked":["BowlingBash","PathToVictory"],"picked":"Crescendo","floor":12}],"player_experience":769201,"relics_obtained":[{"floor":7,"key":"Snack Pack"},{"floor":9,"key":"Bottled Tornado"},{"floor":10,"key":"Lantern"}],"event_choices":[{"cards_removed":["Defend_P"],"damage_healed":0,"gold_gain":0,"player_choice":"Card Removal","damage_taken":0,"max_hp_gain":0,"max_hp_loss":0,"event_name":"The Cleric","floor":3,"gold_loss":50},{"damage_healed":0,"gold_gain":75,"player_choice":"Gather Gold","damage_taken":11,"max_hp_gain":0,"max_hp_loss":0,"event_name":"World of Goop","floor":4,"gold_loss":0}],"is_beta":false,"boss_relics":[],"items_purged_floors":[],"is_endless":false,"potions_floor_spawned":[1,2],"killed_by":"Gremlin Nob","ascension_level":2}}