{"host":"xjyie0ctswsml60g","time":1609421811,"event":{"mods":["AchievementEnabler","BaseMod","Colored Map","Minty Spire (QoL Compilation)","Quick Restart","SuperFastMode"],"gold_per_floor":[112,128,303,303,153,187,187,32,32,44,79,79,99,119,119,222,222,240,240,20,20,40,40,65,15,15,15,45,56,56,74,74,74,74],"floor_reached":33,"playtime":1047,"items_purged":["Doubt","Defend_P"],"score":293,"play_id":"1dbd7742-5b07-4a10-bd6a-598b858e11ef","local_time":"20201231153651","is_ascension_mode":false,"campfire_choices":[{"floor":7,"key":"RECALL"},{"data":"Madness","floor":12,"key":"SMITH"},{"data":"Eruption","floor":15,"key":"SMITH"},{"data":"TalkToTheHand","floor":23,"key":"SMITH"},{"floor":30,"key":"REST"},{"data":"Fasting2","floor":32,"key":"SMITH"}],"circlet_count":0,"master_deck":["Strike_P","Strike_P","Strike_P","Strike_P","Defend_P","Defend_P","Defend_P","Eruption+1","Vigilance","Madness+1","SandsOfTime","FlurryOfBlows","FlyingSleeves","TalkToTheHand+1","FollowUp","Tantrum","Fasting2+1"],"relics":["PureWater","Incense Burner","ClockworkSouvenir","Bronze Scales","VioletLotus","Membership Card","PreservedInsect","Ancient Tea Set","Ornamental Fan","Bottled Flame"],"acts_visited":["Exordium","TheCity"],"potions_floor_usage":[11,14,28,29,29],"damage_taken":[{"damage":0,"enemies":"2 Louse","floor":1,"turns":1},{"damage":0,"enemies":"Small Slimes","floor":2,"turns":3},{"damage":13,"enemies":"3 Sentries","floor":6,"turns":8},{"damage":2,"enemies":"Jaw Worm","floor":10,"turns":4},{"damage":1,"enemies":"Lagavulin","floor":11,"turns":3},{"damage":7,"enemies":"Blue Slaver","floor":13,"turns":3},{"damage":0,"enemies":"Exordium Thugs","floor":14,"turns":3},{"damage":21,"enemies":"Hexaghost","floor":16,"turns":7},{"damage":0,"enemies":"Shell Parasite","floor":18,"turns":5},{"damage":12,"enemies":"2 Thieves","floor":22,"turns":4},{"damage":4,"enemies":"Slavers","floor":24,"turns":3},{"damage":13,"enemies":"Gremlin Leader","floor":28,"turns":3},{"damage":8,"enemies":"Shelled Parasite and Fungi","floor":29,"turns":4},{"damage":0,"enemies":"Centurion and Healer","floor":31,"turns":4},{"damage":40,"enemies":"Automaton","floor":33,"turns":3}],"seed_played":"8586542098463860621","potions_obtained":[{"floor":2,"key":"SteroidPotion"},{"floor":11,"key":"StancePotion"},{"floor":13,"key":"LiquidMemories"},{"floor":14,"key":"Ancient Potion"},{"floor":24,"key":"Strength Potion"},{"floor":28,"key":"Block Potion"}],"is_trial":false,"path_per_floor":["M","M","?","?","$","E","R","$","T","M","E","R","M","M","R","B",null,"M","?","$","?","M","R","E","$","T","$","E","M","R","M","R","B"],"character_chosen":"WATCHER","items_purchased":["SandsOfTime","ClockworkSouvenir","Membership Card","PreservedInsect"],"campfire_rested":1,"item_purchase_floors":[5,8,20,20],"current_hp_per_floor":[72,72,72,77,77,64,64,64,64,62,61,61,54,54,54,33,77,77,63,63,57,45,45,41,41,41,41,28,20,44,44,44,4,4],"gold":74,"neow_bonus":"RANDOM_COLORLESS","is_daily":false,"chose_seed":false,"campfire_upgraded":4,"win_rate":0.0,"timestamp":1609421811,"path_taken":["M","M","?","?","?","E","R","?","T","M","E","R","?","?","R","BOSS","M","?","$","?","?","R","E","?","T","$","E","M","R","M","R","BOSS"],"items_purchased_type":["Card","Relic","Relic","Relic"],"build_version":"2020-12-22","purchased_purges":2,"victory":false,"max_hp_per_floor":[72,72,72,77,77,77,77,77,77,77,77,77,77,77,77,77,77,77,82,82,82,82,82,82,82,82,82,82,82,82,82,82,82,82],"card_choices":[{"not_picked":["Forethought","Flash of Steel"],"picked":"Madness","floor":0},{"not_picked":["PathToVictory","SashWhip","Prostrate"],"picked":"SKIP","floor":1},{"not_picked":["EmptyBody","Prostrate","WreathOfFlame"],"picked":"SKIP","floor":2},{"not_picked":["Halt","EmptyFist"],"picked":"FlurryOfBlows","floor":6},{"not_picked":["FlyingSleeves","CrushJoints","SpiritShield"],"picked":"SKIP","floor":10},{"not_picked":["PathToVictory","ThirdEye"],"picked":"FlyingSleeves","floor":11},{"not_picked":["Vengeance","BowlingBash","CrushJoints"],"picked":"SKIP","floor":13},{"not_picked":["Meditate","ForeignInfluence"],"picked":"TalkToTheHand","floor":14},{"not_picked":["FlyingSleeves","WheelKick"],"picked":"FollowUp","floor":18},{"not_picked":["Prostrate","EmptyBody+1"],"picked":"Tantrum","floor":22},{"not_picked":["Swivel","Prostrate","Halt"],"picked":"SKIP","floor":24},{"not_picked":["Halt","SashWhip"],"picked":"Fasting2","floor":28},{"not_picked":["Prostrate+1","ThirdEye","Consecrate+1"],"picked":"SKIP","floor":29},{"not_picked":["Blasphemy","PathToVictory","CrushJoints"],"picked":"SKIP","floor":31}],"player_experience":466880,"relics_obtained":[{"floor":6,"key":"Incense Burner"},{"floor":11,"key":"Bronze Scales"},{"floor":24,"key":"Ancient Tea Set"},{"floor":26,"key":"Ornamental Fan"},{"floor":28,"key":"Bottled Flame"}],"event_choices":[{"damage_healed":0,"gold_gain":175,"player_choice":"AGREE","damage_taken":0,"max_hp_gain":0,"max_hp_loss":0,"event_name":"Liars Game","floor":3,"gold_loss":0,"cards_obtained":["Doubt"]},{"damage_healed":0,"gold_gain":0,"player_choice":"Donut","damage_taken":0,"max_hp_gain":5,"max_hp_loss":0,"event_name":"Big Fish","floor":4,"gold_loss":0},{"damage_healed":0,"gold_gain":0,"player_choice":"Shed Blood","damage_taken":19,"max_hp_gain":5,"max_hp_loss":0,"event_name":"Forgotten Altar","floor":19,"gold_loss":0},{"damage_healed":0,"gold_gain":0,"player_choice":"","damage_taken":6,"max_hp_gain":0,"max_hp_loss":0,"event_name":"Knowing Skull","floor":21,"potions_obtained":[],"gold_loss":0,"cards_obtained":[]}],"is_beta":false,"boss_relics":[{"not_picked":["Runic Pyramid","Sozu"],"picked":"VioletLotus"}],"items_purged_floors":[5,25],"is_endless":false,"potions_floor_spawned":[2,11,13,14,24,28],"killed_by":"Automaton","ascension_level":0}}