{"host":"7k2a2omxz3voj5ax","time":1609430620,"event":{"mods":["BaseMod","Marisa£¨ìFÓê¡¡Ä§ÀíÉ³£©","Minty Spire (QoL Compilation)","Quick Restart","Spicy Shops","StSLib","Starting Relic: Pandora\u0027s Box","óô»ðÖ¸ÄÏ"],"gold_per_floor":[132,164,198,198,208,255,255,255,282,282,301,330,361,386,386,460,460,477,500,512,71,116,128,175,112,124,166,21,51,51,65,65,154,154,164,189,257,267,267,267,314,314,314,361,361,391,459,485,485,485,485,485],"floor_reached":51,"playtime":2432,"items_purged":["SporeBomb","MasterSpark"],"score":1847,"play_id":"e48e38b0-67bb-4593-8162-aa6e6a778166","local_time":"20210101010340","is_ascension_mode":true,"campfire_choices":[{"data":"MeteoricShower","floor":7.0,"key":"SMITH"},{"floor":10.0,"key":"REST"},{"data":"Acceleration","floor":15.0,"key":"SMITH"},{"data":"EarthLightRay","floor":23.0,"key":"SMITH"},{"data":"SuperNova","floor":30.0,"key":"SMITH"},{"data":"1","floor":32.0,"key":"LIFT"},{"data":"2","floor":40.0,"key":"LIFT"},{"data":"3","floor":45.0,"key":"LIFT"},{"floor":49,"key":"RECALL"}],"circlet_count":0,"master_deck":["AscendersBane","UpSweep","PowerUp","SporeBomb","WitchLeyline","EnergyFlow","SuperPerseids","WitchOfGreed","Deep Breath+1","OrrerysSun","OortCloud","MeteoricShower+1","Singularity","EarthLightRay+1","MilkyWay","Acceleration+1","SuperNova+1","Singularity","CasketOfStar","AsteroidBelt","WitchLeyline+1"],"relics":["BewitchedHakkero","Bronze Scales","Akabeko","Bag of Marbles","BreadOfAWashokuLover","Runic Dome","Bottled Flame","MawBank","AmplifyWand","Shuriken","Girya","Sling","Gremlin Horn","CatCart","MealTicket","Torii","Happy Flower","Pen Nib","Prayer Wheel"],"acts_visited":["Exordium","TheCity","TheBeyond"],"potions_floor_usage":[48,50],"damage_taken":[{"damage":8.0,"enemies":"Cultist","floor":1.0,"turns":3.0},{"damage":12.0,"enemies":"Jaw Worm","floor":2.0,"turns":2.0},{"damage":14.0,"enemies":"2 Louse","floor":3.0,"turns":3.0},{"damage":14.0,"enemies":"Red Slaver","floor":5.0,"turns":2.0},{"damage":2.0,"enemies":"Gremlin Nob","floor":6.0,"turns":2.0},{"damage":14.0,"enemies":"Exordium Thugs","floor":11.0,"turns":2.0},{"damage":0.0,"enemies":"Lagavulin","floor":12.0,"turns":3.0},{"damage":12.0,"enemies":"3 Louse","floor":13.0,"turns":2.0},{"damage":3.0,"enemies":"Gremlin Nob","floor":14.0,"turns":3.0},{"damage":20.0,"enemies":"The Guardian","floor":16.0,"turns":4.0},{"damage":21.0,"enemies":"Chosen","floor":18.0,"turns":4.0},{"damage":0.0,"enemies":"Spheric Guardian","floor":20.0,"turns":2.0},{"damage":0.0,"enemies":"Slavers","floor":24.0,"turns":1.0},{"damage":9.0,"enemies":"Gremlin Leader","floor":27.0,"turns":3.0},{"damage":0.0,"enemies":"Slavers","floor":29.0,"turns":1.0},{"damage":0.0,"enemies":"Centurion and Healer","floor":31.0,"turns":1.0},{"damage":25.0,"enemies":"Collector","floor":33.0,"turns":3.0},{"damage":0.0,"enemies":"3 Shapes","floor":35.0,"turns":1.0},{"damage":28.0,"enemies":"3 Darklings","floor":36.0,"turns":3.0},{"damage":13.0,"enemies":"Orin","floor":37.0,"turns":4.0},{"damage":35.0,"enemies":"Writhing Mass","floor":38.0,"turns":3.0},{"damage":25.0,"enemies":"Giant Head","floor":41.0,"turns":5.0},{"damage":0.0,"enemies":"Reptomancer","floor":44.0,"turns":3.0},{"damage":9.0,"enemies":"Giant Head","floor":46.0,"turns":2.0},{"damage":1.0,"enemies":"2 Orb Walkers","floor":47.0,"turns":3.0},{"damage":34,"enemies":"Spire Growth","floor":48,"turns":4},{"damage":69,"enemies":"Time Eater","floor":50,"turns":5},{"damage":39,"enemies":"Donu and Deca","floor":51,"turns":3}],"seed_played":"5118003070015442510","potions_obtained":[{"floor":1.0,"key":"AttackPotion"},{"floor":1.0,"key":"SteroidPotion"},{"floor":3.0,"key":"LiquidBronze"},{"floor":6.0,"key":"BlessingOfTheForge"},{"floor":12.0,"key":"Regen Potion"},{"floor":13.0,"key":"GamblersBrew"},{"floor":18.0,"key":"FearPotion"},{"floor":20.0,"key":"Energy Potion"},{"floor":27.0,"key":"Weak Potion"},{"floor":41.0,"key":"BottledSpark"},{"floor":44.0,"key":"Strength Potion"},{"floor":47.0,"key":"PowerPotion"},{"floor":48,"key":"AttackPotion"}],"is_trial":false,"path_per_floor":["M","M","M","?","M","E","R","?","T","R","M","E","M","E","R","B",null,"M","T","M","$","T","R","E","?","T","E","$","E","R","M","R","B",null,"M","M","?","M","?","R","E","?","T","E","R","E","?","M","R","B","B"],"character_chosen":"MARISA","items_purchased":["Bottled Flame","Sling"],"campfire_rested":1,"item_purchase_floors":[21,28],"current_hp_per_floor":[55,43,29,29,15,13,13,13,13,34,20,24,21,22,22,9,55,43,43,44,44,44,44,50,50,50,48,48,48,48,48,48,45,74,80,58,51,22,68,68,43,43,43,49,49,46,51,23,23,17,0,0],"gold":485,"neow_bonus":"RANDOM_COLORLESS","is_daily":false,"chose_seed":false,"campfire_upgraded":4,"win_rate":0.0,"timestamp":1609430620,"path_taken":["M","?","M","?","M","E","R","?","T","R","M","E","M","E","R","BOSS","M","?","M","$","?","R","E","?","T","E","?","E","R","M","R","BOSS","M","M","?","M","?","R","E","?","T","E","R","E","?","M","R","BOSS","BOSS"],"items_purchased_type":["Relic","Relic"],"build_version":"2020-12-22","purchased_purges":2,"victory":false,"max_hp_per_floor":[70,70,70,70,70,70,70,70,70,70,70,70,70,70,70,70,70,70,70,70,70,70,70,70,70,70,70,70,70,70,70,70,83,83,83,83,83,83,68,68,68,68,68,68,68,68,68,68,68,68,68,68],"card_choices":[{"not_picked":["Finesse","Trip"],"picked":"Deep Breath","floor":0.0},{"not_picked":["DC","AlicesGift"],"picked":"OrrerysSun","floor":1.0},{"not_picked":["LuminesStrike","MysteriousBeam","GravityBeat"],"picked":"SKIP","floor":2.0},{"not_picked":["UnstableBomb","GrandCross"],"picked":"OortCloud","floor":3.0},{"not_picked":["SporeBomb","Occultation"],"picked":"MeteoricShower","floor":5.0},{"not_picked":["NonDirectionalLaser","GalacticHalo"],"picked":"Singularity","floor":6.0},{"not_picked":["PropBag","MysteriousBeam"],"picked":"EarthLightRay","floor":11.0},{"not_picked":["BinaryStars","MeteoricShower","6A"],"picked":"SKIP","floor":12.0},{"not_picked":["PowerUp","GrandCross"],"picked":"MilkyWay","floor":13.0},{"not_picked":["PowerUp","DoubleSpark"],"picked":"Acceleration","floor":14.0},{"not_picked":["AbsoluteMagnitude","CasketOfStar"],"picked":"SuperNova","floor":16.0},{"not_picked":["NonDirectionalLaser","SprinkleStarSeal"],"picked":"Singularity","floor":18.0},{"not_picked":["MeteoricShower","PowerUp","SprinkleStarSeal"],"picked":"SKIP","floor":20.0},{"not_picked":["GalacticHalo","EnergyFlow","WitchOfGreed"],"picked":"SKIP","floor":24.0},{"not_picked":["MachineGunSpark","GrandCross"],"picked":"CasketOfStar","floor":27.0},{"not_picked":["FairyDestructionRay","StarDustReverie","ManaConvection"],"picked":"SKIP","floor":29.0},{"not_picked":["DoubleSpark","DeepEcoloBomb+1","ShootingEcho"],"picked":"SKIP","floor":31.0},{"not_picked":["6A","UnstableBomb","DoubleSpark"],"picked":"SKIP","floor":35.0},{"not_picked":["DoubleSpark","IllusionStar","NonDirectionalLaser"],"picked":"SKIP","floor":36.0},{"not_picked":["WitchOfGreed","GravityBeat"],"picked":"AsteroidBelt","floor":38.0},{"not_picked":["6A","RefractionSpark+1","PowerUp+1"],"picked":"SKIP","floor":41.0},{"not_picked":["Acceleration","NonDirectionalLaser"],"picked":"WitchLeyline+1","floor":44.0},{"not_picked":["ShootingEcho","NonDirectionalLaser","WitchOfGreed"],"picked":"SKIP","floor":46.0},{"not_picked":["SporeBomb","DC","Acceleration"],"picked":"SKIP","floor":48},{"not_picked":["LuminesStrike","DeepEcoloBomb","NonDirectionalLaser"],"picked":"SKIP","floor":48}],"player_experience":377157,"relics_obtained":[{"floor":6.0,"key":"Bronze Scales"},{"floor":9.0,"key":"Akabeko"},{"floor":12.0,"key":"Bag of Marbles"},{"floor":14.0,"key":"BreadOfAWashokuLover"},{"floor":22.0,"key":"MawBank"},{"floor":24.0,"key":"AmplifyWand"},{"floor":26.0,"key":"Shuriken"},{"floor":27.0,"key":"Girya"},{"floor":29.0,"key":"Gremlin Horn"},{"floor":37.0,"key":"CatCart"},{"floor":41.0,"key":"MealTicket"},{"floor":43.0,"key":"Torii"},{"floor":44.0,"key":"Happy Flower"},{"floor":46.0,"key":"Pen Nib"},{"floor":47.0,"key":"Prayer Wheel"}],"event_choices":[{"damage_healed":0.0,"max_hp_gain":0.0,"max_hp_loss":0.0,"gold_gain":0.0,"event_name":"Scrap Ooze","player_choice":"Fled","floor":4.0,"gold_loss":0.0,"damage_taken":0.0},{"damage_healed":0.0,"max_hp_gain":0.0,"max_hp_loss":0.0,"gold_gain":0.0,"event_name":"Upgrade Shrine","player_choice":"Upgraded","floor":8.0,"gold_loss":0.0,"damage_taken":0.0,"cards_upgraded":["Deep Breath"]},{"cards_removed":["ChargeUpSpray"],"damage_healed":0.0,"max_hp_gain":0.0,"max_hp_loss":0.0,"gold_gain":0.0,"event_name":"Beggar","player_choice":"Gave Gold","floor":25.0,"gold_loss":75.0,"damage_taken":0.0},{"damage_healed":0.0,"max_hp_gain":0.0,"max_hp_loss":0.0,"gold_gain":0.0,"event_name":"OrinTheCat","player_choice":"Fight","floor":37.0,"gold_loss":0.0,"damage_taken":0.0},{"damage_healed":68.0,"max_hp_gain":0.0,"max_hp_loss":15.0,"gold_gain":0.0,"event_name":"The Moai Head","player_choice":"Heal","floor":39.0,"gold_loss":0.0,"damage_taken":0.0},{"damage_healed":0.0,"max_hp_gain":0.0,"max_hp_loss":0.0,"gold_gain":0.0,"event_name":"SensoryStone","player_choice":"Memory 1","floor":42.0,"gold_loss":0.0,"damage_taken":0.0},{"damage_healed":0.0,"max_hp_gain":0.0,"max_hp_loss":0.0,"gold_gain":0.0,"event_name":"Mysterious Sphere","player_choice":"Fight","floor":47.0,"gold_loss":0.0,"damage_taken":0.0}],"is_beta":false,"boss_relics":[{"not_picked":["Sozu","Calling Bell"],"picked":"Runic Dome"},{"not_picked":["Snecko Eye","Cursed Key"],"picked":"BewitchedHakkero"}],"items_purged_floors":[21,21],"is_endless":false,"potions_floor_spawned":[1,3,12,13,18,20,27,44,47,48],"killed_by":"Donu and Deca","ascension_level":20}}