{"host":"tfkz8stxzb1up54p","time":1609410314,"event":{"mods":["AchievementEnabler","BaseMod","Block Reminder","Colored Powertips","Disable Question Mark Monsters","Emptier Cage","Gold Saver","Gremlin Skip","Highlight Path","Minty Spire (QoL Compilation)","Permanent Neow","StSLib"],"gold_per_floor":[1085,1100,850,865,417,447,462,462,762,792,807,837,867,317,317,417,417,432,49,49,64,94,94,124,159,159,174,204,204,234,249,249,349,349,364,367,20,35,50,80,80,80,80,80,80,110,125,155,155,155],"floor_reached":51,"playtime":3988,"items_purged":["Strike_B"],"score":1118,"play_id":"a9784bd8-d3aa-4ac2-bc58-27700c730a8d","local_time":"20201231102514","daily_mods":["Cursed Run","Diverse","DeadlyEvents"],"is_ascension_mode":false,"campfire_choices":[{"data":"Zap","floor":8.0,"key":"SMITH"},{"data":"Magnetism","floor":15,"key":"SMITH"},{"data":"1","floor":29,"key":"LIFT"},{"data":"2","floor":32,"key":"LIFT"},{"data":"3","floor":42,"key":"LIFT"},{"data":"Echo Form","floor":44,"key":"SMITH"},{"data":"Doom and Gloom","floor":49,"key":"SMITH"}],"circlet_count":0,"master_deck":["Strike_B","Strike_B","Defend_B","Defend_B","Defend_B","Defend_B","Zap+1","Dualcast","Compile Driver","Doom and Gloom+1","Conserve Battery+1","Panacea+1","Flame Barrier+1","Parasite","Chaos+1","Shrug It Off+1","Trip+1","Zap+1","Magnetism+1","Regret","Echo Form+1","CurseOfTheBell","Carnage+1","Mind Blast+1","Backflip+1","All For One+1","Beam Cell+1","Chill+1","Doubt","Go for the Eyes+1","True Grit+1","Redo+1","Parasite","Sucker Punch+1","Meteor Strike+1","Footwork","Enlightenment+1","Parasite","Fire Breathing+1","Compile Driver+1","Shame","Apotheosis+1","Discovery+1","Discovery+1","Pain"],"relics":["Cursed Key","Darkstone Periapt","Du-Vu Doll","Toxic Egg 2","Bag of Marbles","Lee\u0027s Waffle","Meat on the Bone","Old Coin","Bottled Flame","Sundial","Pear","Toy Ornithopter","DollysMirror","Calling Bell","Lantern","Eternal Feather","Girya","Molten Egg 2","Letter Opener","Anchor","StrikeDummy","Vajra","Happy Flower","Inserter","Ice Cream","Regal Pillow","HornCleat","Singing Bowl","Art of War"],"acts_visited":["Exordium","TheCity","TheBeyond"],"potions_floor_usage":[13,30,36,50,50,50],"damage_taken":[{"damage":6.0,"enemies":"Cultist","floor":1.0,"turns":3.0},{"damage":0.0,"enemies":"Small Slimes","floor":2.0,"turns":4.0},{"damage":3.0,"enemies":"Jaw Worm","floor":4.0,"turns":3.0},{"damage":4.0,"enemies":"3 Sentries","floor":6.0,"turns":5.0},{"damage":0.0,"enemies":"Exordium Thugs","floor":7.0,"turns":3.0},{"damage":51.0,"enemies":"Gremlin Nob","floor":10.0,"turns":6.0},{"damage":0.0,"enemies":"2 Fungi Beasts","floor":11.0,"turns":2.0},{"damage":0.0,"enemies":"Lagavulin","floor":12.0,"turns":5.0},{"damage":0,"enemies":"Gremlin Nob","floor":13,"turns":3},{"damage":15,"enemies":"Hexaghost","floor":16,"turns":8},{"damage":8,"enemies":"Shell Parasite","floor":18,"turns":4},{"damage":1,"enemies":"3 Byrds","floor":21,"turns":2},{"damage":1,"enemies":"Book of Stabbing","floor":22,"turns":4},{"damage":23,"enemies":"Gremlin Leader","floor":24,"turns":3},{"damage":0,"enemies":"Snecko","floor":25,"turns":3},{"damage":0,"enemies":"Sentry and Sphere","floor":27,"turns":3},{"damage":6,"enemies":"Book of Stabbing","floor":28,"turns":4},{"damage":3,"enemies":"Slavers","floor":30,"turns":3},{"damage":0,"enemies":"Snake Plant","floor":31,"turns":1},{"damage":15,"enemies":"Collector","floor":33,"turns":6},{"damage":1,"enemies":"3 Shapes","floor":35,"turns":3},{"damage":1,"enemies":"2 Orb Walkers","floor":36,"turns":2},{"damage":0,"enemies":"Orb Walker","floor":38,"turns":1},{"damage":20,"enemies":"Writhing Mass","floor":39,"turns":4},{"damage":33,"enemies":"Nemesis","floor":40,"turns":5},{"damage":16,"enemies":"Reptomancer","floor":46,"turns":5},{"damage":0,"enemies":"4 Shapes","floor":47,"turns":2},{"damage":1,"enemies":"Giant Head","floor":48,"turns":5},{"damage":23,"enemies":"Donu and Deca","floor":50,"turns":6}],"seed_played":"9091901603564859836","potions_obtained":[{"floor":4.0,"key":"FearPotion"},{"floor":7.0,"key":"PotionOfCapacity"},{"floor":11.0,"key":"ColorlessPotion"},{"floor":12.0,"key":"DuplicationPotion"},{"floor":21,"key":"BlessingOfTheForge"},{"floor":25,"key":"PotionOfCapacity"},{"floor":28,"key":"Block Potion"},{"floor":33,"key":"Swift Potion"},{"floor":35,"key":"Strength Potion"},{"floor":40,"key":"Strength Potion"},{"floor":48,"key":"FocusPotion"}],"is_trial":false,"path_per_floor":["M","M","$","M","$","E","M","R","T","E","M","E","E","$","R","B",null,"M","$","?","M","E","?","E","M","T","M","E","R","E","M","R","B",null,"M","?","$","M","M","E","?","R","T","R","?","E","M","E","R","B",null],"character_chosen":"DEFECT","items_purchased":["Toxic Egg 2","Bag of Marbles","Lee\u0027s Waffle","Conserve Battery+1","Panacea+1","Toy Ornithopter","Trip+1","DollysMirror","Magnetism","Molten Egg 2","Mind Blast+1","Backflip+1","Meteor Strike+1","Footwork","Enlightenment+1"],"campfire_rested":0,"item_purchase_floors":[3,5,5,5,5,14,14,14,14,19,19,19,37,37,37],"current_hp_per_floor":[69,69,69,66,82,78,78,78,84,45,45,45,55,55,55,58,110,102,102,102,101,100,100,77,77,83,83,77,95,97,97,115,106,122,121,122,122,122,108,75,75,99,105,129,119,105,107,108,132,125],"gold":155,"neow_bonus":"","is_daily":true,"chose_seed":false,"campfire_upgraded":4,"win_rate":0.0,"timestamp":1609410314,"path_taken":["M","M","$","?","$","E","M","R","T","?","M","E","?","$","R","BOSS","M","$","?","M","?","?","E","M","T","?","E","R","E","M","R","BOSS","M","?","$","M","M","E","?","R","T","R","?","E","?","E","R","BOSS"],"items_purchased_type":["Relic","Relic","Relic","Card","Card","Relic","Card","Relic","Card","Relic","Card","Card","Card","Card","Card"],"build_version":"2020-12-22","purchased_purges":1,"victory":true,"max_hp_per_floor":[75,75,75,75,82,82,82,82,88,88,88,88,98,98,98,104,110,110,110,110,110,110,110,110,110,116,116,116,116,116,116,116,122,122,122,122,122,122,128,128,128,128,134,134,134,136,138,140,140,146],"card_choices":[{"not_picked":["PiercingWail","Poisoned Stab"],"picked":"Compile Driver","floor":1.0},{"not_picked":["EmptyFist","Havoc"],"picked":"Doom and Gloom","floor":2.0},{"not_picked":["Dodge and Roll+1","BowlingBash","Judgement+1"],"picked":"SKIP","floor":4.0},{"not_picked":["Skewer","Halt+1"],"picked":"Flame Barrier+1","floor":6.0},{"not_picked":["Quick Slash","Whirlwind","Acrobatics+1"],"picked":"SKIP","floor":7.0},{"not_picked":["Judgement+1","Warcry+1"],"picked":"Chaos+1","floor":10.0},{"not_picked":["Heavy Blade","Hologram+1","Cleave"],"picked":"SKIP","floor":11.0},{"not_picked":["Gash","Sucker Punch","Swivel+1"],"picked":"SKIP","floor":12.0},{"not_picked":["Hyperbeam","Thunderclap"],"picked":"Shrug It Off+1","floor":13},{"not_picked":["Phantasmal Killer+1","Fiend Fire"],"picked":"Echo Form","floor":16},{"not_picked":["Prostrate+1","Coolheaded+1"],"picked":"Carnage+1","floor":18},{"not_picked":["BowlingBash+1","Skim+1","Swivel+1"],"picked":"SKIP","floor":21},{"not_picked":["Rage+1","Backflip+1"],"picked":"All For One+1","floor":22},{"not_picked":["Cold Snap+1","Genetic Algorithm+1"],"picked":"Beam Cell+1","floor":24},{"not_picked":["Doom and Gloom+1","Cold Snap+1"],"picked":"Chill+1","floor":25},{"not_picked":["DeceiveReality+1","MentalFortress"],"picked":"Go for the Eyes+1","floor":27},{"not_picked":["Pray+1","Infinite Blades"],"picked":"Deflect+1","floor":28},{"not_picked":["Sever Soul+1","Protect+1"],"picked":"True Grit+1","floor":30},{"not_picked":["Amplify+1","SashWhip+1"],"picked":"Redo+1","floor":31},{"not_picked":["Clothesline+1","JustLucky+1","Warcry+1"],"picked":"SKIP","floor":35},{"not_picked":["Bane+1","Battle Trance+1"],"picked":"Sucker Punch+1","floor":36},{"not_picked":["PiercingWail+1","Flechettes+1","Barrage+1"],"picked":"SKIP","floor":38},{"not_picked":["Barrage+1","Glacier+1"],"picked":"Fire Breathing+1","floor":39},{"not_picked":["Force Field+1","Bullet Time+1"],"picked":"Compile Driver+1","floor":40},{"not_picked":["Impatience+1","Thinking Ahead+1"],"picked":"Apotheosis+1","floor":45},{"not_picked":["Madness+1","PanicButton+1"],"picked":"Discovery+1","floor":45},{"not_picked":["Deep Breath+1","Good Instincts+1"],"picked":"Discovery+1","floor":45},{"not_picked":["Battle Trance+1","Blur+1","Darkness+1"],"picked":"Singing Bowl","floor":46},{"not_picked":["Poisoned Stab+1","Iron Wave+1","Leap+1"],"picked":"Singing Bowl","floor":47},{"not_picked":["Prepared+1","Blade Dance+1","Endless Agony+1"],"picked":"Singing Bowl","floor":48}],"player_experience":1268768,"relics_obtained":[{"floor":6.0,"key":"Meat on the Bone"},{"floor":9.0,"key":"Old Coin"},{"floor":10.0,"key":"Bottled Flame"},{"floor":12.0,"key":"Sundial"},{"floor":13,"key":"Pear"},{"floor":17,"key":"Lantern"},{"floor":17,"key":"Eternal Feather"},{"floor":17,"key":"Girya"},{"floor":22,"key":"Letter Opener"},{"floor":24,"key":"Anchor"},{"floor":26,"key":"StrikeDummy"},{"floor":28,"key":"Vajra"},{"floor":30,"key":"Happy Flower"},{"floor":36,"key":"Ice Cream"},{"floor":40,"key":"Regal Pillow"},{"floor":43,"key":"HornCleat"},{"floor":46,"key":"Singing Bowl"},{"floor":48,"key":"Art of War"}],"event_choices":[{"cards_removed":["Strike_B"],"damage_healed":0,"gold_gain":0,"player_choice":"Purged","damage_taken":0,"max_hp_gain":0,"max_hp_loss":0,"event_name":"Purifier","floor":20,"gold_loss":0},{"damage_healed":0,"gold_gain":0,"player_choice":"Ignored","damage_taken":0,"max_hp_gain":0,"max_hp_loss":0,"event_name":"Ghosts","floor":23,"gold_loss":0},{"damage_healed":0,"gold_gain":0,"player_choice":"Fight","damage_taken":0,"max_hp_gain":0,"max_hp_loss":0,"event_name":"Mysterious Sphere","floor":36,"gold_loss":0},{"cards_removed":["Deflect"],"damage_healed":0,"gold_gain":0,"player_choice":"Removed Skill","damage_taken":0,"max_hp_gain":0,"max_hp_loss":0,"event_name":"Falling","floor":41,"gold_loss":0},{"damage_healed":0,"gold_gain":0,"player_choice":"Memory 3","damage_taken":10,"max_hp_gain":0,"max_hp_loss":0,"event_name":"SensoryStone","floor":45,"gold_loss":0}],"is_beta":false,"boss_relics":[{"not_picked":["Philosopher\u0027s Stone","Empty Cage"],"picked":"Calling Bell"},{"not_picked":["Astrolabe","Runic Dome"],"picked":"Inserter"}],"items_purged_floors":[37],"is_endless":false,"potions_floor_spawned":[4,7,11,12,21,25,28,33,35,40,48],"ascension_level":0}}