{"host":"ln8zowmpyx5bxamj","time":1609392497,"event":{"mods":["BaseMod","Colored Map","Hubris","Minty Spire (QoL Compilation)","Replay The Spire","StSLib","The Dragon Tamer","Uncapped"],"gold_per_floor":[118,118,128,145,160,160,185,185,209,288,288,322,338,356,356,356,356,356],"floor_reached":16,"playtime":1409,"items_purged":[],"score":162,"play_id":"7df1a171-4682-4abb-8e57-cd029bdd1a46","local_time":"20201230232817","is_ascension_mode":false,"metric_token":531,"campfire_choices":[{"data":"DTMod:EchoTactic","floor":6,"key":"SMITH"},{"floor":8,"key":"REST"},{"data":"DTMod:SwitchingTactic","floor":15,"key":"SMITH"}],"dtmod_dragon_data":[27,50,-1,-1,0,0],"circlet_count":0,"master_deck":["DTMod:Strike","DTMod:Strike","DTMod:Strike","DTMod:DoubleHit","DTMod:TargetDefense","DTMod:TargetDefense","DTMod:TargetDefense","DTMod:SwitchingTactic+1","DTMod:EchoTactic+1","DTMod:FlameSlash","DTMod:Multitask","DTMod:StarRain+1","DTMod:MagicField","DTMod:Harmonize","DTMod:HeatWave+1"],"relics":["DTMod:PactStone","hubris:TenFootPole","Molten Egg 2","hubris:ToyBattleship","Replay:Accelerometer","hubris:PeanutButter"],"acts_visited":["Exordium"],"potions_floor_usage":[7,12],"damage_taken":[{"damage":0,"enemies":"2 Louse","floor":1,"turns":3},{"damage":0,"enemies":"Cultist","floor":3,"turns":3},{"damage":0,"enemies":"Jaw Worm","floor":4,"turns":3},{"damage":0,"enemies":"Red Slaver","floor":5,"turns":6},{"damage":0,"enemies":"Replay:BlueRogue","floor":7,"turns":10},{"damage":0,"enemies":"Lagavulin","floor":12,"turns":9},{"damage":0,"enemies":"Exordium Wildlife","floor":13,"turns":4},{"damage":0,"enemies":"Blue Slaver","floor":14,"turns":3},{"damage":46,"enemies":"Hexaghost","floor":16,"turns":13}],"seed_played":"-242181959266417344","potions_obtained":[{"floor":1,"key":"Regen Potion"},{"floor":4,"key":"BlessingOfTheForge"},{"floor":5,"key":"LifebloodPotion"},{"floor":12,"key":"FearPotion"}],"is_trial":false,"path_per_floor":["M","?","M","M","M","R","E","R","T","T","?","E","M","M","R_BF","B"],"character_chosen":"THE_DT","items_purchased":[],"campfire_rested":1,"item_purchase_floors":[],"current_hp_per_floor":[45,45,45,45,45,45,45,45,45,45,45,45,45,45,45,0,0,0],"gold":356,"neow_bonus":"TRANSFORM_CARD","is_daily":false,"chose_seed":false,"campfire_upgraded":2,"win_rate":0.0,"timestamp":1609392497,"path_taken":["M","?","?","M","?","R","E","R","T","?","?","E","M","M","R_BF","BOSS"],"items_purchased_type":[],"build_version":"2020-12-22","purchased_purges":0,"victory":false,"max_hp_per_floor":[45,45,45,45,45,45,45,45,45,45,45,45,45,45,45,45,45,45],"card_choices":[{"not_picked":["DTMod:Hide","DTMod:BlazingStrike"],"picked":"DTMod:FlameSlash","floor":1},{"not_picked":["DTMod:BurningForce","DTMod:BurningEnergy","DTMod:DeepFocus"],"picked":"SKIP","floor":3},{"not_picked":["DTMod:Weaken","DTMod:BreakAttack"],"picked":"DTMod:Multitask","floor":4},{"not_picked":["DTMod:RunningTactic","DTMod:BreakAttack","DTMod:QuickFly"],"picked":"SKIP","floor":5},{"not_picked":["DTMod:Cover","DTMod:Punisher+1"],"picked":"DTMod:StarRain+1","floor":7},{"not_picked":["DTMod:Cover","DTMod:Feint+1"],"picked":"DTMod:MagicField","floor":12},{"not_picked":["DTMod:BizarreTactic","DTMod:Weaken"],"picked":"DTMod:Harmonize","floor":13},{"not_picked":["DTMod:PurifyingFlame+1","DTMod:LowKick+1"],"picked":"DTMod:HeatWave+1","floor":14}],"player_experience":307464,"relics_obtained":[{"floor":7,"key":"Molten Egg 2"},{"floor":9,"key":"hubris:ToyBattleship"},{"floor":10,"key":"Replay:Accelerometer"},{"floor":12,"key":"hubris:PeanutButter"}],"event_choices":[{"damage_healed":0,"gold_gain":0,"player_choice":"Gave Potion","damage_taken":0,"relics_obtained":["hubris:TenFootPole"],"max_hp_gain":0,"max_hp_loss":0,"event_name":"WeMeetAgain","floor":2,"gold_loss":0},{"cards_removed":["DTMod:TargetDefense"],"damage_healed":0,"gold_gain":0,"player_choice":"Purged","damage_taken":0,"max_hp_gain":0,"max_hp_loss":0,"event_name":"Purifier","floor":11,"gold_loss":0}],"is_beta":false,"boss_relics":[],"items_purged_floors":[],"is_endless":false,"potions_floor_spawned":[1,4,5,12],"killed_by":"Hexaghost","ascension_level":0}}