{"host":"m3herrhkesxm9ooc","time":1609401614,"event":{"mods":["BaseMod","Hermit","Minty Spire (QoL Compilation)","StSLib","The Hierophant"],"gold_per_floor":[116,116,22,22,22,22,35,35,35,35,53,80,40,57,57,131,131,131,19,19,19],"floor_reached":20,"playtime":556,"items_purged":[],"score":340,"play_id":"8c077987-51ac-49f0-8830-28b74ed8fa12","local_time":"20201231170014","is_ascension_mode":true,"campfire_choices":[{"floor":6.0,"key":"REST"},{"floor":8.0,"key":"REST"},{"floor":10.0,"key":"REST"},{"floor":15.0,"key":"REST"}],"circlet_count":0,"master_deck":["AscendersBane","hermit:Strike_Hermit","hermit:Strike_Hermit","hermit:Strike_Hermit","hermit:Strike_Hermit","hermit:Defend_Hermit","hermit:Defend_Hermit","hermit:Defend_Hermit","hermit:Defend_Hermit+1","hermit:Snapshot","hermit:Covet+1","hermit:Grudge","hermit:ShadowCloak","hermit:Roulette","hermit:Headshot","hermit:FlashPowder","hermit:ShadowCloak","hermit:Glare","hermit:OverwhelmingPower","hermit:Headshot"],"relics":["hermit:Momento","Strawberry","FaceOfCleric","Sundial","Meat on the Bone","SacredBark"],"acts_visited":["Exordium","TheCity"],"potions_floor_usage":[18],"damage_taken":[{"damage":14.0,"enemies":"Small Slimes","floor":1.0,"turns":3.0},{"damage":2.0,"enemies":"Jaw Worm","floor":7.0,"turns":4.0},{"damage":0.0,"enemies":"Cultist","floor":11.0,"turns":4.0},{"damage":15.0,"enemies":"Lagavulin","floor":12.0,"turns":5.0},{"damage":12.0,"enemies":"Exordium Thugs","floor":14.0,"turns":4.0},{"damage":50,"enemies":"Slime Boss","floor":16,"turns":8},{"damage":0,"enemies":"3 Byrds","floor":18,"turns":1},{"damage":53,"enemies":"Chosen","floor":20,"turns":8}],"seed_played":"5775566738211695674","potions_obtained":[{"floor":7.0,"key":"SkillPotion"},{"floor":11.0,"key":"Strength Potion"},{"floor":14.0,"key":"SmokeBomb"}],"is_trial":false,"path_per_floor":["M","?","$","?","?","R","M","R","T","R","M","E","$","M","R","B",null,"M","$","M"],"character_chosen":"HERMIT","items_purchased":["hermit:ShadowCloak","Block Potion","hermit:ShadowCloak","hermit:Headshot","Dexterity Potion"],"campfire_rested":4,"item_purchase_floors":[3,3,13,19,19],"current_hp_per_floor":[46,20,20,9,9,36,35,62,62,89,90,76,76,65,93,56,87,88,88,35,35],"gold":19,"neow_bonus":"TWENTY_PERCENT_HP_BONUS","is_daily":false,"chose_seed":false,"campfire_upgraded":0,"win_rate":0.0,"timestamp":1609401614,"path_taken":["M","?","$","?","?","R","M","R","T","R","?","E","?","M","R","BOSS","M","$","M"],"items_purchased_type":["Card","Potion","Card","Card","Potion"],"build_version":"2020-12-22","purchased_purges":0,"victory":false,"max_hp_per_floor":[85,85,85,92,92,92,93,93,93,93,94,95,95,96,96,97,97,98,98,98,98],"card_choices":[{"not_picked":["hermit:Coalescence","hermit:FullyLoaded"],"picked":"hermit:Grudge","floor":1.0},{"not_picked":["hermit:HoleUp","hermit:Cheat"],"picked":"hermit:Roulette","floor":7.0},{"not_picked":["hermit:DeadMansHand","hermit:WideOpen"],"picked":"hermit:Headshot","floor":11.0},{"not_picked":["hermit:Roulette","hermit:EyeOfTheStorm"],"picked":"hermit:FlashPowder","floor":12.0},{"not_picked":["hermit:CalledShot","hermit:HighCaliber"],"picked":"hermit:Glare","floor":14.0},{"not_picked":["hermit:Adapt","hermit:Purgatory"],"picked":"hermit:OverwhelmingPower","floor":16}],"player_experience":668271,"relics_obtained":[{"floor":9.0,"key":"Sundial"},{"floor":12.0,"key":"Meat on the Bone"}],"event_choices":[{"damage_healed":0.0,"max_hp_gain":0.0,"max_hp_loss":0.0,"gold_gain":0.0,"event_name":"Shining Light","player_choice":"Entered Light","floor":2.0,"gold_loss":0.0,"damage_taken":26.0,"cards_upgraded":["hermit:Covet","hermit:Defend_Hermit"]},{"damage_healed":0.0,"max_hp_gain":0.0,"max_hp_loss":0.0,"gold_gain":0.0,"event_name":"Scrap Ooze","player_choice":"Success","floor":4.0,"gold_loss":0.0,"damage_taken":18.0,"relics_obtained":["Strawberry"]},{"damage_healed":0.0,"max_hp_gain":0.0,"max_hp_loss":0.0,"gold_gain":0.0,"event_name":"FaceTrader","player_choice":"Trade","floor":5.0,"gold_loss":0.0,"damage_taken":0.0,"relics_obtained":["FaceOfCleric"]}],"is_beta":false,"boss_relics":[{"not_picked":["Sozu","Runic Dome"],"picked":"SacredBark"}],"items_purged_floors":[],"is_endless":false,"potions_floor_spawned":[7,11,14,18],"killed_by":"Chosen","ascension_level":17}}