{"host":"illcitrm55wwsa0m","time":1609431285,"event":{"mods":["AchievementEnabler","BaseMod","Colored Map","Minty Spire (QoL Compilation)","Quick Restart"],"gold_per_floor":[111,0,0,0,0,0,32,32,32,60,72,100,100,114,114,218,218,238,33,33,46,46,46,81,93,93,126,126,66,76,111,111,208,208,218,229,244,257,6,39,89,89,141,152,152,163,163,189,189,189,189,189,10,41,41,41],"floor_reached":55,"playtime":5487,"items_purged":["Strike_R","Strike_R","Strike_R","Clash+1"],"score":840,"play_id":"3e67c2c8-df33-42b4-b4b4-e45a5952183c","local_time":"20201231171445","is_ascension_mode":true,"campfire_choices":[{"data":"Whirlwind","floor":6.0,"key":"SMITH"},{"data":"True Grit","floor":13.0,"key":"SMITH"},{"floor":15.0,"key":"RECALL"},{"floor":23.0,"key":"DIG"},{"data":"Body Slam","floor":28.0,"key":"SMITH"},{"floor":32.0,"key":"DIG"},{"data":"Clash","floor":45.0,"key":"PURGE"},{"data":"Heavy Blade","floor":47.0,"key":"SMITH"},{"data":"Clothesline","floor":49.0,"key":"PURGE"},{"floor":52.0,"key":"DIG"}],"circlet_count":0,"master_deck":["Defend_R","Defend_R","Defend_R","Bash","Inflame","Whirlwind+1","Pommel Strike","True Grit+1","Impervious","Body Slam+1","Shockwave","Cleave","Demon Form+1","Metallicize+1","Battle Trance+1","Spot Weakness+1","Shrug It Off+1","Shrug It Off","Flame Barrier+1","Heavy Blade+1","Heavy Blade","Dramatic Entrance"],"relics":["Burning Blood","Smiling Mask","Nunchaku","Shovel","SlaversCollar","TheAbacus","Mercury Hourglass","Boot","Charon\u0027s Ashes","Eternal Feather","HornCleat","InkBottle","Philosopher\u0027s Stone","Lee\u0027s Waffle","Incense Burner","Peace Pipe","Ancient Tea Set","Shuriken","Mummified Hand","Magic Flower"],"acts_visited":["Exordium","TheCity","TheBeyond","TheEnding"],"potions_floor_usage":[55,55],"damage_taken":[{"damage":5.0,"enemies":"Jaw Worm","floor":1.0,"turns":6.0},{"damage":28.0,"enemies":"Gremlin Nob","floor":7.0,"turns":4.0},{"damage":11.0,"enemies":"Lagavulin","floor":10.0,"turns":5.0},{"damage":0.0,"enemies":"Small Slimes","floor":11.0,"turns":2.0},{"damage":14.0,"enemies":"3 Sentries","floor":12.0,"turns":5.0},{"damage":0.0,"enemies":"Cultist","floor":14.0,"turns":3.0},{"damage":27.0,"enemies":"Slime Boss","floor":16.0,"turns":8.0},{"damage":6.0,"enemies":"3 Byrds","floor":18.0,"turns":5.0},{"damage":7.0,"enemies":"Shell Parasite","floor":21.0,"turns":8.0},{"damage":23.0,"enemies":"Book of Stabbing","floor":24.0,"turns":5.0},{"damage":21.0,"enemies":"Centurion and Healer","floor":25.0,"turns":4.0},{"damage":3.0,"enemies":"Gremlin Leader","floor":27.0,"turns":4.0},{"damage":0.0,"enemies":"Chosen and Byrds","floor":30.0,"turns":4.0},{"damage":24.0,"enemies":"Slavers","floor":31.0,"turns":3.0},{"damage":23.0,"enemies":"Automaton","floor":33.0,"turns":8.0},{"damage":0.0,"enemies":"Orb Walker","floor":35.0,"turns":2.0},{"damage":22.0,"enemies":"3 Darklings","floor":36.0,"turns":4.0},{"damage":26.0,"enemies":"Spire Growth","floor":37.0,"turns":5.0},{"damage":32.0,"enemies":"Sphere and 2 Shapes","floor":38.0,"turns":4.0},{"damage":28.0,"enemies":"Nemesis","floor":40.0,"turns":7.0},{"damage":0.0,"enemies":"Mind Bloom Boss Battle","floor":41.0,"turns":4.0},{"damage":14.0,"enemies":"4 Shapes","floor":44.0,"turns":4.0},{"damage":0.0,"enemies":"Writhing Mass","floor":46.0,"turns":6.0},{"damage":7.0,"enemies":"Reptomancer","floor":48.0,"turns":5.0},{"damage":61.0,"enemies":"Awakened One","floor":50.0,"turns":7.0},{"damage":6.0,"enemies":"Shield and Spear","floor":54.0,"turns":3.0},{"damage":101,"enemies":"The Heart","floor":55,"turns":6}],"seed_played":"553057597695185945","potions_obtained":[{"floor":1.0,"key":"PowerPotion"},{"floor":7.0,"key":"CultistPotion"},{"floor":10.0,"key":"Ancient Potion"},{"floor":14.0,"key":"EssenceOfSteel"},{"floor":24.0,"key":"Ancient Potion"},{"floor":30.0,"key":"Weak Potion"},{"floor":31.0,"key":"Ancient Potion"},{"floor":37.0,"key":"SneckoOil"},{"floor":44.0,"key":"DistilledChaos"},{"floor":46.0,"key":"Fruit Juice"},{"floor":54.0,"key":"LiquidBronze"}],"is_trial":false,"path_per_floor":["M","$","?","?","?","R","E","?","T","E","M","E","R","M","R","B",null,"M","$","?","M","?","R","E","M","T","E","R","?","M","E","R","B",null,"M","M","M","M","$","E","?","?","T","M","R","M","R","E","R","B",null,"R","$","E","B"],"character_chosen":"IRONCLAD","items_purchased":["Whirlwind","TheAbacus","Lee\u0027s Waffle","Shrug It Off","Heavy Blade","Dramatic Entrance"],"campfire_rested":0,"item_purchase_floors":[2,19,39,39,53,53],"current_hp_per_floor":[88,88,88,88,88,88,66,66,66,61,67,59,59,65,65,44,88,88,88,88,87,87,87,70,55,55,58,67,67,73,55,64,47,88,88,72,52,26,95,73,79,79,79,71,83,89,95,94,95,40,95,95,95,100,0,0],"gold":41,"neow_bonus":"TEN_PERCENT_HP_BONUS","is_daily":false,"chose_seed":false,"campfire_upgraded":4,"win_rate":0.0,"timestamp":1609431285,"path_taken":["M","$","?","?","?","R","E","?","T","E","M","E","R","?","R","BOSS","M","?","?","?","?","R","E","M","T","E","R","?","M","E","R","BOSS","M","M","M","?","$","E","?","?","T","?","R","M","R","E","R","BOSS","R","$","E","BOSS"],"items_purchased_type":["Card","Relic","Relic","Card","Card","Card"],"build_version":"2020-12-22","purchased_purges":4,"victory":false,"max_hp_per_floor":[88,88,88,88,88,88,88,88,88,88,88,88,88,88,88,88,88,88,88,88,88,88,88,88,88,88,88,88,88,88,88,88,88,88,88,88,88,88,95,95,95,95,95,95,95,95,95,95,95,95,95,95,95,100,100,100],"card_choices":[{"not_picked":["Body Slam","Perfected Strike"],"picked":"Inflame","floor":1.0},{"not_picked":["Battle Trance","Carnage"],"picked":"Clothesline","floor":7.0},{"not_picked":["Ghostly Armor","Rampage"],"picked":"Pommel Strike","floor":10.0},{"not_picked":["Wild Strike","Clothesline"],"picked":"True Grit","floor":11.0},{"not_picked":["Flex","Reckless Charge","Intimidate"],"picked":"SKIP","floor":12.0},{"not_picked":["Dropkick","Clash","Warcry"],"picked":"SKIP","floor":14.0},{"not_picked":["Fiend Fire","Bludgeon"],"picked":"Impervious","floor":16.0},{"not_picked":["Clash","Flex"],"picked":"Body Slam","floor":18.0},{"not_picked":["Twin Strike","Blood for Blood","Sever Soul+1"],"picked":"SKIP","floor":21.0},{"not_picked":["Fiend Fire","Wild Strike","Anger"],"picked":"SKIP","floor":24.0},{"not_picked":["Headbutt","Power Through"],"picked":"Shockwave","floor":25.0},{"not_picked":["Cleave","True Grit"],"picked":"Clash+1","floor":27.0},{"not_picked":["Flex+1","Evolve+1"],"picked":"Cleave","floor":30.0},{"not_picked":["Immolate","Warcry+1","Hemokinesis"],"picked":"SKIP","floor":31.0},{"not_picked":["Limit Break","Corruption"],"picked":"Demon Form","floor":33.0},{"not_picked":["Clash+1","Twin Strike+1"],"picked":"Metallicize+1","floor":35.0},{"not_picked":["Havoc","Headbutt"],"picked":"Battle Trance+1","floor":36.0},{"not_picked":["Clothesline+1","Anger+1"],"picked":"Spot Weakness+1","floor":37.0},{"not_picked":["Dark Embrace+1","Clothesline+1"],"picked":"Shrug It Off+1","floor":38.0},{"not_picked":["Headbutt+1","Fiend Fire","Ghostly Armor"],"picked":"SKIP","floor":40.0},{"not_picked":["Infernal Blade","True Grit"],"picked":"Flame Barrier+1","floor":44.0},{"not_picked":["Ghostly Armor","Havoc+1"],"picked":"Heavy Blade","floor":46.0},{"not_picked":["Anger+1","Uppercut","Thunderclap+1"],"picked":"SKIP","floor":48.0},{"not_picked":["Pommel Strike+1","Sentinel","Wild Strike"],"picked":"SKIP","floor":54.0}],"player_experience":99441,"relics_obtained":[{"floor":7.0,"key":"Smiling Mask"},{"floor":10.0,"key":"Nunchaku"},{"floor":12.0,"key":"Shovel"},{"floor":23.0,"key":"Mercury Hourglass"},{"floor":24.0,"key":"Boot"},{"floor":26.0,"key":"Charon\u0027s Ashes"},{"floor":27.0,"key":"Eternal Feather"},{"floor":31.0,"key":"HornCleat"},{"floor":32.0,"key":"InkBottle"},{"floor":40.0,"key":"Incense Burner"},{"floor":41.0,"key":"Peace Pipe"},{"floor":43.0,"key":"Ancient Tea Set"},{"floor":48.0,"key":"Shuriken"},{"floor":52.0,"key":"Mummified Hand"},{"floor":54.0,"key":"Magic Flower"}],"event_choices":[{"cards_removed":["Defend_R"],"damage_healed":0.0,"max_hp_gain":0.0,"max_hp_loss":0.0,"gold_gain":0.0,"event_name":"Living Wall","player_choice":"Forget","floor":3.0,"gold_loss":0.0,"damage_taken":0.0},{"damage_healed":0.0,"max_hp_gain":0.0,"max_hp_loss":0.0,"gold_gain":0.0,"event_name":"Liars Game","player_choice":"Ignored","floor":4.0,"gold_loss":0.0,"damage_taken":0.0},{"damage_healed":0.0,"max_hp_gain":0.0,"max_hp_loss":0.0,"gold_gain":0.0,"event_name":"Shining Light","player_choice":"Ignored","floor":5.0,"gold_loss":0.0,"damage_taken":0.0},{"damage_healed":0.0,"max_hp_gain":0.0,"max_hp_loss":0.0,"gold_gain":0.0,"cards_transformed":["Strike_R"],"event_name":"Transmorgrifier","player_choice":"Transformed","floor":8.0,"gold_loss":0.0,"damage_taken":0.0,"cards_obtained":["Clash"]},{"damage_healed":0.0,"max_hp_gain":0.0,"max_hp_loss":0.0,"gold_gain":0.0,"event_name":"Vampires","player_choice":"Ignored","floor":20.0,"gold_loss":0.0,"damage_taken":0.0},{"cards_removed":["Strike_R"],"damage_healed":0.0,"max_hp_gain":0.0,"max_hp_loss":0.0,"gold_gain":0.0,"event_name":"Designer","player_choice":"Single Remove","floor":29.0,"gold_loss":60.0,"damage_taken":0.0},{"damage_healed":0.0,"max_hp_gain":0.0,"max_hp_loss":0.0,"gold_gain":0.0,"event_name":"MindBloom","player_choice":"Fight","floor":41.0,"gold_loss":0.0,"damage_taken":0.0},{"damage_healed":0.0,"max_hp_gain":0.0,"max_hp_loss":0.0,"gold_gain":0.0,"event_name":"Upgrade Shrine","player_choice":"Upgraded","floor":42.0,"gold_loss":0.0,"damage_taken":0.0,"cards_upgraded":["Demon Form"]}],"is_beta":false,"boss_relics":[{"not_picked":["Runic Pyramid","Runic Cube"],"picked":"SlaversCollar"},{"not_picked":["Calling Bell","Astrolabe"],"picked":"Philosopher\u0027s Stone"}],"items_purged_floors":[2,19,39,53],"is_endless":false,"potions_floor_spawned":[1,7,10,14,18,24,30,31,37,44,46,54],"killed_by":"The Heart","ascension_level":1}}