{"host":"bf9sa99gaumonoeu","time":1609437362,"event":{"mods":["AchievementEnabler","Act Like it!","BaseMod","Colored Map","Colored Powertips","Downfall","Friendly Minions","Gensokyo","Hermit","Jorbs\u0027s Wanderer Trilogy","Marisa????????","Minty Spire (QoL Compilation)","Remilia??????","Replay The Spire","Shop Mod","StSLib","The Animator","The Bug Knight","The Cursed","The Disciple","The Hierophant","The Senshi","The Servant 0.9.4"],"gold_per_floor":[113,199,213,23,23,23,49,62,62,90,90,45,57,82,82,185,185,199,216,141,157,182,182,16,16,42,42,73,87,113,113,113],"floor_reached":31,"playtime":4199,"items_purged":["animator:Defend"],"score":272,"play_id":"eb4e0a25-0a1d-4966-b7e1-89115f333e76","local_time":"20201231155602","is_ascension_mode":true,"campfire_choices":[{"data":"animator:DolaStephanie","floor":6.0,"key":"SMITH"},{"data":"animator:Shion","floor":11.0,"key":"SMITH"},{"floor":15.0,"key":"REST"},{"floor":23.0,"key":"REST"},{"floor":25.0,"key":"REST"}],"circlet_count":0,"master_deck":["animator:Strike_NoGameNoLife","animator:Defend_NoGameNoLife","animator:Strike","animator:Strike","animator:Defend","animator:Defend","animator:DolaSchwi","animator:DolaCouronne","animator:Melzalgald","animator:DolaStephanie+1","animator:Genos+1","animator:Illya","Pot Of Greed","Pot Of Greed","animator:DolaCouronne","animator:DolaRiku","animator:Shion+1","animator:Tatsumaki+1","animator:Vesta","animator:CowGirl","animator:Envy+1","animator:DolaCouronne","animator:HighElfArcher","animator:Rena","Pot Of Greed","animator:Benimaru","animator:Kagari+1","Pain","animator:DolaRiku","animator:Berserker","animator:Jibril"],"relics":["animator:LivingPicture","animator:TheMissingPiece","animator:PurgingStone","Regal Pillow","Replay:Rubber Ducky","Grinning Jar","Golden Egg","Cursed Key","Oddly Smooth Stone","Blood Vial"],"acts_visited":["Exordium","TheCity"],"potions_floor_usage":[30],"damage_taken":[{"damage":0.0,"enemies":"Small Slimes","floor":1.0,"turns":4.0},{"damage":1.0,"enemies":"Jaw Worm","floor":3.0,"turns":4.0},{"damage":8.0,"enemies":"HollowMod:MossKnight","floor":7.0,"turns":8.0},{"damage":0.0,"enemies":"Cultist","floor":8.0,"turns":4.0},{"damage":3.0,"enemies":"Gremlin Gang","floor":10.0,"turns":6.0},{"damage":3.0,"enemies":"Red Slaver","floor":13.0,"turns":2.0},{"damage":16.0,"enemies":"Lots of Slimes","floor":14.0,"turns":3.0},{"damage":45.0,"enemies":"Slime Boss","floor":16.0,"turns":9.0},{"damage":26.0,"enemies":"2 Thieves","floor":18.0,"turns":4.0},{"damage":6.0,"enemies":"Shell Parasite","floor":19.0,"turns":6.0},{"damage":20.0,"enemies":"Cultist and Chosen","floor":21.0,"turns":4.0},{"damage":15.0,"enemies":"Centurion and Healer","floor":22.0,"turns":7.0},{"damage":27,"enemies":"animator:HornedBat","floor":28,"turns":8},{"damage":16,"enemies":"Chosen and Byrds","floor":29,"turns":5},{"damage":12,"enemies":"Snecko","floor":30,"turns":6},{"damage":29,"enemies":"Cultist and Chosen","floor":31,"turns":6}],"seed_played":"-5159752085807046800","potions_obtained":[{"floor":1.0,"key":"AttackPotion"},{"floor":7.0,"key":"Strength Potion"},{"floor":18.0,"key":"Ancient Potion"},{"floor":30,"key":"Energy Potion"}],"is_trial":false,"path_per_floor":["M","?","M","$","?","R","E","M","T","M","R","$","M","M","R","B",null,"M","M","?","M","M","R","$","R","T","?","E","M","M","M"],"character_chosen":"THE_ANIMATOR","items_purchased":["Replay:Rubber Ducky","animator:Illya","animator:Tatsumaki","animator:Kagari"],"campfire_rested":3,"item_purchase_floors":[4,4,12,24],"current_hp_per_floor":[72,54,53,53,53,53,45,46,46,43,43,43,41,25,62,17,74,48,43,43,23,8,45,45,75,75,75,48,34,24,0,0],"gold":113,"neow_bonus":"TEN_PERCENT_HP_BONUS","is_daily":false,"chose_seed":false,"campfire_upgraded":2,"win_rate":0.0,"timestamp":1609437362,"path_taken":["M","?","M","$","?","R","E","?","T","?","R","?","M","M","R","BOSS","M","M","?","M","M","R","$","R","T","?","E","M","?","M"],"items_purchased_type":["Relic","Card","Card","Card"],"build_version":"2020-12-22","purchased_purges":1,"victory":false,"max_hp_per_floor":[72,72,72,72,72,72,72,73,73,73,73,73,74,74,74,74,74,74,75,75,75,75,75,75,75,75,75,75,75,75,75,75],"card_choices":[{"not_picked":["animator:Guy","animator:IzunaHatsuse"],"picked":"animator:Melzalgald","floor":1.0},{"not_picked":["animator:Assassin","animator:ElricAlphonse"],"picked":"animator:DolaStephanie","floor":2.0},{"not_picked":["animator:Assassin","animator:Shuna"],"picked":"animator:Genos","floor":3.0},{"not_picked":["animator:SayakaMiki","animator:Illya"],"picked":"animator:DolaCouronne","floor":7.0},{"not_picked":["animator:DolaStephanie","animator:FielNirvalen"],"picked":"animator:DolaRiku","floor":8.0},{"not_picked":["animator:DolaSchwi","animator:IzunaHatsuse"],"picked":"animator:Shion","floor":10.0},{"not_picked":["animator:Benimaru","animator:IrohaTamaki"],"picked":"animator:Vesta","floor":13.0},{"not_picked":["animator:Ain","animator:Jibril"],"picked":"animator:CowGirl","floor":14.0},{"not_picked":["animator:Gilgamesh","animator:Eve"],"picked":"animator:Envy","floor":16.0},{"not_picked":["animator:DolaRiku","animator:FielNirvalen"],"picked":"animator:DolaCouronne","floor":18.0},{"not_picked":["animator:Assassin+1","animator:Ara"],"picked":"animator:HighElfArcher","floor":19.0},{"not_picked":["animator:Ara","animator:Hakurou"],"picked":"animator:Rena","floor":21.0},{"not_picked":["animator:ShinjiMatou","animator:OrikoMikuni"],"picked":"animator:Benimaru","floor":22.0},{"not_picked":["animator:DolaCouronne","animator:IzunaHatsuse"],"picked":"animator:DolaRiku","floor":28},{"not_picked":["animator:Tatsumaki+1","animator:Ciel"],"picked":"animator:Berserker","floor":29},{"not_picked":["animator:CowGirl","animator:Shion"],"picked":"animator:Jibril","floor":30}],"player_experience":625096,"relics_obtained":[{"floor":2.0,"key":"Regal Pillow"},{"floor":7.0,"key":"Grinning Jar"},{"floor":9.0,"key":"Golden Egg"},{"floor":26.0,"key":"Oddly Smooth Stone"},{"floor":28,"key":"Blood Vial"}],"event_choices":[{"damage_healed":0.0,"max_hp_gain":0.0,"max_hp_loss":0.0,"gold_gain":0.0,"event_name":"Upgrade Shrine","player_choice":"Upgraded","floor":5.0,"gold_loss":0.0,"damage_taken":0.0,"cards_upgraded":["animator:Genos"]},{"cards_removed":["animator:Strike"],"damage_healed":0.0,"max_hp_gain":0.0,"max_hp_loss":0.0,"gold_gain":0.0,"event_name":"Beggar","player_choice":"Gave Gold","floor":20.0,"gold_loss":75.0,"damage_taken":0.0},{"damage_healed":0.0,"max_hp_gain":0.0,"max_hp_loss":0.0,"gold_gain":0.0,"event_name":"N\u0027loth","player_choice":"Ignored","floor":27.0,"gold_loss":0.0,"damage_taken":0.0}],"is_beta":false,"boss_relics":[{"not_picked":["Replay:Ancient Bell","Pandora\u0027s Box"],"picked":"Cursed Key"}],"items_purged_floors":[24],"is_endless":false,"potions_floor_spawned":[1,7,18,30],"killed_by":"Cultist and Chosen","ascension_level":1}}