{"host":"vgnj3owxn2tq7mop","time":1609429026,"event":{"mods":["Act Like it!","BaseMod","Colored Map","Downfall","Hallownest","Minty Spire (QoL Compilation)","StSLib","SuperFastMode","The Bug Knight","The Servant 0.9.4"],"gold_per_floor":[0,17,17,17,2,14,37,54,54,135,153,187,187,222,238,334,384,384,394,408,11,29,29,101,101,26,26,26,37,137,162,173,278,278,203,217,230,42,42,42,42,92,17,31,172,202,202,39,56,56,56,81,6,6,6],"floor_reached":56,"playtime":6529,"items_purged":["Defend_S","Strike_S","Defend_S","FloweringNight"],"score":1825,"play_id":"02e33928-6b4a-4353-9e58-75e40dfa4d8f","local_time":"20201231233706","is_ascension_mode":true,"campfire_choices":[{"data":"KidneyShot","floor":1.0,"key":"SMITH"},{"data":"RealityMarble","floor":9.0,"key":"SMITH"},{"floor":13.0,"key":"REST"},{"floor":18.0,"key":"RECALL"},{"data":"BestPractice","floor":23.0,"key":"SMITH"},{"floor":26.0,"key":"REST"},{"data":"FastForward","floor":28.0,"key":"SMITH"},{"data":"SurpressingFire","floor":35.0,"key":"SMITH"},{"data":"Advance","floor":43.0,"key":"SMITH"},{"data":"1","floor":47,"key":"LIFT"},{"data":"2","floor":54,"key":"LIFT"}],"circlet_count":0,"master_deck":["AscendersBane","Strike_S","Strike_S","Defend_S","KidneyShot+1","Exchange","Comet","FastForward+1","Rearm+1","RealityMarble+1","KillingDoll","BestPractice+1","Rearm","Initiator","FastForward+1","SurpressingFire+1","Ricochet+1","StarChef","RealityMarble","PendulumOfEternity","Advance+1","expansioncontent:AwakenDeath","expansioncontent:DarkVoid","GearUp+1","SilverBlades","KillingDoll","InstantArmor","ForgedInTime"],"relics":["Uniform","Ginger","Boot","HollowMod:LifeEnderRelic","CaptainsWheel","Bag of Preparation","Tiny House","Membership Card","Lizard Tail","Shuriken","downfall:HeartBlessingRed","Du-Vu Doll","StrikeDummy","Regal Pillow","Sozu","downfall:HeartBlessingGreen","KneeBrace","Pocketwatch","downfall:HeartBlessingBlue","Guardian:BottledAnomaly","Girya","InkBottle","Pantograph"],"acts_visited":["Exordium","TheCity","TheBeyond","TheEnding"],"potions_floor_usage":[],"damage_taken":[{"damage":9.0,"enemies":"Jaw Worm","floor":2.0,"turns":6.0},{"damage":0.0,"enemies":"downfall:FleeingMerchant","floor":5.0,"turns":4.0},{"damage":1.0,"enemies":"2 Louse","floor":6.0,"turns":2.0},{"damage":0.0,"enemies":"Cultist","floor":8.0,"turns":4.0},{"damage":11.0,"enemies":"Exordium Thugs","floor":11.0,"turns":6.0},{"damage":19.0,"enemies":"3 Sentries","floor":12.0,"turns":8.0},{"damage":5.0,"enemies":"Lagavulin","floor":14.0,"turns":6.0},{"damage":0.0,"enemies":"Blue Slaver","floor":15.0,"turns":4.0},{"damage":0.0,"enemies":"downfall:Ironclad","floor":16.0,"turns":8.0},{"damage":12.0,"enemies":"Shell Parasite","floor":19.0,"turns":4.0},{"damage":1.0,"enemies":"Spheric Guardian","floor":20.0,"turns":4.0},{"damage":0.0,"enemies":"downfall:FleeingMerchant","floor":21.0,"turns":4.0},{"damage":21.0,"enemies":"Snecko","floor":22.0,"turns":5.0},{"damage":13.0,"enemies":"Snake Plant","floor":29.0,"turns":4.0},{"damage":10.0,"enemies":"downfall:Silent","floor":30.0,"turns":6.0},{"damage":18.0,"enemies":"Gremlin Leader","floor":31.0,"turns":7.0},{"damage":11.0,"enemies":"Cultist and Chosen","floor":32.0,"turns":5.0},{"damage":6.0,"enemies":"downfall:Defect","floor":33.0,"turns":6.0},{"damage":16.0,"enemies":"3 Darklings","floor":36.0,"turns":5.0},{"damage":8.0,"enemies":"3 Shapes","floor":37.0,"turns":6.0},{"damage":0.0,"enemies":"downfall:FleeingMerchant","floor":38.0,"turns":4.0},{"damage":8.0,"enemies":"Mind Bloom Boss Battle","floor":42.0,"turns":6.0},{"damage":11.0,"enemies":"Sphere and 2 Shapes","floor":44.0,"turns":5.0},{"damage":7.0,"enemies":"downfall:FleeingMerchant","floor":45.0,"turns":4.0},{"damage":26,"enemies":"Nemesis","floor":46,"turns":5},{"damage":11,"enemies":"Jaw Worm Horde","floor":49,"turns":3},{"damage":1,"enemies":"downfall:Watcher","floor":50,"turns":5},{"damage":0,"enemies":"downfall:CharBossMerchant","floor":52,"turns":4},{"damage":8,"enemies":"downfall:NeowBoss","floor":55,"turns":16}],"seed_played":"-6228204357515610443","potions_obtained":[{"floor":2.0,"key":"PowerPotion"},{"floor":6.0,"key":"Weak Potion"},{"floor":11.0,"key":"Weak Potion"},{"floor":15.0,"key":"Block Potion"},{"floor":16.0,"key":"Explosive Potion"},{"floor":17.0,"key":"LiquidBronze"},{"floor":22.0,"key":"Explosive Potion"},{"floor":29.0,"key":"SkillPotion"},{"floor":32.0,"key":"hexamod:EctoCoolerPotion"}],"is_trial":false,"path_per_floor":["R","M","?","?","$","M","T","M","R","T","M","E","R","E","M","B",null,"R","M","M","$","M","R","T","?","R","?","R","M","?","E","M","B",null,"R","M","M","$","?","?","T","?","R","M","$","E","R","$","M","B",null,"E","$","R","B",null],"character_chosen":"THE_SERVANT","items_purchased":["Membership Card","SurpressingFire","Lizard Tail","KneeBrace","Guardian:BottledAnomaly","KillingDoll","InkBottle","InstantArmor"],"campfire_rested":2,"item_purchase_floors":[21,21,21,38,45,45,48,48],"current_hp_per_floor":[71,62,59,59,59,58,58,58,58,58,47,28,51,46,46,46,74,74,62,61,61,40,40,40,40,64,64,64,51,41,23,12,6,63,63,47,39,39,34,82,82,74,84,73,66,40,40,40,29,28,76,76,76,76,84],"gold":6,"neow_bonus":"TWENTY_PERCENT_HP_BONUS","is_daily":false,"chose_seed":false,"campfire_upgraded":6,"win_rate":0.0,"timestamp":1609429026,"path_taken":["R","M","?","?","$","?","T","M","R","?","M","E","R","E","M","BOSS","R","M","M","$","?","R","T","?","R","?","R","M","?","E","M","BOSS","R","M","M","$","?","?","T","?","R","M","?","E","R","?","M","BOSS","E","$","R","BOSS"],"items_purchased_type":["Relic","Card","Relic","Relic","Relic","Card","Relic","Card"],"build_version":"2020-12-22","purchased_purges":4,"victory":true,"max_hp_per_floor":[77,77,77,77,77,77,77,77,77,77,77,77,77,77,77,77,82,82,82,82,82,82,82,82,82,82,82,82,82,82,82,82,82,82,82,82,82,82,82,82,82,82,92,92,92,92,92,92,92,92,92,92,92,92,92],"card_choices":[{"not_picked":["Revamp","Manipulate"],"picked":"Comet","floor":2.0},{"not_picked":["TimeWarp","ShatteredReality"],"picked":"FastForward","floor":5.0},{"not_picked":["Defy","Shuttle"],"picked":"Rearm","floor":6.0},{"not_picked":["TimeWarp","DoubleEdge"],"picked":"RealityMarble","floor":8.0},{"not_picked":["MoonPhase","Revamp","Potential"],"picked":"SKIP","floor":11.0},{"not_picked":["BottledTime","Rearm"],"picked":"KillingDoll","floor":12.0},{"not_picked":["Replace","Barrier"],"picked":"BestPractice","floor":14.0},{"not_picked":["Revamp","TimeWarp","Snipe"],"picked":"SKIP","floor":15.0},{"not_picked":["ForgedInTime","Solidify"],"picked":"FloweringNight","floor":16.0},{"not_picked":["Unruled","Ricochet"],"picked":"Rearm","floor":17.0},{"not_picked":["Revamp","Unruled","Hightail+1"],"picked":"SKIP","floor":19.0},{"not_picked":["TimeTheft","Potential"],"picked":"Initiator","floor":20.0},{"not_picked":["BottledTime","Starlight"],"picked":"FastForward+1","floor":21.0},{"not_picked":["TimeWarp","DualDimension","FastForward"],"picked":"SKIP","floor":22.0},{"not_picked":["Desolation","Reset"],"picked":"Ricochet+1","floor":29.0},{"not_picked":["BestPractice","Foresight"],"picked":"StarChef","floor":30.0},{"not_picked":["FastForward","Moondial"],"picked":"RealityMarble","floor":31.0},{"not_picked":["Revamp","Rearm","Spin"],"picked":"SKIP","floor":32.0},{"not_picked":["TrueSight","FlawlessForm"],"picked":"PendulumOfEternity","floor":33.0},{"not_picked":["TimeTheft+1","DancingSilver+1","FanOfKnives"],"picked":"SKIP","floor":36.0},{"not_picked":["Unruled+1","TimeWarp"],"picked":"Advance","floor":37.0},{"not_picked":["Starlight","Rearm","Defy"],"picked":"SKIP","floor":38.0},{"not_picked":["expansioncontent:DefensiveMode","expansioncontent:ChargeUp"],"picked":"expansioncontent:AwakenDeath","floor":39.0},{"not_picked":["expansioncontent:Flail","expansioncontent:SlimeTackle"],"picked":"expansioncontent:DarkVoid","floor":39.0},{"not_picked":["LightFlow","Potential"],"picked":"GearUp+1","floor":44.0},{"not_picked":["Alleviate","Collapse"],"picked":"SilverBlades","floor":45.0},{"not_picked":["Ricochet","Potential","DoubleEdge"],"picked":"SKIP","floor":46},{"not_picked":["Reset","DoubleEdge"],"picked":"ForgedInTime","floor":49},{"not_picked":["Spin","Rewind","Starlight"],"picked":"SKIP","floor":52}],"player_experience":1172180,"relics_obtained":[{"floor":7.0,"key":"Boot"},{"floor":10.0,"key":"HollowMod:LifeEnderRelic"},{"floor":12.0,"key":"CaptainsWheel"},{"floor":14.0,"key":"Bag of Preparation"},{"floor":24.0,"key":"Shuriken"},{"floor":30.0,"key":"Du-Vu Doll"},{"floor":30.0,"key":"StrikeDummy"},{"floor":31.0,"key":"Regal Pillow"},{"floor":42.0,"key":"Pocketwatch"},{"floor":46,"key":"Girya"},{"floor":52,"key":"Pantograph"}],"event_choices":[{"damage_healed":0.0,"max_hp_gain":0.0,"max_hp_loss":0.0,"gold_gain":0.0,"event_name":"Scrap Ooze","player_choice":"Success","floor":3.0,"gold_loss":0.0,"damage_taken":3.0,"relics_obtained":["Ginger"]},{"cards_removed":["Strike_S"],"damage_healed":0.0,"max_hp_gain":0.0,"max_hp_loss":0.0,"gold_gain":0.0,"event_name":"Purifier","player_choice":"Purged","floor":4.0,"gold_loss":0.0,"damage_taken":0.0},{"cards_removed":["Defend_S"],"damage_healed":0.0,"max_hp_gain":0.0,"max_hp_loss":0.0,"gold_gain":0.0,"event_name":"Back to Basics","player_choice":"Elegance","floor":25.0,"gold_loss":0.0,"damage_taken":0.0},{"damage_healed":0.0,"max_hp_gain":0.0,"max_hp_loss":0.0,"gold_gain":0.0,"event_name":"Ghosts","player_choice":"Ignored","floor":27.0,"gold_loss":0.0,"damage_taken":0.0},{"damage_healed":48.0,"max_hp_gain":0.0,"max_hp_loss":0.0,"gold_gain":0.0,"event_name":"Wheel of Change","player_choice":"Full Heal","floor":40.0,"gold_loss":0.0,"damage_taken":0.0}],"is_beta":false,"boss_relics":[{"not_picked":["SacredBark","Snecko Eye"],"picked":"Tiny House"},{"not_picked":["MysterySword","Runic Dome"],"picked":"Sozu"}],"items_purged_floors":[21,38,45,53],"is_endless":false,"potions_floor_spawned":[2,6,11,15,16,22,29,32,36,44,46],"ascension_level":12}}