{"host":"640uue19m79c7wbt","time":1609395127,"event":{"mods":["BaseMod","Colored Map","Googly Eyes","Highlight Path","Minty Spire (QoL Compilation)","Quick Restart","StSLib"],"gold_per_floor":[110,110,110,185,1,26,26,26,50,75,93,93,104,104,104],"floor_reached":14,"playtime":325,"items_purged":[],"score":161,"play_id":"2d53e608-cfff-4f36-b965-3ac4634f0eb2","local_time":"20201231011207","is_ascension_mode":true,"campfire_choices":[{"data":"Night Terror","floor":7,"key":"SMITH"},{"floor":12,"key":"REST"}],"circlet_count":0,"master_deck":["Strike_G+1","Strike_G","Strike_G","Strike_G","Strike_G","Defend_G","Defend_G","Defend_G+1","Defend_G","Defend_G","Survivor","Neutralize","Dash","Concentrate","Night Terror+1","Purity","Accuracy","A Thousand Cuts","Crippling Poison","Setup","Leg Sweep"],"relics":["Ring of the Snake","NeowsBlessing","Membership Card","Bottled Tornado","Oddly Smooth Stone","Toy Ornithopter"],"acts_visited":["Exordium"],"potions_floor_usage":[],"damage_taken":[{"damage":0,"enemies":"Jaw Worm","floor":1,"turns":1},{"damage":0,"enemies":"3 Sentries","floor":6,"turns":1},{"damage":0,"enemies":"Lagavulin","floor":10,"turns":2},{"damage":2,"enemies":"Cultist","floor":11,"turns":5},{"damage":9,"enemies":"2 Louse","floor":13,"turns":2},{"damage":60,"enemies":"Gremlin Nob","floor":14,"turns":5}],"seed_played":"7595933099522825878","potions_obtained":[{"floor":1,"key":"Explosive Potion"},{"floor":10,"key":"SpeedPotion"}],"is_trial":false,"path_per_floor":["M","?","$","?","$","E","R","?","T","E","M","R","M","E"],"character_chosen":"THE_SILENT","items_purchased":["Membership Card","Accuracy"],"campfire_rested":1,"item_purchase_floors":[5,5],"current_hp_per_floor":[70,70,70,59,59,59,59,45,45,45,43,64,55,0,0],"gold":104,"neow_bonus":"THREE_ENEMY_KILL","is_daily":false,"chose_seed":false,"campfire_upgraded":1,"win_rate":0.0,"timestamp":1609395127,"path_taken":["M","?","?","?","$","E","R","?","T","E","M","R","?","E"],"items_purchased_type":["Relic","Card"],"build_version":"2020-12-22","purchased_purges":0,"victory":false,"max_hp_per_floor":[70,70,70,70,70,70,70,70,70,70,70,70,70,70,70],"card_choices":[{"not_picked":["Flechettes","Skewer"],"picked":"Dash","floor":1},{"not_picked":["Backflip","Dagger Spray"],"picked":"A Thousand Cuts","floor":6},{"not_picked":["Grand Finale","Sucker Punch"],"picked":"Crippling Poison","floor":10},{"not_picked":["Deflect","Deadly Poison"],"picked":"Setup","floor":11},{"not_picked":["Deflect","Blur"],"picked":"Leg Sweep","floor":13}],"player_experience":528034,"relics_obtained":[{"floor":6,"key":"Bottled Tornado"},{"floor":9,"key":"Oddly Smooth Stone"},{"floor":10,"key":"Toy Ornithopter"}],"event_choices":[{"damage_healed":0,"gold_gain":0,"player_choice":"3 cards matched","damage_taken":0,"max_hp_gain":0,"max_hp_loss":0,"event_name":"Match and Keep!","floor":2,"gold_loss":0,"cards_obtained":["Concentrate","Night Terror","Purity"]},{"damage_healed":0,"gold_gain":75,"player_choice":"Gather Gold","damage_taken":11,"max_hp_gain":0,"max_hp_loss":0,"event_name":"World of Goop","floor":4,"gold_loss":0},{"damage_healed":0,"gold_gain":0,"player_choice":"Entered Light","damage_taken":14,"max_hp_gain":0,"max_hp_loss":0,"event_name":"Shining Light","floor":8,"gold_loss":0,"cards_upgraded":["Defend_G","Strike_G"]}],"is_beta":false,"boss_relics":[],"items_purged_floors":[],"is_endless":false,"potions_floor_spawned":[1,10],"killed_by":"Gremlin Nob","ascension_level":2}}