{"host":"alk2ftu785mujiir","time":1609380405,"event":{"mods":["BaseMod","Colored Map","Downfall","Minty Spire (QoL Compilation)","StSLib"],"gold_per_floor":[13,23,23,23,38,63,63,98,98,114,145,145,145,159,159,261,311,321,321,321,349,349,382,382,415,438,452,452,469,495,67,67,67,67],"floor_reached":33,"playtime":1070,"items_purged":["Rampage"],"score":346,"play_id":"04b416c5-9c3d-4f8e-9419-f18a2136abed","local_time":"20201230210645","is_ascension_mode":false,"campfire_choices":[{"data":"Blood for Blood","floor":7.0,"key":"SMITH"},{"floor":13.0,"key":"REST"},{"floor":15.0,"key":"REST"},{"floor":24.0,"key":"REST"},{"floor":28.0,"key":"REST"},{"data":"Flame Barrier","floor":32.0,"key":"SMITH"}],"circlet_count":0,"master_deck":["Defend_R","Defend_R","Defend_R","Defend_R","Bash","Double Tap","Shrug It Off","Clothesline+1","Blood for Blood+1","Inflame","Inflame","Impervious","Immolate+1","Feed","Bite","Bite","Bite","Bite","Bite","Flame Barrier+1","Disarm","Shrug It Off"],"relics":["Burning Blood","Paper Frog","Whetstone","Self Forming Clay","Bottled Tornado","Tiny House","MutagenicStrength","Red Mask","Boot","Singing Bowl","Potion Belt","Magic Flower","Thread and Needle"],"acts_visited":["Exordium","TheCity"],"potions_floor_usage":[],"damage_taken":[{"damage":1.0,"enemies":"Cultist","floor":1.0,"turns":3.0},{"damage":2.0,"enemies":"2 Louse","floor":2.0,"turns":3.0},{"damage":6.0,"enemies":"Jaw Worm","floor":5.0,"turns":2.0},{"damage":23.0,"enemies":"Gremlin Nob","floor":6.0,"turns":5.0},{"damage":48.0,"enemies":"3 Sentries","floor":8.0,"turns":8.0},{"damage":4.0,"enemies":"Looter","floor":10.0,"turns":3.0},{"damage":10.0,"enemies":"Lagavulin","floor":11.0,"turns":5.0},{"damage":7.0,"enemies":"Blue Slaver","floor":14.0,"turns":4.0},{"damage":18.0,"enemies":"The Guardian","floor":16.0,"turns":7.0},{"damage":13.0,"enemies":"Spheric Guardian","floor":18.0,"turns":4.0},{"damage":0.0,"enemies":"Masked Bandits","floor":21.0,"turns":2.0},{"damage":55.0,"enemies":"Book of Stabbing","floor":23.0,"turns":8.0},{"damage":29.0,"enemies":"Gremlin Leader","floor":25.0,"turns":7.0},{"damage":16.0,"enemies":"Chosen","floor":27.0,"turns":4.0},{"damage":28.0,"enemies":"Snake Plant","floor":29.0,"turns":6.0},{"damage":25.0,"enemies":"Slavers","floor":30.0,"turns":5.0},{"damage":75,"enemies":"Automaton","floor":33,"turns":6}],"seed_played":"374047249963445517","potions_obtained":[{"floor":5.0,"key":"champ:CounterPotion"},{"floor":6.0,"key":"Slimebound:ThreeZeroPotion"},{"floor":8.0,"key":"champ:CounterPotion"},{"floor":14.0,"key":"AttackPotion"},{"floor":17.0,"key":"Fruit Juice"},{"floor":21.0,"key":"ElixirPotion"},{"floor":25.0,"key":"Weak Potion"},{"floor":29.0,"key":"BloodPotion"}],"is_trial":false,"path_per_floor":["M","M","$","?","M","E","R","E","T","M","E","?","R","M","R","B",null,"M","?","?","?","?","E","R","E","T","M","R","M","E","$","R","B"],"character_chosen":"IRONCLAD","items_purchased":["Thread and Needle","Shrug It Off"],"campfire_rested":4,"item_purchase_floors":[31,31],"current_hp_per_floor":[80,80,80,80,80,63,63,21,21,23,19,19,43,42,66,54,90,83,83,62,65,65,28,47,43,43,41,62,57,62,62,62,0,0],"gold":67,"neow_bonus":"THREE_RARE_CARDS","is_daily":false,"chose_seed":false,"campfire_upgraded":2,"win_rate":0.0,"timestamp":1609380405,"path_taken":["M","?","$","?","M","E","R","E","T","M","E","?","R","?","R","BOSS","M","?","?","?","?","E","R","E","T","M","R","M","E","$","R","BOSS"],"items_purchased_type":["Relic","Card"],"build_version":"2020-12-22","purchased_purges":1,"victory":false,"max_hp_per_floor":[80,80,80,80,80,80,80,80,80,80,80,80,80,80,80,80,90,90,90,62,65,65,65,65,70,70,72,72,77,80,80,80,80,80],"card_choices":[{"not_picked":["Offering","Bludgeon"],"picked":"Double Tap","floor":0.0},{"not_picked":["Whirlwind","Cleave"],"picked":"Shrug It Off","floor":1.0},{"not_picked":["Anger","Warcry"],"picked":"Clothesline","floor":2.0},{"not_picked":["Perfected Strike","Pommel Strike"],"picked":"Blood for Blood","floor":5.0},{"not_picked":["Havoc","Flex"],"picked":"Inflame","floor":6.0},{"not_picked":["Twin Strike","Rampage"],"picked":"Inflame","floor":8.0},{"not_picked":["Body Slam","Flex"],"picked":"Impervious","floor":10.0},{"not_picked":["Iron Wave","Havoc"],"picked":"Immolate","floor":11.0},{"not_picked":["Headbutt","Pommel Strike","True Grit"],"picked":"SKIP","floor":14.0},{"not_picked":["Demon Form","Barricade"],"picked":"Feed","floor":16.0},{"not_picked":["Armaments","Fire Breathing","Reckless Charge+1"],"picked":"SKIP","floor":18.0},{"not_picked":["Iron Wave","True Grit","Evolve+1"],"picked":"SKIP","floor":23.0},{"not_picked":["Headbutt","Flex","Exhume"],"picked":"Singing Bowl","floor":25.0},{"not_picked":["Twin Strike","Body Slam","Havoc"],"picked":"Singing Bowl","floor":27.0},{"not_picked":["Heavy Blade","Combust+1","Iron Wave"],"picked":"Singing Bowl","floor":29.0},{"not_picked":["Flex","Rampage+1"],"picked":"Disarm","floor":30.0}],"player_experience":1728395,"relics_obtained":[{"floor":6.0,"key":"Paper Frog"},{"floor":8.0,"key":"Whetstone"},{"floor":9.0,"key":"Self Forming Clay"},{"floor":11.0,"key":"Bottled Tornado"},{"floor":21.0,"key":"Red Mask"},{"floor":23.0,"key":"Boot"},{"floor":25.0,"key":"Singing Bowl"},{"floor":26.0,"key":"Potion Belt"},{"floor":30.0,"key":"Magic Flower"}],"event_choices":[{"damage_healed":0.0,"max_hp_gain":0.0,"max_hp_loss":0.0,"gold_gain":0.0,"event_name":"Golden Idol","player_choice":"Ignored","floor":4.0,"gold_loss":0.0,"damage_taken":0.0},{"damage_healed":0.0,"max_hp_gain":0.0,"max_hp_loss":0.0,"gold_gain":0.0,"cards_transformed":["Strike_R"],"event_name":"Transmorgrifier","player_choice":"Transformed","floor":12.0,"gold_loss":0.0,"damage_taken":0.0,"cards_obtained":["Rampage"]},{"damage_healed":0.0,"max_hp_gain":0.0,"max_hp_loss":0.0,"gold_gain":0.0,"event_name":"Drug Dealer","player_choice":"Inject Mutagens","floor":19.0,"gold_loss":0.0,"damage_taken":0.0,"relics_obtained":["MutagenicStrength"]},{"damage_healed":0.0,"max_hp_gain":0.0,"max_hp_loss":28.0,"gold_gain":0.0,"event_name":"Vampires","player_choice":"Became a vampire","floor":20.0,"gold_loss":0.0,"damage_taken":0.0,"cards_obtained":["Bite","Bite","Bite","Bite","Bite"]},{"damage_healed":0.0,"max_hp_gain":0.0,"max_hp_loss":0.0,"gold_gain":0.0,"event_name":"Masked Bandits","player_choice":"Fought Bandits","floor":21.0,"gold_loss":0.0,"damage_taken":0.0},{"damage_healed":0.0,"max_hp_gain":0.0,"max_hp_loss":0.0,"gold_gain":0.0,"event_name":"The Library","player_choice":"Read","floor":22.0,"gold_loss":0.0,"damage_taken":0.0,"cards_obtained":["Flame Barrier"]}],"is_beta":false,"boss_relics":[{"not_picked":["Pandora\u0027s Box","Coffee Dripper"],"picked":"Tiny House"}],"items_purged_floors":[31],"is_endless":false,"potions_floor_spawned":[5,6,8,14,21,25,29],"killed_by":"Automaton","ascension_level":0}}