{"host":"bf9sa99gaumonoeu","time":1609446920,"event":{"mods":["AchievementEnabler","Act Like it!","BaseMod","Colored Map","Colored Powertips","Downfall","Friendly Minions","Gensokyo","Hermit","Jorbs\u0027s Wanderer Trilogy","Marisa????????","Minty Spire (QoL Compilation)","Remilia??????","Replay The Spire","Shop Mod","StSLib","The Animator","The Bug Knight","The Cursed","The Disciple","The Hierophant","The Senshi","The Servant 0.9.4"],"gold_per_floor":[129,140,157,127,52,52,81,81,129,142,154,199,199,235,235,341,341,374,399,2,2,22,22,71,71,123,148,148,214,244,169,169,282,282,311,311,330,67,134,176,176,207,233,258,283,283,327,361,361,373],"floor_reached":51,"playtime":9299,"items_purged":["animator:Defend"],"score":1197,"play_id":"06fe4094-fc55-4ed2-aebe-d5ff80bbcc86","local_time":"20201231183520","is_ascension_mode":true,"campfire_choices":[{"data":"animator:FeridBathory","floor":6.0,"key":"SMITH"},{"data":"animator:Shinoa","floor":8.0,"key":"SMITH"},{"data":"animator:Shizu","floor":15.0,"key":"SMITH"},{"data":"animator:KrulTepes","floor":23,"key":"SMITH"},{"data":"animator:Sloth","floor":25,"key":"SMITH"},{"data":"animator:FeridBathory","floor":28,"key":"SMITH"},{"data":"animator:HiiragiShinya","floor":32,"key":"SMITH"},{"data":"animator:WinryRockbell","floor":41,"key":"SMITH"},{"data":"animator:CowGirl","floor":46,"key":"SMITH"},{"data":"animator:Shinoa","floor":49,"key":"SMITH"}],"circlet_count":0,"master_deck":["animator:Strike_OwariNoSeraph","animator:Defend_OwariNoSeraph","animator:Strike","animator:Strike","animator:Defend","animator:Defend","animator:Shinoa+1","animator:Mikaela+1","animator:KrulTepes+1","animator:YachiyoNanami+1","animator:OrikoMikuni","animator:FeridBathory+1","animator:IrohaTamaki","animator:Mikaela+1","animator:RinTohsaka+1","animator:Mitsuba","animator:Shizu+1","animator:FeridBathory+1","animator:Pride+1","animator:Shigure","animator:Zero+1","animator:Sloth+1","animator:Vanir+1","animator:MaesHughes","animator:HiiragiShinya+1","animator:Shigure","animator:GoblinSlayer+1","animator:SakuraMatou","animator:Shigure","animator:WinryRockbell+1","animator:Urushihara","animator:Yuuichirou","animator:MaesHughes","animator:Mikaela+1","ReplayTheSpireMod:Faulty Equipment","animator:CowGirl+1","animator:Yoichi","animator:CrowleyEusford","animator:Shinoa+1"],"relics":["animator:LivingPicture","animator:TheMissingPiece","animator:PurgingStone","HollowMod:PaleOreRelic","Blood Vial","Omamori","Boot","Blood Vial","Replay:Bandana","Blood Vial","animator:AlchemistGlove","Velvet Choker","Gremlin Horn","Replay:Bottled Eggs","Champion Belt","Regal Pillow","Blood Vial","Blue Doll","Cursed Key","Guide Book","Art of War","Eternal Feather","Frozen Egg 2"],"acts_visited":["Exordium","TheCity","TheBeyond"],"potions_floor_usage":[16,24,47],"damage_taken":[{"damage":1.0,"enemies":"Jaw Worm","floor":1.0,"turns":3.0},{"damage":0.0,"enemies":"Small Slimes","floor":2.0,"turns":3.0},{"damage":0.0,"enemies":"2 Louse","floor":3.0,"turns":2.0},{"damage":5.0,"enemies":"Looter","floor":4.0,"turns":4.0},{"damage":14.0,"enemies":"Replay:BlueRogue","floor":7.0,"turns":8.0},{"damage":3.0,"enemies":"Blue Slaver","floor":10.0,"turns":3.0},{"damage":2.0,"enemies":"Exordium Thugs","floor":11.0,"turns":5.0},{"damage":0.0,"enemies":"HollowMod:MossKnight","floor":12.0,"turns":13.0},{"damage":0.0,"enemies":"Lagavulin","floor":14.0,"turns":6.0},{"damage":0,"enemies":"Fading Forest","floor":16,"turns":11},{"damage":22,"enemies":"3 Byrds","floor":18,"turns":5},{"damage":14,"enemies":"2 Thieves","floor":19,"turns":4},{"damage":0,"enemies":"Chosen and Byrds","floor":22,"turns":5},{"damage":0,"enemies":"Book of Stabbing","floor":24,"turns":5},{"damage":0,"enemies":"Snecko","floor":27,"turns":4},{"damage":0,"enemies":"animator:HornedBat","floor":29,"turns":11},{"damage":7,"enemies":"3 Cultists","floor":30,"turns":5},{"damage":21,"enemies":"Pondfish","floor":33,"turns":11},{"damage":0,"enemies":"3 Shapes","floor":35,"turns":5},{"damage":5,"enemies":"Orb Walker","floor":37,"turns":4},{"damage":2,"enemies":"Reptomancer","floor":40,"turns":7},{"damage":2,"enemies":"Sphere and 2 Shapes","floor":42,"turns":4},{"damage":11,"enemies":"Spire Growth","floor":44,"turns":7},{"damage":20,"enemies":"Jaw Worm Horde","floor":45,"turns":4},{"damage":0,"enemies":"Nemesis","floor":47,"turns":7},{"damage":2,"enemies":"4 Shapes","floor":48,"turns":5},{"damage":35,"enemies":"Donu and Deca","floor":50,"turns":9}],"seed_played":"2771655527139623651","potions_obtained":[{"floor":2.0,"key":"LiquidBronze"},{"floor":3.0,"key":"Doom Potion"},{"floor":7.0,"key":"Cursed Concoction"},{"floor":16,"key":"Energy Potion"},{"floor":24,"key":"Swift Potion"},{"floor":29,"key":"Dexterity Potion"},{"floor":30,"key":"Swift Potion"},{"floor":39,"key":"LiquidMemories"}],"is_trial":false,"path_per_floor":["M","M","M","M","$","R","E","R","T","M","M","E","?","E","R","B",null,"M","M","$","?","M","R","E","R","T","M","R","E","M","?","R","B",null,"M","?","M","$","?","E","R","M","T","M","M","R","E","M","R","B",null],"character_chosen":"THE_ANIMATOR","items_purchased":["Gremlin Horn","animator:Zero","animator:Sloth","animator:WinryRockbell","animator:Urushihara","Guide Book"],"campfire_rested":0,"item_purchase_floors":[20,20,20,38,38,38],"current_hp_per_floor":[65,65,65,61,61,61,47,47,47,46,46,48,35,39,39,55,67,45,38,38,38,44,44,50,50,50,57,57,63,62,62,62,48,69,69,69,64,64,66,69,71,69,69,60,48,69,71,69,71,36],"gold":373,"neow_bonus":"RANDOM_COMMON_RELIC","is_daily":false,"chose_seed":false,"campfire_upgraded":10,"win_rate":0.0,"timestamp":1609446920,"path_taken":["M","M","M","M","$","R","E","R","T","M","M","E","?","E","R","BOSS","M","M","$","?","M","R","E","R","T","M","R","E","M","?","R","BOSS","M","?","M","$","?","E","R","M","T","M","M","R","E","M","R","BOSS"],"items_purchased_type":["Relic","Card","Card","Card","Card","Relic"],"build_version":"2020-12-22","purchased_purges":1,"victory":true,"max_hp_per_floor":[66,66,66,67,67,67,67,67,67,67,67,67,67,67,67,67,67,67,68,68,68,68,68,68,68,68,69,69,69,69,69,69,69,69,69,69,69,69,71,71,71,71,71,71,71,71,71,71,71,71],"card_choices":[{"not_picked":["animator:Shuna","animator:Mikaela"],"picked":"animator:KrulTepes","floor":1.0},{"not_picked":["animator:GazelDwargon","animator:PandorasActor"],"picked":"animator:YachiyoNanami","floor":2.0},{"not_picked":["animator:Shinoa","animator:Vanir"],"picked":"animator:OrikoMikuni","floor":3.0},{"not_picked":["animator:Yuuichirou","animator:Yoichi"],"picked":"animator:FeridBathory","floor":4.0},{"not_picked":["animator:Shuna","animator:HighElfArcher"],"picked":"animator:IrohaTamaki","floor":7.0},{"not_picked":["animator:Sebas","animator:YachiyoNanami"],"picked":"animator:Mikaela","floor":10.0},{"not_picked":["animator:Vanir","animator:Tatsumaki"],"picked":"animator:RinTohsaka","floor":11.0},{"not_picked":["animator:Shinoa","animator:Shigure"],"picked":"animator:Mitsuba","floor":12.0},{"not_picked":["animator:Illya","animator:Berserker"],"picked":"animator:Shizu","floor":14.0},{"not_picked":["animator:Rimuru","animator:Ainz"],"picked":"animator:FeridBathory","floor":16},{"not_picked":["animator:ElricAlphonse","animator:MetalKnight"],"picked":"animator:Pride+1","floor":18},{"not_picked":["animator:Geryuganshoop","animator:Kazuma+1"],"picked":"animator:Shigure","floor":19},{"not_picked":["animator:Ainz","animator:Mitsurugi"],"picked":"animator:Vanir+1","floor":24},{"not_picked":["animator:Shion","animator:ElricAlphonse"],"picked":"animator:MaesHughes","floor":27},{"not_picked":["animator:Lancer","animator:GazelDwargon"],"picked":"animator:HiiragiShinya","floor":29},{"not_picked":["animator:Yoichi","animator:Mikaela"],"picked":"animator:Shigure","floor":30},{"not_picked":["animator:Rimuru","animator:FeridBathory"],"picked":"animator:GoblinSlayer","floor":33},{"not_picked":["animator:Shion+1","animator:CowGirl"],"picked":"animator:SakuraMatou","floor":35},{"not_picked":["animator:Vesta","animator:Shuna"],"picked":"animator:Shigure","floor":37},{"not_picked":["animator:Vanir+1","animator:Tatsumaki+1"],"picked":"animator:Yuuichirou","floor":39},{"not_picked":["animator:Lancer","animator:Illya"],"picked":"animator:MaesHughes","floor":40},{"not_picked":["animator:Mitsuba","animator:Yoichi"],"picked":"animator:Mikaela","floor":42},{"not_picked":["animator:Tatsumaki","animator:GuildGirl+1"],"picked":"animator:CowGirl","floor":44},{"not_picked":["animator:Shion","animator:PandorasActor"],"picked":"animator:Yoichi","floor":45},{"not_picked":["animator:Millim+1","animator:Illya"],"picked":"animator:CrowleyEusford","floor":47},{"not_picked":["animator:Yoichi","animator:Shigure"],"picked":"animator:Shinoa","floor":48}],"player_experience":629295,"relics_obtained":[{"floor":7.0,"key":"Blood Vial"},{"floor":7.0,"key":"Omamori"},{"floor":9.0,"key":"Boot"},{"floor":12.0,"key":"Blood Vial"},{"floor":12.0,"key":"Replay:Bandana"},{"floor":14.0,"key":"Blood Vial"},{"floor":14.0,"key":"animator:AlchemistGlove"},{"floor":24,"key":"Champion Belt"},{"floor":26,"key":"Regal Pillow"},{"floor":29,"key":"Blood Vial"},{"floor":29,"key":"Blue Doll"},{"floor":39,"key":"Art of War"},{"floor":40,"key":"Eternal Feather"},{"floor":47,"key":"Frozen Egg 2"}],"event_choices":[{"damage_healed":0.0,"max_hp_gain":0.0,"max_hp_loss":0.0,"gold_gain":0.0,"event_name":"Shining Light","player_choice":"Entered Light","floor":13.0,"gold_loss":0.0,"damage_taken":13.0,"cards_upgraded":["animator:RinTohsaka","animator:YachiyoNanami"]},{"cards_removed":["animator:Strike"],"damage_healed":0,"gold_gain":0,"player_choice":"Gave Gold","damage_taken":0,"max_hp_gain":0,"max_hp_loss":0,"event_name":"Beggar","floor":31,"gold_loss":75},{"damage_healed":0,"gold_gain":0,"player_choice":"Ignored","damage_taken":0,"max_hp_gain":0,"max_hp_loss":0,"event_name":"Tomb of Lord Red Mask","floor":36,"gold_loss":0}],"is_beta":false,"boss_relics":[{"not_picked":["Replay:Bronze Core","Philosopher\u0027s Stone"],"picked":"Velvet Choker"},{"not_picked":["Replay:Drink Me","Calling Bell"],"picked":"Cursed Key"}],"items_purged_floors":[5],"is_endless":false,"potions_floor_spawned":[2,3,7,10,16,24,29,30,37,42],"ascension_level":1}}