{"host":"h1l2j95f0ioyx0nx","time":1609390546,"event":{"mods":["AchievementEnabler","BaseMod","BetterRewards","Gold Saver","Minty Spire (QoL Compilation)","Permanent Neow","Quick Restart","Replay The Spire","Shop Mod","Spicy Shops","StSLib","The Cursed","The Dragon Tamer","The Hierophant","The Poker Player","The Runesmith"],"gold_per_floor":[112,123,73,99,99,99,124,124,124,124,149,162,8,8,41,65,77,89,89],"floor_reached":18,"playtime":799,"items_purged":["Decay"],"score":124,"play_id":"2ac595b1-499a-43be-998e-3018398e2534","local_time":"20201231135546","is_ascension_mode":true,"campfire_choices":[{"floor":6,"key":"RECALL"},{"data":"1","floor":10,"key":"LIFT"},{"floor":14,"key":"REST"},{"floor":17,"key":"REST"}],"circlet_count":0,"master_deck":["Strike_B","Strike_B","Strike_B","Strike_B","Defend_B","Defend_B","Defend_B","Zap","Dualcast","ReplayTheSpireMod:Private Reserves","Defragment","Auto Shields","Ball Lightning","Loop","Capacitor","FTL"],"relics":["Cracked Core","Girya","Ancient Tea Set","MawBank"],"acts_visited":["Exordium"],"potions_floor_usage":[18,18],"damage_taken":[{"damage":1,"enemies":"Cultist","floor":1,"turns":3},{"damage":1,"enemies":"Jaw Worm","floor":2,"turns":4},{"damage":43,"enemies":"3 Sentries","floor":7,"turns":7},{"damage":0,"enemies":"2 Louse","floor":12,"turns":2},{"damage":24,"enemies":"Lagavulin","floor":15,"turns":6},{"damage":0,"enemies":"Red Slaver","floor":16,"turns":2},{"damage":64,"enemies":"Fading Forest","floor":18,"turns":7}],"seed_played":"4592282937972751164","potions_obtained":[{"floor":7,"key":"Dexterity Potion"},{"floor":15,"key":"FearPotion"}],"is_trial":false,"path_per_floor":["M","M","?","T","?","R","E","PTL","PTL","R","T","M","$","R","E","M","R","B"],"character_chosen":"DEFECT","items_purchased":["Loop"],"campfire_rested":2,"item_purchase_floors":[13],"current_hp_per_floor":[74,73,73,73,73,73,30,30,30,30,30,30,30,52,28,28,50,0,0],"gold":89,"neow_bonus":"RANDOM_COLORLESS","is_daily":false,"chose_seed":false,"campfire_upgraded":0,"win_rate":0.0,"timestamp":1609390546,"path_taken":["M","M","?","?","?","R","E","PTL","PTL","R","T","?","$","R","E","M","R","BOSS"],"items_purchased_type":["Card"],"build_version":"2020-12-22","purchased_purges":1,"victory":false,"max_hp_per_floor":[75,75,75,75,75,75,75,75,75,75,75,75,75,75,75,75,75,75,75],"card_choices":[{"not_picked":["Deep Breath","Panacea"],"picked":"ReplayTheSpireMod:Private Reserves","floor":0},{"not_picked":["Turbo","Stack","ReplayTheSpireMod:GoodbyeWorld"],"picked":"SKIP","floor":1},{"not_picked":["Hologram","Leap"],"picked":"Defragment","floor":2},{"not_picked":["Compile Driver","Barrage"],"picked":"Auto Shields","floor":7},{"not_picked":["Sunder","Streamline"],"picked":"Ball Lightning","floor":12},{"not_picked":["Chill","Leap"],"picked":"Capacitor","floor":15},{"not_picked":["ReplayTheSpireMod:Reroute Power","Streamline"],"picked":"FTL","floor":16}],"player_experience":123976,"relics_obtained":[{"floor":7,"key":"Girya"},{"floor":11,"key":"Ancient Tea Set"},{"floor":15,"key":"MawBank"}],"event_choices":[{"cards_removed":["Defend_B"],"damage_healed":0,"gold_gain":0,"player_choice":"Card Removal","damage_taken":0,"max_hp_gain":0,"max_hp_loss":0,"event_name":"The Cleric","floor":3,"gold_loss":50},{"damage_healed":0,"gold_gain":0,"player_choice":"Cursed","damage_taken":0,"max_hp_gain":0,"max_hp_loss":0,"event_name":"Wheel of Change","floor":5,"gold_loss":0,"cards_obtained":["Decay"]}],"is_beta":false,"boss_relics":[],"items_purged_floors":[13],"is_endless":false,"potions_floor_spawned":[7,15],"killed_by":"Fading Forest","ascension_level":1}}