{"host":"hkfd27larxvbrzdx","time":1609396574,"event":{"mods":["AchievementEnabler","BaseMod","Colored Map","Colored Powertips","DeckTracker","Minty Spire (QoL Compilation)"],"gold_per_floor":[216,230,230,250,10,44,44,72,72,86,86,115,131,146,146,241,241,261,176,13,13,30,30,64,64,64,64,95,108,108,124,124,223,223,243,243,261,280,297,297,210,210,236,136,136,161,161,177,177,177,177,177,52,80,80,80],"floor_reached":55,"playtime":4909,"items_purged":["Strike_G","Normality","Night Terror"],"score":803,"play_id":"ed71e6e2-ea7e-40e9-8580-19233e023318","local_time":"20201231143614","is_ascension_mode":true,"campfire_choices":[{"data":"Noxious Fumes","floor":7,"key":"SMITH"},{"floor":11,"key":"REST"},{"floor":15,"key":"REST"},{"data":"Footwork","floor":23,"key":"SMITH"},{"floor":27,"key":"REST"},{"data":"Bouncing Flask","floor":32,"key":"SMITH"},{"data":"After Image","floor":40,"key":"SMITH"},{"floor":45,"key":"RECALL"},{"floor":49,"key":"REST"},{"data":"Dash","floor":52,"key":"SMITH"}],"circlet_count":0,"master_deck":["Strike_G","Strike_G","Strike_G","Strike_G","Defend_G","Defend_G","Defend_G","Defend_G","Defend_G","Survivor","Neutralize+1","Backstab","Bouncing Flask+1","Dash+1","Noxious Fumes+1","PiercingWail","Deflect","After Image+1","Footwork+1","All Out Attack+1","Outmaneuver+1","Sucker Punch","Footwork","Bane+1","Madness","Dodge and Roll+1","Leg Sweep"],"relics":["Ring of the Snake","Strange Spoon","Gremlin Horn","Darkstone Periapt","Mummified Hand","Boot","Cursed Key","Letter Opener","PreservedInsect","Anchor","MutagenicStrength","Sozu","Bag of Preparation"],"acts_visited":["Exordium","TheCity","TheBeyond","TheEnding"],"potions_floor_usage":[4,8,12,50],"damage_taken":[{"damage":0,"enemies":"Small Slimes","floor":1,"turns":3},{"damage":0,"enemies":"Cultist","floor":2,"turns":3},{"damage":2,"enemies":"Jaw Worm","floor":4,"turns":4},{"damage":17,"enemies":"3 Sentries","floor":6,"turns":10},{"damage":32,"enemies":"Gremlin Nob","floor":8,"turns":5},{"damage":1,"enemies":"2 Fungi Beasts","floor":10,"turns":3},{"damage":15,"enemies":"3 Sentries","floor":12,"turns":7},{"damage":0,"enemies":"Blue Slaver","floor":13,"turns":4},{"damage":0,"enemies":"3 Louse","floor":14,"turns":3},{"damage":4,"enemies":"Hexaghost","floor":16,"turns":9},{"damage":8,"enemies":"2 Thieves","floor":18,"turns":5},{"damage":0,"enemies":"Chosen","floor":22,"turns":5},{"damage":14,"enemies":"Book of Stabbing","floor":24,"turns":7},{"damage":0,"enemies":"Gremlin Leader","floor":28,"turns":5},{"damage":1,"enemies":"Shelled Parasite and Fungi","floor":29,"turns":5},{"damage":0,"enemies":"Centurion and Healer","floor":31,"turns":8},{"damage":31,"enemies":"Automaton","floor":33,"turns":13},{"damage":0,"enemies":"3 Darklings","floor":35,"turns":4},{"damage":0,"enemies":"3 Shapes","floor":37,"turns":5},{"damage":25,"enemies":"Spire Growth","floor":38,"turns":8},{"damage":0,"enemies":"4 Shapes","floor":39,"turns":3},{"damage":26,"enemies":"Reptomancer","floor":46,"turns":9},{"damage":0,"enemies":"Jaw Worm Horde","floor":48,"turns":5},{"damage":45,"enemies":"Time Eater","floor":50,"turns":17},{"damage":14,"enemies":"Shield and Spear","floor":54,"turns":7},{"damage":88,"enemies":"The Heart","floor":55,"turns":5}],"seed_played":"-4075079215967238265","potions_obtained":[{"floor":2,"key":"Block Potion"},{"floor":8,"key":"FairyPotion"},{"floor":10,"key":"BlessingOfTheForge"},{"floor":12,"key":"Poison Potion"}],"is_trial":false,"path_per_floor":["M","M","?","M","$","E","R","E","T","M","R","E","M","M","R","B",null,"M","?","$","?","M","R","E","T","T","R","E","M","?","M","R","B",null,"M","?","M","M","M","R","$","$","T","$","R","E","?","M","R","B",null,"R","$","E","B"],"character_chosen":"THE_SILENT","items_purchased":["Noxious Fumes","Strange Spoon","Energy Potion","Footwork","Energy Potion","Madness"],"campfire_rested":4,"item_purchase_floors":[5,5,5,20,20,41],"current_hp_per_floor":[70,70,70,68,68,51,51,19,19,18,39,24,24,24,45,41,70,62,62,62,62,62,62,48,48,48,69,69,68,68,68,68,37,70,70,70,70,45,45,45,45,45,51,51,51,25,25,25,46,1,72,72,72,58,0,0],"gold":80,"neow_bonus":"HUNDRED_GOLD","is_daily":false,"chose_seed":false,"campfire_upgraded":5,"win_rate":0.0,"timestamp":1609396574,"path_taken":["M","M","?","M","$","E","R","E","T","?","R","E","M","M","R","BOSS","M","?","$","?","M","R","E","?","T","R","E","M","?","M","R","BOSS","M","?","M","M","M","R","?","$","T","$","R","E","?","M","R","BOSS","R","$","E","BOSS"],"items_purchased_type":["Card","Relic","Potion","Card","Potion","Card"],"build_version":"2020-12-22","purchased_purges":3,"victory":false,"max_hp_per_floor":[70,70,70,70,70,70,70,70,70,70,70,70,70,70,70,70,70,70,70,70,70,70,70,70,70,70,70,70,70,70,70,70,70,70,70,70,70,70,70,70,70,70,76,76,76,76,72,72,72,72,72,72,72,72,72,72],"card_choices":[{"not_picked":["Bane","Accuracy"],"picked":"Backstab","floor":1},{"not_picked":["Backflip","Underhanded Strike"],"picked":"Bouncing Flask","floor":2},{"not_picked":["Underhanded Strike","Leg Sweep"],"picked":"Dash","floor":4},{"not_picked":["Wraith Form v2","Reflex"],"picked":"PiercingWail","floor":6},{"not_picked":["Dodge and Roll","Infinite Blades"],"picked":"Deflect","floor":8},{"not_picked":["Expertise","Infinite Blades","Quick Slash"],"picked":"SKIP","floor":10},{"not_picked":["PiercingWail","Prepared","Well Laid Plans"],"picked":"SKIP","floor":12},{"not_picked":["Underhanded Strike","Deflect","Slice"],"picked":"SKIP","floor":13},{"not_picked":["Dodge and Roll","Eviscerate","Well Laid Plans"],"picked":"SKIP","floor":14},{"not_picked":["Storm of Steel","Bullet Time"],"picked":"After Image","floor":16},{"not_picked":["Deflect","Accuracy+1","Calculated Gamble"],"picked":"SKIP","floor":18},{"not_picked":["Prepared+1","Dodge and Roll"],"picked":"All Out Attack+1","floor":22},{"not_picked":["Cloak And Dagger","Eviscerate+1"],"picked":"Outmaneuver+1","floor":24},{"not_picked":["Calculated Gamble","Tactician"],"picked":"Sucker Punch","floor":28},{"not_picked":["Choke+1","Finisher","Flying Knee"],"picked":"SKIP","floor":29},{"not_picked":["Outmaneuver","Calculated Gamble"],"picked":"Footwork","floor":31},{"not_picked":["Bullet Time","Doppelganger"],"picked":"Night Terror","floor":33},{"not_picked":["Leg Sweep","Cloak And Dagger+1"],"picked":"Bane+1","floor":35},{"not_picked":["Slice+1","Acrobatics","Masterful Stab"],"picked":"SKIP","floor":37},{"not_picked":["Slice","Acrobatics","Dagger Throw+1"],"picked":"SKIP","floor":38},{"not_picked":["Choke+1","Finisher","Slice"],"picked":"SKIP","floor":39},{"not_picked":["Cloak And Dagger","Blade Dance+1","Skewer+1"],"picked":"SKIP","floor":46},{"not_picked":["Underhanded Strike","Endless Agony"],"picked":"Dodge and Roll+1","floor":48},{"not_picked":["Underhanded Strike","Adrenaline"],"picked":"Leg Sweep","floor":54}],"player_experience":162603,"relics_obtained":[{"floor":6,"key":"Gremlin Horn"},{"floor":8,"key":"Darkstone Periapt"},{"floor":9,"key":"Mummified Hand"},{"floor":12,"key":"Boot"},{"floor":24,"key":"PreservedInsect"},{"floor":28,"key":"Anchor"},{"floor":46,"key":"Bag of Preparation"}],"event_choices":[{"damage_healed":0,"gold_gain":0,"player_choice":"Forge","damage_taken":0,"max_hp_gain":0,"max_hp_loss":0,"event_name":"Accursed Blacksmith","floor":3,"gold_loss":0,"cards_upgraded":["Neutralize"]},{"damage_healed":0,"gold_gain":0,"player_choice":"Obtained Relic","damage_taken":0,"relics_obtained":["Letter Opener"],"max_hp_gain":0,"max_hp_loss":0,"event_name":"Addict","floor":19,"gold_loss":85},{"damage_healed":0,"gold_gain":0,"player_choice":"Ignored","damage_taken":0,"max_hp_gain":0,"max_hp_loss":0,"event_name":"Vampires","floor":21,"gold_loss":0},{"damage_healed":0,"gold_gain":0,"player_choice":"Inject Mutagens","damage_taken":0,"relics_obtained":["MutagenicStrength"],"max_hp_gain":0,"max_hp_loss":0,"event_name":"Drug Dealer","floor":30,"gold_loss":0},{"damage_healed":0,"gold_gain":0,"player_choice":"Bought 0 Potions","damage_taken":0,"max_hp_gain":0,"max_hp_loss":0,"event_name":"The Woman in Blue","floor":36,"gold_loss":0},{"damage_healed":0,"gold_gain":0,"player_choice":"Max HP","damage_taken":0,"max_hp_gain":0,"max_hp_loss":4,"event_name":"Winding Halls","floor":47,"gold_loss":0}],"is_beta":false,"boss_relics":[{"not_picked":["Empty Cage","Snecko Eye"],"picked":"Cursed Key"},{"not_picked":["Astrolabe","Velvet Choker"],"picked":"Sozu"}],"items_purged_floors":[20,44,53],"is_endless":false,"potions_floor_spawned":[2,8,10,12,24,33,37,38,48],"killed_by":"The Heart","ascension_level":2}}