{"host":"az8lnyxx7l5ect6t","time":1609442966,"event":{"mods":["2.2 Compatiblity","AchievementEnabler","Act Like it!","Aspiration","BaseMod","Better Third Choice","Block Reminder","Conspire","Curses Come First","Defuse TimeMaze Blight","Downfall","Elementarium","Halation","Hallownest","Hubris","Infinite Spire","Jedi Mod","Keyboard Shortcuts","Minty Spire (QoL Compilation)","MonsterHotkey","Quick Restart","Replay The Spire","Spicy Shops","StSLib","The Blue Laboratory","Trackpad","Uncapped","Wandering Minibosses","vexMod"],"gold_per_floor":[119,138,138,158,170,170,170,203,219,91,115,115,115,115,89,89,89,89,89,89,89,185,185,205,218,218,237,237,237,237,270,270,285,332,402,402,413,413,424,424,437,437,437,437,540,540,554,554,568,78,78,78,78,78,101,101,101,180,191,211,211,227,237,237,237,237],"floor_reached":67,"playtime":2935,"items_purged":[],"score":751,"play_id":"51c908da-3434-4367-b144-ad40e4e3d946","local_time":"20201231142926","is_ascension_mode":false,"campfire_choices":[{"data":"Guardian:GatlingBeam","floor":7.0,"key":"SMITH"},{"data":"Guardian:TwinSlam","floor":14.0,"key":"SMITH"},{"data":"Guardian:SpikerProtocol","floor":19.0,"key":"SMITH"},{"data":"Guardian:CurlUp","floor":21.0,"key":"SMITH"},{"data":"Guardian:ChargeUp","floor":30.0,"key":"SMITH"},{"data":"Guardian:ExploitGems","floor":32.0,"key":"SMITH"},{"data":"Guardian:SentryBeam","floor":36.0,"key":"SMITH"},{"data":"Guardian:SentryBeam","floor":38.0,"key":"SMITH"},{"data":"Guardian:AncientConstruct","floor":43.0,"key":"SMITH"},{"data":"Guardian:ChargeCore","floor":44.0,"key":"SMITH"},{"data":"Guardian:DecasProtection","floor":52.0,"key":"SMITH"},{"data":"infinitespire:TheBestDefense","floor":54.0,"key":"SMITH"},{"data":"Guardian:ArmoredProtocol","floor":64,"key":"SMITH"},{"data":"Guardian:PiercingHide","floor":65,"key":"SMITH"}],"circlet_count":0,"master_deck":["Guardian:Strike_Guardian","Guardian:Strike_Guardian","Guardian:Strike_Guardian","Guardian:Defend_Guardian","Guardian:Defend_Guardian+1","Guardian:Defend_Guardian","Guardian:Defend_Guardian+1","Guardian:CurlUp+1","Guardian:TwinSlam+1","Guardian:PiercingHide+1","Guardian:GatlingBeam+1","Guardian:PolyBeam+1","Guardian:SpikerProtocol+1","Guardian:FloatingOrbs+1","Guardian:ExploitGems+1","Guardian:ChargeUp+1","Guardian:SentryBeam+1","Guardian:ShieldSpikes+1","Guardian:SentryBeam+1","Guardian:TemporalStrike","Guardian:ChargeCore+1","Guardian:AncientConstruct+1","Guardian:StasisEngine","Guardian:DecasProtection+1","Guardian:FloatingOrbs+1","Guardian:ArmoredProtocol+1","infinitespire:TheBestDefense+1","Guardian:EvasiveProtocol+1","Guardian:SpikerProtocol+1"],"relics":["Guardian:ModeShifter","NeowsBlessing","trackpad:CultistFigurine","infinitespire:Satchel","halation:SelfBoilingWater","betterThird:SlimedRelic","NeowsBlessing","infinitespire:PuzzleCube","NeowsBlessing","Happy Flower","War Paint","Question Card","Elementarium:ElementariumTrophy","Eternal Feather","trackpad:Compendium","sneckomod:BlankCard","Iron Hammer"],"acts_visited":["Exordium","Elementarium:Elementarium","Hallownest:KingdomsEdge"],"potions_floor_usage":[],"damage_taken":[{"damage":0.0,"enemies":"2 Louse","floor":1.0,"turns":3.0},{"damage":0.0,"enemies":"Cultist","floor":2.0,"turns":4.0},{"damage":0.0,"enemies":"Jaw Worm","floor":4.0,"turns":1.0},{"damage":0.0,"enemies":"Blue Slaver","floor":5.0,"turns":1.0},{"damage":0.0,"enemies":"Lagavulin","floor":8.0,"turns":1.0},{"damage":12.0,"enemies":"Exordium Wildlife","floor":9.0,"turns":4.0},{"damage":0.0,"enemies":"Fading Forest","floor":22.0,"turns":1.0},{"damage":0.0,"enemies":"Elementarium:VoidCorruption","floor":24.0,"turns":1.0},{"damage":0.0,"enemies":"Elementarium:2_ELEMENTALS","floor":25.0,"turns":1.0},{"damage":6.0,"enemies":"Elementarium:RubyGolem","floor":27.0,"turns":3.0},{"damage":1.0,"enemies":"Elementarium:FIRE_NOBILITY","floor":31.0,"turns":1.0},{"damage":0.0,"enemies":"Elementarium:VOID_CORRUPTION_AND_TAR_GOLEM","floor":33.0,"turns":2.0},{"damage":2.0,"enemies":"Elementarium:VoidBeast","floor":37.0,"turns":1.0},{"damage":0.0,"enemies":"Elementarium:STONE_GOLEMS","floor":39.0,"turns":3.0},{"damage":0.0,"enemies":"Elementarium:3_ELEMENTALS","floor":41.0,"turns":2.0},{"damage":0.0,"enemies":"Elementarium:GoldenDragon","floor":45.0,"turns":6.0},{"damage":2.0,"enemies":"Hallownest:2_Littles","floor":47.0,"turns":4.0},{"damage":7.0,"enemies":"Hallownest:3_Siblings","floor":49.0,"turns":5.0},{"damage":0.0,"enemies":"Hallownest:2_Soldiers_and_1_Guardian","floor":59.0,"turns":3.0},{"damage":3.0,"enemies":"Hallownest:monsterPrimalAspid","floor":60.0,"turns":3.0},{"damage":1,"enemies":"Hallownest:2_Great","floor":62,"turns":3},{"damage":0,"enemies":"Hallownest:2_Wandering_and_1_Horned","floor":63,"turns":4},{"damage":0,"enemies":"Hallownest:Radiance","floor":66,"turns":4}],"seed_played":"-8118697210582593014","potions_obtained":[{"floor":1.0,"key":"jedi:tentaclejuice"},{"floor":5.0,"key":"Guardian:DefensiveModePotion"},{"floor":22.0,"key":"PowerPotion"},{"floor":37.0,"key":"SkillPotion"},{"floor":47.0,"key":"blueLaboratory:BottleOfVodka"},{"floor":60.0,"key":"Fire Potion"}],"is_trial":true,"path_per_floor":["M","M","WH","M","M","?","R","E","M","$","T","T","WH","R","?","WH","PTL","PTL","R","T","R","B",null,"M","M","?","M","AVR","WH","R","E","R","M","T","T","R","M","R","M","WH","M","WH","R","R","B",null,"M","WH","M","$","WH","R","?","R","T","PTL","PTL","T","M","M","WH","M","M","R","R","B",null],"character_chosen":"GUARDIAN","items_purchased":["Guardian:Gem_Fragmented","Guardian:FloatingOrbs+1","Eternal Feather","trackpad:Compendium","Guardian:ArmoredProtocol"],"campfire_rested":0,"item_purchase_floors":[10,10,50,50,50],"current_hp_per_floor":[80,80,80,80,80,80,80,80,68,68,68,68,76,76,65,65,65,65,65,65,65,65,88,88,88,88,82,82,82,82,81,81,81,81,81,81,79,79,79,87,87,96,96,96,96,105,103,113,106,106,117,126,96,111,111,111,111,111,111,108,120,119,119,137,138,138],"gold":237,"neow_bonus":"TEN_PERCENT_HP_BONUS","is_daily":false,"chose_seed":false,"campfire_upgraded":14,"win_rate":0.0,"timestamp":1609442966,"path_taken":["M","M","WH","M","M","?","R","E","?","$","T","T","WH","R","?","WH","PTL","PTL","R","?","R","BOSS","M","M","?","M","AVR","WH","R","E","R","M","T","T","R","M","R","M","WH","M","WH","R","R","BOSS","M","WH","M","$","WH","R","?","R","T","T","PTL","PTL","T","M","M","WH","M","M","R","R","BOSS"],"items_purchased_type":["Card","Card","Relic","Relic","Card"],"build_version":"2020-12-22","purchased_purges":0,"victory":true,"max_hp_per_floor":[80,80,80,80,80,80,80,80,80,80,80,80,88,88,88,88,88,88,88,88,88,88,88,88,88,88,88,88,88,88,88,88,88,88,88,88,88,88,88,96,96,105,105,105,105,105,105,115,115,115,126,126,126,126,126,126,126,126,126,126,138,138,138,138,138,138],"card_choices":[{"not_picked":["Guardian:Gem_Blue","Guardian:Gem_Green"],"picked":"Guardian:PiercingHide","floor":1.0},{"not_picked":["Guardian:TemporalStrike","Guardian:ShieldCharger","Guardian:TemporalShield"],"picked":"SKIP","floor":2.0},{"not_picked":["Guardian:Gem_Lightblue","Guardian:ChargeCore"],"picked":"Guardian:GatlingBeam","floor":4.0},{"not_picked":["Guardian:Repulse","Guardian:Planning"],"picked":"Guardian:PolyBeam","floor":5.0},{"not_picked":["Guardian:Preprogram","Guardian:Orbwalk"],"picked":"Guardian:SpikerProtocol","floor":8.0},{"not_picked":["Guardian:RefractedBeam","Guardian:CrystalBeam"],"picked":"Guardian:Gem_Green","floor":9.0},{"not_picked":["Guardian:StasisEngine","Guardian:AncientConstruct"],"picked":"Guardian:ExploitGems","floor":22.0},{"not_picked":["Guardian:Incinerate","Guardian:ChargeCore"],"picked":"Guardian:ChargeUp","floor":24.0},{"not_picked":["Guardian:VentSteam","Guardian:TemporalStrike"],"picked":"Guardian:SentryBeam","floor":25.0},{"not_picked":["Guardian:VentSteam+1","Guardian:PrimingBeam"],"picked":"Guardian:ShieldSpikes+1","floor":27.0},{"not_picked":["Guardian:Emergency","Guardian:PrimingBeam"],"picked":"Guardian:Gem_Orange","floor":31.0},{"not_picked":["Guardian:Gem_Green","Guardian:Recover"],"picked":"Guardian:SentryBeam","floor":33.0},{"not_picked":["Guardian:CrystalBeam","Guardian:Gem_Lightblue","Guardian:Recover+1"],"picked":"Guardian:TemporalStrike","floor":37.0},{"not_picked":["Guardian:Gem_Green","Guardian:PrimingBeam+1","Guardian:TemporalShield"],"picked":"Guardian:ChargeCore","floor":39.0},{"not_picked":["Guardian:ShieldCharger+1","Guardian:Recover+1","Guardian:GuardianWhirl"],"picked":"Guardian:AncientConstruct","floor":41.0},{"not_picked":["Guardian:FastForward","Guardian:SphericShield","Guardian:GatlingBeam"],"picked":"Guardian:StasisEngine","floor":45.0},{"not_picked":["Guardian:RollAttack","Guardian:Suspension","Guardian:TimeBomb+1"],"picked":"Guardian:DecasProtection","floor":47.0},{"not_picked":["Guardian:TimeCapacitor","Guardian:Gem_Green","Guardian:TemporalShield+1"],"picked":"Guardian:FloatingOrbs+1","floor":49.0},{"not_picked":["infinitespire:Menacing","infinitespire:Gouge"],"picked":"infinitespire:TheBestDefense","floor":53.0},{"not_picked":["Guardian:PrimingBeam","Guardian:Gem_Crimson","Guardian:Gem_Red","Guardian:Suspension"],"picked":"SKIP","floor":59.0},{"not_picked":["Guardian:Gem_Green","Guardian:Gem_Red","Guardian:VentSteam"],"picked":"Guardian:EvasiveProtocol+1","floor":60.0},{"not_picked":["Guardian:Orbwalk","Guardian:TimeBomb","Guardian:ChargeUp+1"],"picked":"Guardian:Gem_Synthetic","floor":62},{"not_picked":["Guardian:Recover+1","Guardian:Harden+1","Guardian:FuturePlans+1"],"picked":"Guardian:SpikerProtocol+1","floor":63}],"player_experience":695544,"relics_obtained":[{"floor":8.0,"key":"trackpad:CultistFigurine"},{"floor":11.0,"key":"infinitespire:Satchel"},{"floor":12.0,"key":"halation:SelfBoilingWater"},{"floor":20.0,"key":"infinitespire:PuzzleCube"},{"floor":31.0,"key":"Happy Flower"},{"floor":34.0,"key":"War Paint"},{"floor":35.0,"key":"Question Card"},{"floor":55.0,"key":"sneckomod:BlankCard"},{"floor":58.0,"key":"Iron Hammer"}],"event_choices":[{"damage_healed":0.0,"max_hp_gain":0.0,"max_hp_loss":0.0,"gold_gain":0.0,"event_name":"Upgrade Shrine","player_choice":"Upgraded","floor":6.0,"gold_loss":0.0,"damage_taken":0.0,"cards_upgraded":["Guardian:PolyBeam"]},{"damage_healed":0.0,"max_hp_gain":0.0,"max_hp_loss":0.0,"gold_gain":0.0,"event_name":"betterThird:BetterGoop","player_choice":"Slimed","floor":15.0,"gold_loss":26.0,"damage_taken":11.0}],"is_beta":false,"boss_relics":[{"not_picked":["hubris:RunicObelisk","hubris:TerracottaHorce","vexMod:MegatonBomb"]},{"not_picked":["Pandora\u0027s Box","aspiration:FutureDiary","hubris:BlackHole"]}],"items_purged_floors":[],"is_endless":false,"potions_floor_spawned":[1,5,22,27,37,39,45,47,60,63],"ascension_level":0}}