{"host":"yn17ruofed46ymbq","time":1609400954,"event":{"mods":["AchievementEnabler","BaseMod","Colored Map","Colored Powertips","DeckTracker","Highlight Path","Keyboard Shortcuts","Minty Spire (QoL Compilation)","Permanent Neow","Quick Restart","Rare Cards Sparkle","Relic Stats","SuperFastMode"],"gold_per_floor":[109,122,142,161,81,107,107,122,122,138,58,58,88,105,105,206,206,225,240,240,240,78,78,96,96,96,116,127,127,127],"floor_reached":29,"playtime":892,"items_purged":[],"score":311,"play_id":"b2e6592c-b3e1-4637-9af5-63f2a6c17590","local_time":"20201231164914","is_ascension_mode":true,"campfire_choices":[{"floor":12.0,"key":"REST"},{"floor":15.0,"key":"REST"},{"floor":23.0,"key":"REST"},{"floor":25.0,"key":"REST"}],"circlet_count":0,"master_deck":["Strike_R+1","Strike_R+1","Strike_R+1","Defend_R+1","Defend_R+1","Defend_R+1","Bash","Pain","Flex","Spot Weakness","Sword Boomerang","Cleave","Whirlwind","Sentinel","Heavy Blade","Inflame","Corruption","Feel No Pain","Shrug It Off","Reaper","Reaper+1","Feed+1","Clash+1","True Grit+1","Body Slam+1","Fire Breathing","Bandage Up","Power Through","Twin Strike"],"relics":["Burning Blood","Turnip","Red Skull","Bottled Flame","Letter Opener","Astrolabe","NlothsMask"],"acts_visited":["Exordium","TheCity"],"potions_floor_usage":[],"damage_taken":[{"damage":8.0,"enemies":"2 Louse","floor":1.0,"turns":4.0},{"damage":3.0,"enemies":"Small Slimes","floor":2.0,"turns":3.0},{"damage":13.0,"enemies":"Jaw Worm","floor":3.0,"turns":4.0},{"damage":22.0,"enemies":"Exordium Thugs","floor":4.0,"turns":4.0},{"damage":18.0,"enemies":"3 Sentries","floor":6.0,"turns":4.0},{"damage":6.0,"enemies":"3 Louse","floor":8.0,"turns":2.0},{"damage":0.0,"enemies":"Gremlin Gang","floor":10.0,"turns":1.0},{"damage":19.0,"enemies":"Lagavulin","floor":13.0,"turns":5.0},{"damage":8.0,"enemies":"Blue Slaver","floor":14.0,"turns":2.0},{"damage":52.0,"enemies":"The Guardian","floor":16.0,"turns":11.0},{"damage":34.0,"enemies":"Spheric Guardian","floor":18.0,"turns":6.0},{"damage":41.0,"enemies":"Shell Parasite","floor":19.0,"turns":6.0},{"damage":61.0,"enemies":"Shelled Parasite and Fungi","floor":24.0,"turns":8.0},{"damage":24.0,"enemies":"Snake Plant","floor":27.0,"turns":5.0},{"damage":23.0,"enemies":"Snecko","floor":28.0,"turns":5.0},{"damage":89,"enemies":"Gremlin Leader","floor":29,"turns":5}],"seed_played":"7240914121653111872","potions_obtained":[{"floor":1.0,"key":"ElixirPotion"},{"floor":4.0,"key":"Energy Potion"},{"floor":10.0,"key":"DistilledChaos"},{"floor":13.0,"key":"SkillPotion"},{"floor":18.0,"key":"GamblersBrew"},{"floor":24.0,"key":"ElixirPotion"}],"is_trial":false,"path_per_floor":["M","M","M","M","$","E","?","M","T","M","$","R","E","M","R","B",null,"M","M","?","?","$","R","M","R","T","M","M","E"],"character_chosen":"IRONCLAD","items_purchased":["Whirlwind","Corruption","Fire Breathing","Bandage Up"],"campfire_rested":4,"item_purchase_floors":[5,11,22,22],"current_hp_per_floor":[70,73,66,50,50,38,22,22,22,28,28,52,39,37,61,15,64,36,21,21,21,21,45,20,44,44,38,43,0,0],"gold":127,"neow_bonus":"ONE_RARE_RELIC","is_daily":false,"chose_seed":false,"campfire_upgraded":0,"win_rate":0.0,"timestamp":1609400954,"path_taken":["M","M","M","M","$","E","?","M","T","M","$","R","E","M","R","BOSS","M","M","?","?","$","R","?","R","T","M","M","E"],"items_purchased_type":["Card","Card","Card","Card"],"build_version":"2020-12-22","purchased_purges":0,"victory":false,"max_hp_per_floor":[80,80,80,80,80,80,80,80,80,80,80,80,80,80,80,80,80,80,80,80,80,80,80,80,80,80,84,88,88,88],"relic_stats":{"counters":[16,75],"Astrolabe":["Reaper","Feed","Clash"],"Turnip":[12],"Letter Opener":[5],"obtain_stats":[{"Bottled Flame":9,"Astrolabe":17,"Turnip":0,"Letter Opener":13,"Burning Blood":0,"Red Skull":6,"NlothsMask":21},{"Bottled Flame":6,"Astrolabe":10,"Turnip":0,"Letter Opener":8,"Burning Blood":0,"Red Skull":5,"NlothsMask":12},{"Bottled Flame":21,"Astrolabe":40,"Turnip":0,"Letter Opener":27,"Burning Blood":0,"Red Skull":19,"NlothsMask":52}],"Burning Blood":90},"card_choices":[{"not_picked":["Warcry","True Grit"],"picked":"Flex","floor":1.0},{"not_picked":["Twin Strike","Perfected Strike"],"picked":"Spot Weakness","floor":2.0},{"not_picked":["Headbutt","Shrug It Off"],"picked":"Sword Boomerang","floor":3.0},{"not_picked":["Body Slam","Armaments"],"picked":"Cleave","floor":4.0},{"not_picked":["Pommel Strike","Cleave"],"picked":"Sentinel","floor":6.0},{"not_picked":["Cleave","Twin Strike"],"picked":"Heavy Blade","floor":8.0},{"not_picked":["Headbutt","Perfected Strike"],"picked":"Inflame","floor":10.0},{"not_picked":["Brutality","Power Through"],"picked":"Feel No Pain","floor":13.0},{"not_picked":["Pommel Strike","Rupture"],"picked":"Shrug It Off","floor":14.0},{"not_picked":["Double Tap","Fiend Fire"],"picked":"Reaper","floor":16.0},{"not_picked":["Cleave","Twin Strike"],"picked":"True Grit+1","floor":18.0},{"not_picked":["Rupture","Twin Strike"],"picked":"Body Slam+1","floor":19.0},{"not_picked":["Anger","Flex"],"picked":"Power Through","floor":24.0},{"not_picked":["Power Through","Disarm"],"picked":"Twin Strike","floor":27.0},{"not_picked":["Rampage+1","Cleave","Dual Wield"],"picked":"SKIP","floor":28.0}],"player_experience":435621,"relics_obtained":[{"floor":6.0,"key":"Red Skull"},{"floor":9.0,"key":"Bottled Flame"},{"floor":13.0,"key":"Letter Opener"}],"event_choices":[{"damage_healed":0.0,"max_hp_gain":0.0,"max_hp_loss":0.0,"gold_gain":0.0,"event_name":"Shining Light","player_choice":"Entered Light","floor":7.0,"gold_loss":0.0,"damage_taken":16.0,"cards_upgraded":["Strike_R","Defend_R"]},{"damage_healed":0.0,"max_hp_gain":0.0,"max_hp_loss":0.0,"gold_gain":0.0,"event_name":"Back to Basics","player_choice":"Simplicity","floor":20.0,"gold_loss":0.0,"damage_taken":0.0,"cards_upgraded":["Strike_R","Strike_R","Defend_R","Defend_R"]},{"damage_healed":0.0,"max_hp_gain":0.0,"max_hp_loss":0.0,"gold_gain":0.0,"event_name":"FaceTrader","player_choice":"Trade","floor":21.0,"gold_loss":0.0,"damage_taken":0.0,"relics_obtained":["NlothsMask"]}],"is_beta":false,"boss_relics":[{"not_picked":["Runic Cube","Empty Cage"],"picked":"Astrolabe"}],"items_purged_floors":[],"is_endless":false,"potions_floor_spawned":[1,4,10,13,18,24],"killed_by":"Gremlin Leader","ascension_level":6}}