{"host":"qfskrnw3pl1q86j0","time":1609440524,"event":{"mods":["BaseMod","Block Reminder","Hermit","Marisa????????","Minty Spire (QoL Compilation)","Quick Restart","Random Character Button","Relic Stats","StSLib","The Poker Player","slay the spire mod where everything is the same but ironclad has a cowboy hat"],"gold_per_floor":[115,65,65,85,104,104,133,151,220,251,263,301,327,298,310,322,322],"floor_reached":16,"playtime":567,"items_purged":[],"score":120,"play_id":"3eb22317-8498-4722-b5ae-3d3359fec6e1","local_time":"20201231194844","is_ascension_mode":false,"campfire_choices":[{"data":"Bash","floor":6,"key":"SMITH"},{"data":"Entrench","floor":11,"key":"SMITH"},{"data":"Iron Wave","floor":15,"key":"SMITH"}],"circlet_count":0,"master_deck":["Strike_R","Strike_R","Strike_R","Defend_R","Defend_R","Defend_R","Defend_R","Bash+1","Entrench+1","Sever Soul","Pommel Strike","Pommel Strike","Iron Wave+1","Inflame","Armaments"],"relics":["Burning Blood","NeowsBlessing","Incense Burner","Letter Opener","MawBank","Turnip"],"acts_visited":["Exordium"],"potions_floor_usage":[10,10],"damage_taken":[{"damage":0,"enemies":"2 Louse","floor":1,"turns":1},{"damage":0,"enemies":"Small Slimes","floor":4,"turns":1},{"damage":0,"enemies":"Cultist","floor":5,"turns":1},{"damage":30,"enemies":"3 Sentries","floor":7,"turns":10},{"damage":6,"enemies":"Lots of Slimes","floor":8,"turns":7},{"damage":11,"enemies":"Lagavulin","floor":10,"turns":6},{"damage":18,"enemies":"3 Sentries","floor":12,"turns":7},{"damage":12,"enemies":"3 Louse","floor":13,"turns":4},{"damage":36,"enemies":"Hexaghost","floor":16,"turns":9}],"seed_played":"-826068168962364385","potions_obtained":[{"floor":5,"key":"SpeedPotion"},{"floor":8,"key":"SpeedPotion"}],"is_trial":false,"path_per_floor":["M","?","?","M","M","R","E","M","T","E","R","E","M","?","R","B"],"character_chosen":"IRONCLAD","items_purchased":[],"campfire_rested":0,"item_purchase_floors":[],"current_hp_per_floor":[80,80,80,80,80,80,56,56,56,51,51,39,33,33,33,0,0],"gold":322,"neow_bonus":"THREE_ENEMY_KILL","is_daily":false,"chose_seed":false,"campfire_upgraded":3,"win_rate":0.0,"timestamp":1609440524,"path_taken":["M","?","?","?","M","R","E","?","T","E","R","E","M","?","R","BOSS"],"items_purchased_type":[],"build_version":"2020-12-22","purchased_purges":0,"victory":false,"max_hp_per_floor":[80,80,80,80,80,80,80,80,80,80,80,80,80,80,80,80,80],"relic_stats":{"counters":[9,46],"Turnip":[0],"Letter Opener":[0],"MawBank":72,"obtain_stats":[{"NeowsBlessing":0,"Turnip":12,"Incense Burner":7,"Letter Opener":9,"MawBank":10,"Burning Blood":0},{"NeowsBlessing":0,"Turnip":7,"Incense Burner":4,"Letter Opener":5,"MawBank":6,"Burning Blood":0},{"NeowsBlessing":0,"Turnip":33,"Incense Burner":13,"Letter Opener":20,"MawBank":26,"Burning Blood":0}],"Burning Blood":30},"card_choices":[{"not_picked":["Heavy Blade","Blood for Blood"],"picked":"Entrench","floor":1},{"not_picked":["Searing Blow","Havoc"],"picked":"Pommel Strike","floor":4},{"not_picked":["Twin Strike","Sever Soul"],"picked":"Pommel Strike","floor":5},{"not_picked":["Rampage","Rupture"],"picked":"Iron Wave","floor":7},{"not_picked":["True Grit","Flame Barrier"],"picked":"Inflame","floor":8},{"not_picked":["Twin Strike","Feed","Sword Boomerang"],"picked":"SKIP","floor":10},{"not_picked":["Feel No Pain","Dark Embrace","Second Wind"],"picked":"SKIP","floor":12},{"not_picked":["True Grit","Wild Strike"],"picked":"Armaments","floor":13}],"player_experience":892988,"relics_obtained":[{"floor":7,"key":"Incense Burner"},{"floor":9,"key":"Letter Opener"},{"floor":10,"key":"MawBank"},{"floor":12,"key":"Turnip"}],"event_choices":[{"cards_removed":["Strike_R"],"damage_healed":0,"gold_gain":0,"player_choice":"Card Removal","damage_taken":0,"max_hp_gain":0,"max_hp_loss":0,"event_name":"The Cleric","floor":2,"gold_loss":50},{"damage_healed":0,"gold_gain":0,"cards_transformed":["Strike_R"],"player_choice":"Transformed","damage_taken":0,"max_hp_gain":0,"max_hp_loss":0,"event_name":"Transmorgrifier","floor":3,"gold_loss":0,"cards_obtained":["Sever Soul"]},{"damage_healed":0,"gold_gain":0,"player_choice":"Left Gold","damage_taken":0,"max_hp_gain":0,"max_hp_loss":0,"event_name":"World of Goop","floor":14,"gold_loss":41}],"is_beta":false,"boss_relics":[],"items_purged_floors":[],"is_endless":false,"potions_floor_spawned":[5,8],"killed_by":"Hexaghost","ascension_level":0}}