{"host":"3jjxuhjpio8e4zkv","time":1609380974,"event":{"mods":["BaseMod","Colored Map","Highlight Path","Minty Spire (QoL Compilation)","Permanent Neow","Relic Stats","StSLib"],"gold_per_floor":[113,133,149,74,94,94,94,125,125,137,160,184,212,244,256,344,356,379,371,354,381,393,405,449,461,473,485,509,521,549,579,591,603,603],"floor_reached":33,"playtime":1519,"items_purged":["Strike_G"],"score":546,"play_id":"04fc8215-46f6-49ee-ac48-f9c27c35f72b","local_time":"20201230211614","is_ascension_mode":true,"campfire_choices":[{"data":"Dagger Throw","floor":6,"key":"SMITH"},{"floor":10,"key":"REST"},{"floor":15,"key":"REST"},{"floor":23,"key":"REST"},{"floor":25,"key":"REST"},{"data":"Footwork","floor":27,"key":"SMITH"},{"floor":32,"key":"REST"}],"circlet_count":0,"master_deck":["AscendersBane","Strike_G","Strike_G","Strike_G","Strike_G","Defend_G","Defend_G","Defend_G","Defend_G","Defend_G","Survivor","Neutralize","Dagger Throw+1","Footwork+1","Underhanded Strike","Poisoned Stab","Leg Sweep","Noxious Fumes","Tools of the Trade","Underhanded Strike","PiercingWail","Die Die Die","PiercingWail","Poisoned Stab","Decay","Backstab+1","Tactician","Bouncing Flask"],"relics":["Ring of the Snake","NeowsBlessing","Snake Skull","MawBank","HoveringKite","InkBottle","Orichalcum"],"acts_visited":["Exordium","TheCity"],"potions_floor_usage":[13,13,14,20,24,24,33],"damage_taken":[{"damage":0,"enemies":"2 Louse","floor":1,"turns":1},{"damage":0,"enemies":"Small Slimes","floor":2,"turns":1},{"damage":0,"enemies":"Cultist","floor":3,"turns":1},{"damage":33,"enemies":"Exordium Thugs","floor":5,"turns":11},{"damage":23,"enemies":"3 Sentries","floor":8,"turns":8},{"damage":5,"enemies":"3 Louse","floor":11,"turns":3},{"damage":3,"enemies":"2 Fungi Beasts","floor":12,"turns":4},{"damage":0,"enemies":"Gremlin Gang","floor":13,"turns":5},{"damage":0,"enemies":"Red Slaver","floor":14,"turns":6},{"damage":31,"enemies":"The Guardian","floor":16,"turns":11},{"damage":21,"enemies":"3 Byrds","floor":18,"turns":6},{"damage":9,"enemies":"2 Thieves","floor":20,"turns":4},{"damage":14,"enemies":"Centurion and Healer","floor":21,"turns":9},{"damage":16,"enemies":"Book of Stabbing","floor":24,"turns":6},{"damage":12,"enemies":"Chosen and Byrds","floor":28,"turns":6},{"damage":11,"enemies":"Cultist and Chosen","floor":30,"turns":7},{"damage":16,"enemies":"Sentry and Sphere","floor":31,"turns":8},{"damage":21,"enemies":"Automaton","floor":33,"turns":4}],"seed_played":"5667866815720202821","potions_obtained":[{"floor":8,"key":"SteroidPotion"},{"floor":12,"key":"BlessingOfTheForge"},{"floor":13,"key":"ColorlessPotion"},{"floor":16,"key":"Strength Potion"},{"floor":19,"key":"Poison Potion"},{"floor":21,"key":"GamblersBrew"},{"floor":24,"key":"PowerPotion"}],"is_trial":false,"path_per_floor":["M","M","M","$","M","R","?","E","T","R","M","M","M","M","R","B",null,"M","?","M","M","?","R","E","R","T","R","M","?","M","M","R","B"],"character_chosen":"THE_SILENT","items_purchased":[],"campfire_rested":5,"item_purchase_floors":[],"current_hp_per_floor":[59,59,59,59,26,26,26,3,3,22,17,14,14,14,33,2,50,29,29,20,6,6,25,9,28,28,28,16,29,18,2,21,0,0],"gold":603,"neow_bonus":"THREE_ENEMY_KILL","is_daily":false,"chose_seed":false,"campfire_upgraded":2,"win_rate":0.0,"timestamp":1609380974,"path_taken":["M","M","M","$","M","R","?","E","T","R","M","M","M","M","R","BOSS","M","?","M","?","?","R","E","R","T","R","M","?","M","M","R","BOSS"],"items_purchased_type":[],"build_version":"2020-12-22","purchased_purges":1,"victory":false,"max_hp_per_floor":[66,66,66,66,66,66,66,66,66,66,66,66,66,66,66,66,66,66,66,66,66,66,66,66,66,66,66,66,66,66,66,66,66,66],"relic_stats":{"counters":[18,101],"HoveringKite":[40],"Snake Skull":[81],"Orichalcum":[66],"MawBank":288,"obtain_stats":[{"NeowsBlessing":0,"HoveringKite":17,"Snake Skull":8,"Orichalcum":26,"MawBank":9,"InkBottle":24,"Ring of the Snake":0},{"NeowsBlessing":0,"HoveringKite":10,"Snake Skull":5,"Orichalcum":14,"MawBank":5,"InkBottle":14,"Ring of the Snake":0},{"NeowsBlessing":0,"HoveringKite":51,"Snake Skull":22,"Orichalcum":76,"MawBank":22,"InkBottle":76,"Ring of the Snake":0}],"InkBottle":[8],"Ring of the Snake":[36]},"card_choices":[{"not_picked":["Underhanded Strike","Outmaneuver"],"picked":"Dagger Throw","floor":1},{"not_picked":["Prepared","Outmaneuver"],"picked":"Footwork","floor":2},{"not_picked":["Distraction","Dodge and Roll"],"picked":"Underhanded Strike","floor":3},{"not_picked":["Outmaneuver","Finisher"],"picked":"Poisoned Stab","floor":5},{"not_picked":["Calculated Gamble","Caltrops"],"picked":"Leg Sweep","floor":8},{"not_picked":["Blur","Cloak And Dagger"],"picked":"Noxious Fumes","floor":11},{"not_picked":["Acrobatics","Caltrops"],"picked":"Tools of the Trade","floor":12},{"not_picked":["Distraction","Deadly Poison"],"picked":"Underhanded Strike","floor":13},{"not_picked":["Noxious Fumes","Quick Slash"],"picked":"PiercingWail","floor":14},{"not_picked":["Adrenaline","Tools of the Trade"],"picked":"Die Die Die","floor":16},{"not_picked":["Sucker Punch","Riddle With Holes"],"picked":"PiercingWail","floor":18},{"not_picked":["PiercingWail","Dagger Spray","Underhanded Strike"],"picked":"SKIP","floor":20},{"not_picked":["Cloak And Dagger","Sucker Punch"],"picked":"Poisoned Stab","floor":21},{"not_picked":["Tools of the Trade","All Out Attack"],"picked":"Backstab+1","floor":24},{"not_picked":["PiercingWail","Prepared","All Out Attack"],"picked":"SKIP","floor":28},{"not_picked":["All Out Attack","Flechettes"],"picked":"Tactician","floor":30},{"not_picked":["Quick Slash","Dagger Spray"],"picked":"Bouncing Flask","floor":31}],"player_experience":1146342,"relics_obtained":[{"floor":8,"key":"Snake Skull"},{"floor":9,"key":"MawBank"},{"floor":24,"key":"InkBottle"},{"floor":26,"key":"Orichalcum"}],"event_choices":[{"damage_healed":0,"gold_gain":0,"player_choice":"Ignored","damage_taken":0,"max_hp_gain":0,"max_hp_loss":0,"event_name":"Liars Game","floor":7,"gold_loss":0},{"damage_healed":0,"gold_gain":0,"player_choice":"Bought 1 Potion","damage_taken":0,"max_hp_gain":0,"max_hp_loss":0,"event_name":"The Woman in Blue","floor":19,"gold_loss":0},{"damage_healed":0,"gold_gain":0,"player_choice":"Smashed Altar","damage_taken":0,"max_hp_gain":0,"max_hp_loss":0,"event_name":"Forgotten Altar","floor":22,"gold_loss":0,"cards_obtained":["Decay"]},{"damage_healed":13,"gold_gain":0,"player_choice":"Heal","damage_taken":0,"max_hp_gain":0,"max_hp_loss":0,"event_name":"The Library","floor":29,"gold_loss":0}],"is_beta":false,"boss_relics":[{"not_picked":["WristBlade","Busted Crown"],"picked":"HoveringKite"}],"items_purged_floors":[4],"is_endless":false,"potions_floor_spawned":[8,12,13,16,21,24],"killed_by":"Automaton","ascension_level":20}}