{"host":"6pfj0wha12yu6wq3","time":1609406868,"event":{"mods":["BaseMod","Colored Map","Colored Powertips","Curses Come First","DeckTracker","Minty Spire (QoL Compilation)","RNG Fix","Relic Sorter","Relic Stats","StSLib","ojb\u0027s Better Paths Mod","ojb\u0027s Info Mod"],"gold_per_floor":[112,126,137,62,62,97,97,121,174,225,237,249,284,329,341,448,460,495,507,253,29,67,101,101,161,161,217,60,60,135,31,31,146,146,165,165,180,220,264,328,125,181,255,63,79,124,124,189,189,189,189,189,10,100,100],"floor_reached":56,"playtime":5458,"items_purged":["Strike_G","Strike_G","Strike_G","Strike_G","Defend_G","Defend_G"],"score":3051,"play_id":"538b6619-bd15-4475-aa0c-dd25571d888d","local_time":"20201231042748","is_ascension_mode":true,"campfire_choices":[{"data":"Neutralize","floor":7.0,"key":"SMITH"},{"data":"Noxious Fumes","floor":12.0,"key":"SMITH"},{"data":"Malaise","floor":15.0,"key":"SMITH"},{"data":"Ghostly","floor":24.0,"key":"SMITH"},{"data":"Well Laid Plans","floor":29.0,"key":"SMITH"},{"data":"Wraith Form v2","floor":32.0,"key":"SMITH"},{"floor":49.0,"key":"RECALL"},{"data":"Ghostly","floor":52.0,"key":"SMITH"}],"circlet_count":0,"master_deck":["AscendersBane","Defend_G","Defend_G","Defend_G","Survivor","CurseOfTheBell","Predator+1","Eviscerate+1","Slice+1","Skewer+1","Noxious Fumes+1","Leg Sweep+1","Malaise+1","Wraith Form v2+1","Dagger Throw+1","Ghostly+1","Ghostly+1","Ghostly","Well Laid Plans+1","Acrobatics","HandOfGreed+1","Night Terror","Crippling Poison+1","Calculated Gamble+1","Concentrate+1","Master of Strategy+1","Outmaneuver+1","Noxious Fumes","Catalyst+1"],"relics":["Calling Bell","Akabeko","Molten Egg 2","FossilizedHelix","Golden Idol","Pantograph","MawBank","Gambling Chip","Oddly Smooth Stone","Busted Crown","Membership Card","Strange Spoon","Art of War","Boot","Toxic Egg 2","Bottled Lightning","TungstenRod","Runic Pyramid","Paper Crane","Lantern","ClockworkSouvenir","The Specimen","TwistedFunnel","Calipers"],"acts_visited":["Exordium","TheCity","TheBeyond","TheEnding"],"potions_floor_usage":[],"damage_taken":[{"damage":0.0,"enemies":"Cultist","floor":1.0,"turns":5.0},{"damage":0.0,"enemies":"Jaw Worm","floor":2.0,"turns":3.0},{"damage":0.0,"enemies":"2 Louse","floor":3.0,"turns":3.0},{"damage":12.0,"enemies":"Lagavulin","floor":6.0,"turns":7.0},{"damage":0.0,"enemies":"2 Fungi Beasts","floor":8.0,"turns":3.0},{"damage":5.0,"enemies":"3 Sentries","floor":10.0,"turns":4.0},{"damage":0.0,"enemies":"Blue Slaver","floor":13.0,"turns":1.0},{"damage":0.0,"enemies":"Lagavulin","floor":14.0,"turns":4.0},{"damage":0.0,"enemies":"The Guardian","floor":16.0,"turns":13.0},{"damage":0.0,"enemies":"3 Byrds","floor":18.0,"turns":7.0},{"damage":0.0,"enemies":"Spheric Guardian","floor":22.0,"turns":1.0},{"damage":0.0,"enemies":"Gremlin Leader","floor":23.0,"turns":10.0},{"damage":0.0,"enemies":"Book of Stabbing","floor":25.0,"turns":8.0},{"damage":4.0,"enemies":"Gremlin Leader","floor":27.0,"turns":8.0},{"damage":0.0,"enemies":"Centurion and Healer","floor":30.0,"turns":10.0},{"damage":0.0,"enemies":"Collector","floor":33.0,"turns":14.0},{"damage":0.0,"enemies":"3 Shapes","floor":35.0,"turns":4.0},{"damage":0.0,"enemies":"Orb Walker","floor":37.0,"turns":4.0},{"damage":0.0,"enemies":"Spire Growth","floor":38.0,"turns":7.0},{"damage":0.0,"enemies":"Maw","floor":39.0,"turns":11.0},{"damage":0.0,"enemies":"Reptomancer","floor":40.0,"turns":9.0},{"damage":0.0,"enemies":"Giant Head","floor":42.0,"turns":18.0},{"damage":0.0,"enemies":"Transient","floor":45.0,"turns":6.0},{"damage":0.0,"enemies":"3 Darklings","floor":46.0,"turns":6.0},{"damage":0.0,"enemies":"Nemesis","floor":48.0,"turns":11.0},{"damage":0.0,"enemies":"Time Eater","floor":50.0,"turns":20.0},{"damage":0.0,"enemies":"Shield and Spear","floor":54.0,"turns":12.0},{"damage":1,"enemies":"The Heart","floor":55,"turns":12}],"seed_played":"-220655624774230977","potions_obtained":[{"floor":3.0,"key":"DuplicationPotion"},{"floor":8.0,"key":"LiquidMemories"},{"floor":14.0,"key":"CunningPotion"},{"floor":23.0,"key":"Fire Potion"},{"floor":30.0,"key":"BlessingOfTheForge"},{"floor":37.0,"key":"LiquidMemories"}],"is_trial":false,"path_per_floor":["M","M","M","?","?","E","R","M","T","E","?","R","M","E","R","B",null,"M","?","$","$","M","E","R","E","T","E","$","R","M","$","R","B",null,"M","?","M","M","M","E","$","E","T","$","M","M","?","E","R","B",null,"R","$","E","B",null],"character_chosen":"THE_SILENT","items_purchased":["Membership Card","Well Laid Plans","Acrobatics","Strange Spoon","HandOfGreed+1","TungstenRod","Crippling Poison+1","Master of Strategy+1","Outmaneuver+1","ClockworkSouvenir","Noxious Fumes","TwistedFunnel"],"campfire_rested":0,"item_purchase_floors":[20,20,20,21,21,28,31,41,41,44,44,53],"current_hp_per_floor":[59,59,59,59,59,47,47,47,47,42,42,42,42,42,42,60,60,60,30,30,30,30,30,30,30,30,26,26,26,26,26,26,30,30,30,30,30,30,30,30,30,30,30,30,30,30,30,30,30,30,30,30,30,30,29],"gold":100,"neow_bonus":"BOSS_RELIC","is_daily":false,"chose_seed":false,"campfire_upgraded":7,"win_rate":0.0,"timestamp":1609406868,"path_taken":["M","M","M","?","?","E","R","M","T","E","?","R","M","E","R","BOSS","M","?","?","$","M","E","R","E","T","E","?","R","M","$","R","BOSS","M","?","M","M","M","E","$","E","T","$","M","M","?","E","R","BOSS","R","$","E","BOSS"],"items_purchased_type":["Relic","Card","Card","Relic","Card","Relic","Card","Card","Card","Relic","Card","Relic"],"build_version":"2020-12-22","purchased_purges":6,"victory":true,"max_hp_per_floor":[66,66,66,66,60,60,60,60,60,60,60,60,60,60,60,60,60,60,30,30,30,30,30,30,30,30,30,30,30,30,30,30,30,30,30,30,30,30,30,30,30,30,30,30,30,30,30,30,30,30,30,30,30,30,30],"relic_stats":{"Strange Spoon":[82],"Busted Crown":34,"counters":[28,221],"Golden Idol":191,"Pantograph":22,"Gambling Chip":[63],"Art of War":[50],"MawBank":132,"Boot":[38],"obtain_stats":[{"TwistedFunnel":53,"Lantern":42,"Calipers":54,"Boot":25,"ClockworkSouvenir":44,"Pantograph":6,"Gambling Chip":10,"Toxic Egg 2":26,"Ring of the Snake":0,"Runic Pyramid":34,"The Specimen":48,"Golden Idol":5,"Oddly Smooth Stone":14,"Paper Crane":40,"MawBank":9,"Akabeko":0,"Calling Bell":0,"Strange Spoon":21,"Busted Crown":17,"Molten Egg 2":0,"Art of War":23,"Membership Card":20,"Bottled Lightning":27,"FossilizedHelix":0,"TungstenRod":28},{"TwistedFunnel":26,"Lantern":22,"Calipers":27,"Boot":13,"ClockworkSouvenir":22,"Pantograph":4,"Gambling Chip":6,"Toxic Egg 2":13,"Ring of the Snake":0,"Runic Pyramid":16,"The Specimen":25,"Golden Idol":3,"Oddly Smooth Stone":8,"Paper Crane":21,"MawBank":5,"Akabeko":0,"Calling Bell":0,"Strange Spoon":10,"Busted Crown":9,"Molten Egg 2":0,"Art of War":12,"Membership Card":10,"Bottled Lightning":14,"FossilizedHelix":0,"TungstenRod":14},{"TwistedFunnel":197,"Lantern":154,"Calipers":209,"Boot":69,"ClockworkSouvenir":154,"Pantograph":18,"Gambling Chip":25,"Toxic Egg 2":69,"Ring of the Snake":0,"Runic Pyramid":101,"The Specimen":177,"Golden Idol":11,"Oddly Smooth Stone":30,"Paper Crane":136,"MawBank":21,"Akabeko":0,"Calling Bell":0,"Strange Spoon":50,"Busted Crown":43,"Molten Egg 2":0,"Art of War":61,"Membership Card":50,"Bottled Lightning":77,"FossilizedHelix":0,"TungstenRod":77}],"TungstenRod":221},"card_choices":[{"not_picked":["Acrobatics","Flying Knee+1"],"picked":"Predator+1","floor":1.0},{"not_picked":["Backstab+1","Bane+1"],"picked":"Eviscerate+1","floor":2.0},{"not_picked":["Choke+1","Finisher+1"],"picked":"Slice+1","floor":3.0},{"not_picked":["Escape Plan","Unload+1"],"picked":"Skewer+1","floor":6.0},{"not_picked":["PiercingWail","Prepared"],"picked":"Noxious Fumes","floor":8.0},{"not_picked":["Caltrops","Slice+1"],"picked":"Leg Sweep","floor":10.0},{"not_picked":["A Thousand Cuts","Outmaneuver","Tactician"],"picked":"SKIP","floor":13.0},{"not_picked":["Flechettes+1","Underhanded Strike+1"],"picked":"Malaise","floor":14.0},{"not_picked":["After Image","Bullet Time"],"picked":"Wraith Form v2","floor":16.0},{"not_picked":["Dagger Throw+1"],"picked":"SKIP","floor":18.0},{"not_picked":[],"picked":"Dagger Throw+1","floor":18.0},{"not_picked":["Riddle With Holes+1"],"picked":"SKIP","floor":22.0},{"not_picked":[],"picked":"Night Terror","floor":23.0},{"not_picked":["Sucker Punch+1"],"picked":"SKIP","floor":25.0},{"not_picked":["Slice+1"],"picked":"SKIP","floor":27.0},{"not_picked":["Infinite Blades"],"picked":"SKIP","floor":30.0},{"not_picked":["Dash+1"],"picked":"SKIP","floor":35.0},{"not_picked":["Blade Dance+1"],"picked":"SKIP","floor":37.0},{"not_picked":["Bane+1"],"picked":"SKIP","floor":38.0},{"not_picked":["Bane+1"],"picked":"SKIP","floor":38.0},{"not_picked":[],"picked":"Calculated Gamble+1","floor":39.0},{"not_picked":[],"picked":"Concentrate+1","floor":40.0},{"not_picked":["Eviscerate+1"],"picked":"SKIP","floor":42.0},{"not_picked":["All Out Attack+1"],"picked":"SKIP","floor":45.0},{"not_picked":["Flechettes+1"],"picked":"SKIP","floor":46.0},{"not_picked":["Dagger Throw+1"],"picked":"SKIP","floor":48.0},{"not_picked":[],"picked":"Catalyst+1","floor":54.0}],"player_experience":22814,"relics_obtained":[{"floor":0.0,"key":"Akabeko"},{"floor":0.0,"key":"Molten Egg 2"},{"floor":0.0,"key":"FossilizedHelix"},{"floor":6.0,"key":"Pantograph"},{"floor":9.0,"key":"MawBank"},{"floor":10.0,"key":"Gambling Chip"},{"floor":14.0,"key":"Oddly Smooth Stone"},{"floor":23.0,"key":"Art of War"},{"floor":25.0,"key":"Boot"},{"floor":26.0,"key":"Toxic Egg 2"},{"floor":27.0,"key":"Bottled Lightning"},{"floor":40.0,"key":"Paper Crane"},{"floor":42.0,"key":"Lantern"},{"floor":48.0,"key":"The Specimen"},{"floor":54.0,"key":"Calipers"}],"event_choices":[{"cards_removed":["Strike_G"],"damage_healed":0.0,"max_hp_gain":0.0,"max_hp_loss":0.0,"gold_gain":0.0,"event_name":"The Cleric","player_choice":"Card Removal","floor":4.0,"gold_loss":75.0,"damage_taken":0.0},{"damage_healed":0.0,"max_hp_gain":0.0,"max_hp_loss":6.0,"gold_gain":0.0,"event_name":"Golden Idol","player_choice":"Lose Max HP","floor":5.0,"gold_loss":0.0,"damage_taken":0.0,"relics_obtained":["Golden Idol"]},{"damage_healed":0.0,"max_hp_gain":0.0,"max_hp_loss":0.0,"gold_gain":0.0,"event_name":"Upgrade Shrine","player_choice":"Upgraded","floor":11.0,"gold_loss":0.0,"damage_taken":0.0,"cards_upgraded":["Leg Sweep"]},{"damage_healed":0.0,"max_hp_gain":0.0,"max_hp_loss":30.0,"gold_gain":0.0,"event_name":"Ghosts","player_choice":"Became a Ghost","floor":19.0,"gold_loss":0.0,"damage_taken":0.0,"cards_obtained":["Ghostly","Ghostly","Ghostly"]},{"damage_healed":0.0,"max_hp_gain":0.0,"max_hp_loss":0.0,"gold_gain":0.0,"event_name":"Tomb of Lord Red Mask","player_choice":"Ignored","floor":36.0,"gold_loss":0.0,"damage_taken":0.0},{"cards_removed":["Neutralize"],"damage_healed":0.0,"max_hp_gain":0.0,"max_hp_loss":0.0,"gold_gain":0.0,"event_name":"Falling","player_choice":"Removed Attack","floor":47.0,"gold_loss":0.0,"damage_taken":0.0}],"is_beta":false,"boss_relics":[{"not_picked":["Tiny House","Fusion Hammer"],"picked":"Busted Crown"},{"not_picked":["SlaversCollar","Sozu"],"picked":"Runic Pyramid"}],"items_purged_floors":[20,21,31,41,44,53],"is_endless":false,"potions_floor_spawned":[3,8,14,23,25,30,35,37,38,48,54],"ascension_level":20}}