{"host":"n4oa921u88t6jog9","time":1609384216,"event":{"mods":["AchievementEnabler","BaseMod","DeckTracker","Keyboard Shortcuts","Minty Spire (QoL Compilation)","Quick Restart","StSLib","SuperFastMode"],"gold_per_floor":[113,38,58,70,145,145,160,178,203,215,81,81,81,100,100,100,100],"floor_reached":16,"playtime":999,"items_purged":["Strike_G"],"score":169,"play_id":"bc36a900-cc90-40c4-9c14-52dc5e3883d0","local_time":"20201231121016","is_ascension_mode":true,"campfire_choices":[{"data":"Cloak And Dagger","floor":6,"key":"SMITH"},{"data":"Well Laid Plans","floor":15,"key":"SMITH"}],"circlet_count":0,"master_deck":["AscendersBane","Strike_G","Strike_G","Strike_G","Strike_G","Defend_G","Defend_G","Defend_G","Defend_G","Survivor","Neutralize","Cloak And Dagger+1","Dagger Throw","Backflip","Well Laid Plans+1","Flechettes","Tactician","Dagger Spray","Acrobatics"],"relics":["Ring of the Snake","Toy Ornithopter","Akabeko","Dream Catcher"],"acts_visited":["Exordium"],"potions_floor_usage":[],"damage_taken":[{"damage":0,"enemies":"Small Slimes","floor":1,"turns":3},{"damage":0,"enemies":"2 Louse","floor":3,"turns":3},{"damage":0,"enemies":"Cultist","floor":4,"turns":4},{"damage":3,"enemies":"Blue Slaver","floor":7,"turns":4},{"damage":1,"enemies":"2 Fungi Beasts","floor":8,"turns":4},{"damage":6,"enemies":"Looter","floor":10,"turns":3},{"damage":0,"enemies":"Gremlin Gang","floor":14,"turns":1},{"damage":59,"enemies":"Hexaghost","floor":16,"turns":14}],"seed_played":"5638473046685667947","potions_obtained":[{"floor":3,"key":"FairyPotion"},{"floor":7,"key":"Fire Potion"}],"is_trial":false,"path_per_floor":["M","?","M","M","?","R","M","M","T","M","$","?","?","M","R","B"],"character_chosen":"THE_SILENT","items_purchased":["Dagger Spray"],"campfire_rested":0,"item_purchase_floors":[11],"current_hp_per_floor":[59,59,59,59,48,48,45,44,44,38,38,33,33,33,33,0,0],"gold":100,"neow_bonus":"THREE_CARDS","is_daily":false,"chose_seed":false,"campfire_upgraded":2,"win_rate":0.0,"timestamp":1609384216,"path_taken":["M","?","M","M","?","R","M","M","T","M","$","?","?","?","R","BOSS"],"items_purchased_type":["Card"],"build_version":"2020-12-22","purchased_purges":1,"victory":false,"max_hp_per_floor":[66,66,66,66,66,66,66,66,66,66,66,66,66,66,66,66,66],"card_choices":[{"not_picked":["Slice","Bane"],"picked":"Cloak And Dagger","floor":0},{"not_picked":["Deadly Poison","Bane"],"picked":"Dagger Throw","floor":1},{"not_picked":["Bane","Night Terror"],"picked":"Slice","floor":3},{"not_picked":["Backstab","Blade Dance"],"picked":"Backflip","floor":4},{"not_picked":["Slice","Sucker Punch"],"picked":"Well Laid Plans","floor":7},{"not_picked":["Deadly Poison","Quick Slash"],"picked":"Flechettes","floor":8},{"not_picked":["Eviscerate","Sucker Punch"],"picked":"Tactician","floor":10},{"not_picked":["Venomology","Dagger Spray"],"picked":"Acrobatics","floor":14}],"player_experience":368822,"relics_obtained":[{"floor":9,"key":"Toy Ornithopter"}],"event_choices":[{"cards_removed":["Defend_G"],"damage_healed":0,"gold_gain":0,"player_choice":"Card Removal","damage_taken":0,"max_hp_gain":0,"max_hp_loss":0,"event_name":"The Cleric","floor":2,"gold_loss":75},{"damage_healed":0,"gold_gain":75,"player_choice":"Gather Gold","damage_taken":11,"max_hp_gain":0,"max_hp_loss":0,"event_name":"World of Goop","floor":5,"gold_loss":0},{"damage_healed":0,"gold_gain":0,"player_choice":"Success","damage_taken":5,"relics_obtained":["Akabeko"],"max_hp_gain":0,"max_hp_loss":0,"event_name":"Scrap Ooze","floor":12,"gold_loss":0},{"cards_removed":["Slice"],"damage_healed":0,"gold_gain":0,"player_choice":"Gave Card","damage_taken":0,"relics_obtained":["Dream Catcher"],"max_hp_gain":0,"max_hp_loss":0,"event_name":"WeMeetAgain","floor":13,"gold_loss":0}],"is_beta":false,"boss_relics":[],"items_purged_floors":[11],"is_endless":false,"potions_floor_spawned":[3,7,14],"killed_by":"Hexaghost","ascension_level":16}}