{"host":"d9m9v0h6vo0edadb","time":1609413972,"event":{"mods":["BaseMod","Hermit","Keyboard Shortcuts","Minty Spire (QoL Compilation)","StSLib","SuperFastMode","The Cursed"],"gold_per_floor":[19,33,33,46,46,78,88,116,143,156,156,81,81,116,116,199,199,221,221,195,76,89,89,89,89],"floor_reached":24,"playtime":486,"items_purged":["Strike_B"],"score":432,"play_id":"6dcc4cac-3c79-4943-8d09-267f0af52dc7","local_time":"20201231202612","is_ascension_mode":true,"campfire_choices":[{"data":"Thunder Strike","floor":11.0,"key":"SMITH"},{"floor":13.0,"key":"REST"},{"data":"Zap","floor":15.0,"key":"SMITH"},{"data":"Coolheaded","floor":23.0,"key":"SMITH"}],"circlet_count":0,"master_deck":["AscendersBane","Defend_B","Defend_B","Defend_B","Defend_B","Zap+1","Dualcast","Master of Strategy","Glacier","Ball Lightning","Thunder Strike+1","FTL","Reboot","Turbo+1","Coolheaded+1"],"relics":["Cracked Core","Akabeko","Nunchaku","CeramicFish","Blood Vial","Sozu"],"acts_visited":["Exordium","TheCity"],"potions_floor_usage":[],"damage_taken":[{"damage":4.0,"enemies":"Jaw Worm","floor":1.0,"turns":5.0},{"damage":0.0,"enemies":"2 Louse","floor":2.0,"turns":3.0},{"damage":0.0,"enemies":"Cultist","floor":4.0,"turns":3.0},{"damage":13.0,"enemies":"Lagavulin","floor":6.0,"turns":9.0},{"damage":19.0,"enemies":"3 Louse","floor":7.0,"turns":4.0},{"damage":3.0,"enemies":"3 Sentries","floor":8.0,"turns":6.0},{"damage":1.0,"enemies":"Large Slime","floor":10.0,"turns":7.0},{"damage":6.0,"enemies":"Lagavulin","floor":14.0,"turns":4.0},{"damage":31.0,"enemies":"Hexaghost","floor":16.0,"turns":10.0},{"damage":2.0,"enemies":"Spheric Guardian","floor":18.0,"turns":4.0},{"damage":29.0,"enemies":"2 Thieves","floor":20.0,"turns":4.0},{"damage":5.0,"enemies":"Snake Plant","floor":22.0,"turns":3.0},{"damage":45,"enemies":"Gremlin Leader","floor":24,"turns":6}],"seed_played":"-9098438178945848210","potions_obtained":[{"floor":1.0,"key":"DistilledChaos"},{"floor":2.0,"key":"Dexterity Potion"},{"floor":14.0,"key":"ColorlessPotion"},{"floor":16.0,"key":"SpeedPotion"}],"is_trial":false,"path_per_floor":["M","M","?","M","?","E","M","E","T","M","R","?","R","E","R","B",null,"M","?","M","$","M","R","E"],"character_chosen":"DEFECT","items_purchased":["Coolheaded"],"campfire_rested":1,"item_purchase_floors":[21],"current_hp_per_floor":[60,60,60,60,65,52,33,30,30,29,29,29,51,45,45,16,61,61,61,34,34,31,31,0,0],"gold":89,"neow_bonus":"RANDOM_COLORLESS_2","is_daily":false,"chose_seed":false,"campfire_upgraded":3,"win_rate":0.0,"timestamp":1609413972,"path_taken":["M","M","?","M","?","E","M","E","T","M","R","?","R","E","R","BOSS","M","?","M","$","M","R","E"],"items_purchased_type":["Card"],"build_version":"2020-12-22","purchased_purges":1,"victory":false,"max_hp_per_floor":[71,71,71,71,76,76,76,76,76,76,76,76,76,76,76,76,76,76,76,76,76,76,76,76,76],"card_choices":[{"not_picked":["Sadistic Nature","Metamorphosis"],"picked":"Master of Strategy","floor":0.0},{"not_picked":["Hello World","Steam"],"picked":"Glacier","floor":1.0},{"not_picked":["Barrage","Streamline"],"picked":"Ball Lightning","floor":2.0},{"not_picked":["Rebound","Barrage"],"picked":"FTL","floor":4.0},{"not_picked":["Conserve Battery","Steam","Heatsinks"],"picked":"SKIP","floor":6.0},{"not_picked":["Blizzard","Rip and Tear","Redo"],"picked":"SKIP","floor":7.0},{"not_picked":["Blizzard","Rip and Tear","Redo"],"picked":"SKIP","floor":7.0},{"not_picked":["Rebound","Rip and Tear","Blizzard"],"picked":"SKIP","floor":8.0},{"not_picked":["Fission","Cold Snap","Redo"],"picked":"SKIP","floor":10.0},{"not_picked":["Cold Snap","Streamline","Sunder"],"picked":"SKIP","floor":14.0},{"not_picked":["Hyperbeam","All For One"],"picked":"Reboot","floor":16.0},{"not_picked":["Ball Lightning","Undo"],"picked":"Turbo+1","floor":18.0},{"not_picked":["Barrage","Redo","Streamline"],"picked":"SKIP","floor":20.0},{"not_picked":["Coolheaded","White Noise+1","Cold Snap"],"picked":"SKIP","floor":22.0}],"player_experience":945232,"relics_obtained":[{"floor":6.0,"key":"Akabeko"},{"floor":8.0,"key":"Nunchaku"},{"floor":9.0,"key":"CeramicFish"},{"floor":14.0,"key":"Blood Vial"}],"event_choices":[{"damage_healed":0.0,"max_hp_gain":0.0,"max_hp_loss":0.0,"gold_gain":0.0,"cards_transformed":["Strike_B"],"event_name":"Living Wall","player_choice":"Change","floor":3.0,"gold_loss":0.0,"damage_taken":0.0,"cards_obtained":["Thunder Strike"]},{"damage_healed":0.0,"max_hp_gain":5.0,"max_hp_loss":0.0,"gold_gain":0.0,"event_name":"Big Fish","player_choice":"Donut","floor":5.0,"gold_loss":0.0,"damage_taken":0.0},{"cards_removed":["Strike_B"],"damage_healed":0.0,"max_hp_gain":0.0,"max_hp_loss":0.0,"gold_gain":0.0,"event_name":"The Cleric","player_choice":"Card Removal","floor":12.0,"gold_loss":75.0,"damage_taken":0.0},{"cards_removed":["Strike_B"],"damage_healed":0.0,"max_hp_gain":0.0,"max_hp_loss":0.0,"gold_gain":0.0,"event_name":"Purifier","player_choice":"Purged","floor":19.0,"gold_loss":0.0,"damage_taken":0.0}],"is_beta":false,"boss_relics":[{"not_picked":["SacredBark","Philosopher\u0027s Stone"],"picked":"Sozu"}],"items_purged_floors":[21],"is_endless":false,"potions_floor_spawned":[1,2,7,14,16,20],"killed_by":"Gremlin Leader","ascension_level":20}}