{"host":"acpsw8r33r8788yr","time":1609440138,"event":{"mods":["BaseMod","Better Altar","Better Skull","Better Third Choice","BetterRewards","Colored Map","Downfall","Hermit","Highlight Path","Hubris","Minty Spire (QoL Compilation)","Quick Restart","Replay The Spire","Robot Space Explorer","Shop Mod","StSLib","SuperFastMode","The Animator","The Bug Knight","The Construct","The Cursed","The Disciple","The Jungle","The Runesmith","The Senshi"],"gold_per_floor":[99,115,133,133,308,335,335,785,785,795,826,836,836,277,288,384,384,384,399,409,409,409,301,356,374,374,374,78,107,107,122,139,236,236,236,253,272,292,309,365,391,124,176,214,250,302,324,424,446,452],"floor_reached":51,"playtime":4039,"items_purged":["Doubt","Guardian:Strike_Guardian","Guardian:Strike_Guardian"],"score":981,"play_id":"0898558a-dacf-471e-bad0-3c3a3baab431","local_time":"20201231104218","is_ascension_mode":true,"campfire_choices":[{"data":"expansioncontent:DashGenerateEvil","floor":1,"key":"SMITH"},{"data":"Guardian:DecasProtection","floor":18,"key":"SMITH"},{"data":"ReplayUltimateDefense","floor":27,"key":"SMITH"},{"data":"expansioncontent:QuickStudy","floor":30,"key":"SMITH"},{"data":"Guardian:Strike_Guardian","floor":35,"key":"PURGE"}],"circlet_count":0,"master_deck":["Guardian:Strike_Guardian","Guardian:CurlUp","Guardian:TwinSlam","expansioncontent:DashGenerateEvil+1","Guardian:BronzeArmor","Guardian:ArmoredProtocol","Guardian:Clone","Slimebound:Icky","Guardian:EvasiveProtocol","Guardian:Preprogram","Guardian:DecasProtection+1","ReplayUltimateDefense+1","Guardian:ShieldCharger","Guardian:BaubleBeam","theJungle:Gourd","theJungle:Gourd+1","theJungle:Gourd","theJungle:Gourd+1","theJungle:Gourd","expansioncontent:DecasProtection","Guardian:PolyBeam+1","Guardian:Incinerate","expansioncontent:QuickStudy+1","Guardian:Clone","Guardian:PiercingHide","Guardian:TimeSifter","Guardian:SpikerProtocol+1","Guardian:ArmoredProtocol+1","Guardian:Gem_Orange","Guardian:ArmoredProtocol+1","expansioncontent:StudyTheSpire","Guardian:SphericShield","Guardian:Recover+1","Guardian:Orbwalk+1"],"relics":["Guardian:ModeShifterPlus","hubris:Towel","Bronze Scales","Replay:Ringing Soul","Dead Branch","Guardian:PickAxe","Mummified Hand","Membership Card","Empty Cage","Vajra","Shovel","Quantum Egg","ClockworkSouvenir","Blood Vial","Replay:Rubber Ducky","BargainBundle","War Paint","Replay:Bandana","Bag of Preparation","ReplayTheSpireMod:Ninjato","Omamori","Toy Ornithopter"],"acts_visited":["Exordium","theJungle:Jungle","TheBeyond"],"potions_floor_usage":[11,11,20,50,50],"damage_taken":[{"damage":4,"enemies":"Jaw Worm","floor":2,"turns":6},{"damage":0,"enemies":"Small Slimes","floor":3,"turns":3},{"damage":11,"enemies":"Replay:BlueRogue","floor":6,"turns":10},{"damage":7,"enemies":"2 Louse","floor":10,"turns":2},{"damage":12,"enemies":"Lagavulin","floor":11,"turns":8},{"damage":1,"enemies":"Exordium Wildlife","floor":12,"turns":7},{"damage":11,"enemies":"Exordium Wildlife","floor":13,"turns":4},{"damage":0,"enemies":"downfall:FleeingMerchant","floor":14,"turns":4},{"damage":4,"enemies":"3 Louse","floor":15,"turns":3},{"damage":0,"enemies":"downfall:Ironclad","floor":16,"turns":7},{"damage":0,"enemies":"theJungle:GiantWrat","floor":19,"turns":2},{"damage":4,"enemies":"theJungle:Flameango_and_Byrd","floor":20,"turns":3},{"damage":0,"enemies":"downfall:FleeingMerchant","floor":23,"turns":4},{"damage":0,"enemies":"theJungle:Snecko_Cultist_And_Trap","floor":25,"turns":7},{"damage":0,"enemies":"downfall:FleeingMerchant","floor":28,"turns":4},{"damage":6,"enemies":"theJungle:Cassacara","floor":29,"turns":7},{"damage":0,"enemies":"theJungle:2_Snecko_Cultists","floor":31,"turns":3},{"damage":0,"enemies":"Snake Plant","floor":32,"turns":3},{"damage":11,"enemies":"downfall:Silent","floor":33,"turns":6},{"damage":5,"enemies":"3 Darklings","floor":36,"turns":5},{"damage":0,"enemies":"Orb Walker","floor":37,"turns":4},{"damage":10,"enemies":"Jaw Worm Horde","floor":38,"turns":4},{"damage":0,"enemies":"Sphere and 2 Shapes","floor":39,"turns":4},{"damage":0,"enemies":"downfall:FleeingMerchant","floor":42,"turns":4},{"damage":19,"enemies":"Reptomancer","floor":43,"turns":5},{"damage":0,"enemies":"Maw","floor":44,"turns":6},{"damage":0,"enemies":"Giant Head","floor":45,"turns":9},{"damage":0,"enemies":"3 Darklings","floor":47,"turns":6},{"damage":0,"enemies":"downfall:LadyInBlue","floor":48,"turns":11},{"damage":0,"enemies":"Sphere and 2 Shapes","floor":49,"turns":4},{"damage":0,"enemies":"downfall:Defect","floor":50,"turns":8}],"seed_played":"5561893548416439896","potions_obtained":[{"floor":3,"key":"AttackPotion"},{"floor":6,"key":"Death Potion"},{"floor":15,"key":"SpeedPotion"},{"floor":19,"key":"Ancient Potion"},{"floor":32,"key":"Elixir"},{"floor":33,"key":"LifebloodPotion"},{"floor":37,"key":"Guardian:DefensiveModePotion"},{"floor":40,"key":"Reflective Coating"},{"floor":40,"key":"Doom Potion"},{"floor":44,"key":"Adrenaline Potion"},{"floor":48,"key":"DistilledChaos"}],"is_trial":false,"path_per_floor":["R","M","M","?","?","E","T","?","T","M","E","M","?","$","M","B",null,"R","M","M","?","?","$","T","M","?","R","$","E","R","M","M","B",null,"R_BF","M","M","M","M","?","T","$","E","M","E","T","M","?","M","B",null],"character_chosen":"GUARDIAN","items_purchased":["Mummified Hand","Membership Card","ReplayUltimateDefense","ColorlessPotion","expansioncontent:DecasProtection","Quantum Egg","expansioncontent:QuickStudy","ClockworkSouvenir","BargainBundle","War Paint","expansioncontent:StudyTheSpire","Replay:Bandana"],"campfire_rested":0,"item_purchase_floors":[14,14,14,14,23,28,28,28,42,42,42,42],"current_hp_per_floor":[72,68,68,68,68,57,57,60,60,56,47,49,41,44,57,60,96,96,99,98,98,101,104,104,107,87,87,90,87,87,92,97,91,126,126,124,129,121,126,126,126,131,117,119,121,121,126,143,145,147],"gold":452,"neow_bonus":"RANDOM_COLORLESS_2","is_daily":false,"chose_seed":false,"campfire_upgraded":4,"win_rate":0.0,"timestamp":1609440138,"path_taken":["R","M","M","?","?","E","T","?","?","?","E","M","?","$","M","BOSS","R","M","M","?","?","?","T","M","?","R","$","E","R","M","M","BOSS","R_BF","M","M","M","M","?","T","$","E","M","E","?","?","?","M","BOSS"],"items_purchased_type":["Relic","Relic","Card","Potion","Card","Relic","Card","Relic","Relic","Relic","Card","Relic"],"build_version":"2020-12-22","purchased_purges":3,"victory":true,"max_hp_per_floor":[72,72,72,72,72,72,72,75,75,78,81,84,87,90,93,96,96,96,99,102,102,105,108,108,111,111,111,114,117,117,120,123,126,126,126,129,132,132,135,135,135,138,141,141,141,141,144,147,147,147],"card_choices":[{"not_picked":["Thinking Ahead","Crow Ritual"],"picked":"expansioncontent:DashGenerateEvil","floor":0},{"not_picked":["Guardian:PrimingBeam","Guardian:Planning"],"picked":"Guardian:BronzeArmor","floor":2},{"not_picked":["Guardian:ChargeCore","Guardian:Gem_Green"],"picked":"Guardian:ArmoredProtocol","floor":3},{"not_picked":["Guardian:ShieldCharger","Guardian:Gem_Synthetic"],"picked":"Guardian:Clone","floor":6},{"not_picked":["Guardian:VentSteam","Guardian:RollAttack"],"picked":"Guardian:EvasiveProtocol","floor":10},{"not_picked":["Guardian:VentSteam","Guardian:TemporalShield"],"picked":"Guardian:Preprogram","floor":11},{"not_picked":["Guardian:ChargeUp","Guardian:Reroute"],"picked":"Guardian:DecasProtection","floor":12},{"not_picked":["Guardian:VentSteam","Guardian:Suspension","Guardian:DonusPower"],"picked":"SKIP","floor":14},{"not_picked":["Guardian:CrystalBeam","Guardian:Recover"],"picked":"Guardian:ShieldCharger","floor":15},{"not_picked":["Guardian:Gem_Synthetic","Guardian:Gem_Orange"],"picked":"Guardian:BaubleBeam","floor":16},{"not_picked":["Guardian:Gem_Lightblue","Guardian:PiercingHide"],"picked":"Guardian:Gem_White","floor":19},{"not_picked":["Guardian:Incinerate","Guardian:ShieldCharger"],"picked":"Guardian:Gem_Blue","floor":20},{"not_picked":["Guardian:RollAttack+1","Guardian:Gem_White","Guardian:Incinerate"],"picked":"SKIP","floor":23},{"not_picked":["Guardian:Gem_Lightblue","Guardian:WalkerClaw"],"picked":"Guardian:PolyBeam+1","floor":25},{"not_picked":["Guardian:TemporalStrike","Guardian:ChargeCore"],"picked":"Guardian:Incinerate","floor":28},{"not_picked":["Guardian:BronzeArmor","Guardian:ShieldCharger"],"picked":"Guardian:Clone","floor":29},{"not_picked":["Guardian:Gem_Green","Guardian:RefractedBeam","Guardian:PiercingHide+1"],"picked":"SKIP","floor":31},{"not_picked":["Guardian:RefractedBeam","Guardian:PiercingHide+1"],"picked":"Guardian:Gem_Green","floor":31},{"not_picked":["Guardian:RollAttack","Guardian:WalkerClaw+1"],"picked":"Guardian:PiercingHide","floor":32},{"not_picked":["Guardian:BaubleBeam","Guardian:FierceBash"],"picked":"Guardian:TimeSifter","floor":33},{"not_picked":["Guardian:Recover+1","Guardian:Gem_Lightblue"],"picked":"Guardian:SpikerProtocol+1","floor":36},{"not_picked":["Guardian:Gem_Lightblue","Guardian:TemporalStrike"],"picked":"Guardian:ArmoredProtocol+1","floor":37},{"not_picked":["Guardian:WalkerClaw+1","Guardian:Reroute+1","Guardian:Gem_Green"],"picked":"SKIP","floor":38},{"not_picked":["Guardian:Gem_Red","Guardian:Gem_Cyan"],"picked":"Guardian:Gem_Orange","floor":39},{"not_picked":["Guardian:RollAttack","Guardian:TimeBomb+1"],"picked":"Guardian:ArmoredProtocol+1","floor":42},{"not_picked":["Guardian:TemporalShield","Guardian:BronzeArmor+1"],"picked":"Guardian:SphericShield","floor":43},{"not_picked":["Guardian:PrimingBeam+1","Guardian:Reroute","Guardian:Repulse"],"picked":"SKIP","floor":44},{"not_picked":["Guardian:Reroute","Guardian:ShieldSpikes+1","Guardian:DonusPower+1"],"picked":"SKIP","floor":45},{"not_picked":["Guardian:GuardianWhirl+1","Guardian:RollAttack"],"picked":"Guardian:Recover+1","floor":47},{"not_picked":["Guardian:Reroute","Guardian:Suspension+1"],"picked":"Guardian:Orbwalk+1","floor":48},{"not_picked":["Guardian:Gem_Lightblue","Guardian:Gem_Crimson","Guardian:TemporalStrike"],"picked":"SKIP","floor":49}],"player_experience":411873,"relics_obtained":[{"floor":6,"key":"Bronze Scales"},{"floor":7,"key":"Replay:Ringing Soul"},{"floor":11,"key":"Dead Branch"},{"floor":24,"key":"Vajra"},{"floor":29,"key":"Blood Vial"},{"floor":41,"key":"Replay:Rubber Ducky"},{"floor":43,"key":"Bag of Preparation"},{"floor":45,"key":"ReplayTheSpireMod:Ninjato"},{"floor":46,"key":"Omamori"},{"floor":48,"key":"Toy Ornithopter"}],"event_choices":[],"is_beta":false,"boss_relics":[{"not_picked":["Snecko Eye","Painkiller Herb"],"picked":"Empty Cage"},{"not_picked":["Coffee Dripper","construct:WeddingRing"],"picked":"Guardian:ModeShifterPlus"}],"items_purged_floors":[14,23,42],"is_endless":false,"potions_floor_spawned":[3,6,15,19,32,33,37,39,43,44],"ascension_level":1}}