{"host":"9qh03gjyvt0jixwo","time":1609403927,"event":{"mods":["Act Like it!","BaseMod","CapriCore","Colored Map","Colored Powertips","Dota2Spire","Friendly Minions","Gensokyo","GifTheSpireLib","Highlight Path","Marisa£®ÏF”Í°°ƒß¿Ì…≥£©","Minty Spire (QoL Compilation)","Reimu£®≤©¿ˆ¡È√Œ£©","Remilia£®¿Ÿ√◊¿Ú—«£©","Replay The Spire","StSLib","The Immortal","WarShipGirlsR/’ΩΩ¢…Ÿ≈ÆR mod","Yakumo Yukari mod","Youmu£®ªÍ∆«—˝√Œ£©"],"gold_per_floor":[140,140,150,161,205,222,222,222,303,303,6,6,33,52,52,156,156,175,175,94,94,114,133,133,162,162,162,162,172,172,183,183,279,329,348,348,365,1364,908,922,0,0,0,0,20,52,11,25,25,25],"floor_reached":51,"playtime":5457,"items_purged":["Normality","Normality"],"score":945,"play_id":"47582d99-5d85-48d8-a7dc-2119b9cab4f6","local_time":"20201231163847","is_ascension_mode":false,"campfire_choices":[{"data":"Observe_purple_2","floor":7,"key":"SMITH"},{"floor":10,"key":"REST"},{"data":"Charmbait_purple","floor":12,"key":"SMITH"},{"floor":15,"key":"REST"},{"data":"OmniscientAndOmnipotent_Monster_purple","floor":24,"key":"SMITH"},{"floor":30,"key":"REST"},{"floor":32,"key":"DIG"},{"floor":42,"key":"REST"},{"floor":44,"key":"REST"},{"floor":49,"key":"REST"}],"circlet_count":0,"master_deck":["AT_purpleEX+1","AT_purpleEX","AT_purpleEX+1","Defend_purpleEX","Defend_purpleEX","Defend_purpleEX","Observe_purple_1","Observe_purple_2+1","Charmbait_purple+1","Line_surface_state_purple","Extrememeaning_purpleEX+1","Mirror_FormAndEmptin_purple","WangLiang_OokamiKakushi_purple+1","DimensionStaggered_purple+1","MNeedle_purple+1","MNeedle_purple+1","Crow Ritual+1","CommonSense_AntiCommonSense_purple","BarrageBoundary_PipeDream_purple+1","ProofOfUnderstanding_purple+1","ButterflyHabitatTemple_purple","Price_of_realm_purpleEX+1","Fantasy_PerpetualMotionMachine_purple+1","WasteWire_Metro_purple+1","Mirror_Drifter_purple","OmniscientAndOmnipotent_Monster_purple+1","RealityDreamConfluencek_purple+1","Mirror_FourBoundary_purple","ContainerChange_purple+1","Know_ledgeAbilityRealm_purple+1","ExistenceContinue_purple+1","ExternalForce_HighSpeedFlying_purple+1","WangLiang_OokamiKakushi_purple+1","The Bomb+1","Boundary_of_Extermination_purpleEX+1","LoveAcrossDimensions_purple+1","StateErode_purple+1","Boundary_DreamRealityDamnation_purple"],"relics":["Boundary_crack","Memoryfragments_purpleEX","Replay:Multitool","Golden Egg","MealTicket","Dota2Spire:Bloodstone","RuthlessExorcism:ReiMu","Dota2Spire:EyeOfSkadi","Nloth\u0027s Gift","Dota2Spire:Dagon","Tiny House","Dota2Spire:ShivaGuard","Bird Faced Urn","Guide Book","The Courier","Dream Catcher"],"acts_visited":["Exordium","TheCity","TheBeyond"],"potions_floor_usage":[16,22,23,23,33,33,40,48,50,50],"damage_taken":[{"damage":2,"enemies":"Jaw Worm","floor":1,"turns":4},{"damage":0,"enemies":"2 Louse","floor":3,"turns":2},{"damage":0,"enemies":"Small Slimes","floor":4,"turns":3},{"damage":3,"enemies":"Red Slaver","floor":6,"turns":4},{"damage":29,"enemies":"Replay:BlueRogue","floor":13,"turns":4},{"damage":1,"enemies":"Large Slime","floor":14,"turns":5},{"damage":40,"enemies":"Hexaghost","floor":16,"turns":6},{"damage":27,"enemies":"2 Thieves","floor":18,"turns":4},{"damage":0,"enemies":"3 Byrds","floor":22,"turns":4},{"damage":21,"enemies":"Snake Plant","floor":23,"turns":3},{"damage":41,"enemies":"Book of Stabbing","floor":25,"turns":5},{"damage":0,"enemies":"Snecko","floor":29,"turns":3},{"damage":10,"enemies":"Cultist and Chosen","floor":31,"turns":3},{"damage":19,"enemies":"Pondfish","floor":33,"turns":9},{"damage":52,"enemies":"3 Darklings","floor":35,"turns":5},{"damage":8,"enemies":"3 Shapes","floor":37,"turns":5},{"damage":32,"enemies":"Jaw Worm Horde","floor":40,"turns":5},{"damage":30,"enemies":"Sphere and 2 Shapes","floor":45,"turns":5},{"damage":63,"enemies":"Reptomancer","floor":46,"turns":5},{"damage":11,"enemies":"Writhing Mass","floor":48,"turns":3},{"damage":53,"enemies":"Awakened One","floor":50,"turns":7}],"seed_played":"7293820482553459704","potions_obtained":[{"floor":1,"key":"PowerPotion"},{"floor":4,"key":"SpeedPotion"},{"floor":16,"key":"LiquidBronze"},{"floor":22,"key":"Cursed Concoction"},{"floor":29,"key":"CultistPotion"},{"floor":31,"key":"DuplicationPotion"},{"floor":34,"key":"Ancient Potion"},{"floor":37,"key":"Dota2Spire:HealingSalve"},{"floor":40,"key":"Languid Potion"}],"is_trial":false,"path_per_floor":["M","?","M","M","?","M","R","?","T","R","$","R","E","M","R","B",null,"M","?","$","?","M","M","R","E","T","T","?","M","R","M","R_BF","B",null,"M","?","M","?","$","M","$","R","T","R","M","E","$","M","R","B",null],"character_chosen":"Youkari","items_purchased":["DimensionStaggered_purple","MNeedle_purple","Crow Ritual","Fantasy_PerpetualMotionMachine_purple","Dota2Spire:ShivaGuard","Bird Faced Urn","Guide Book","Flashbang","The Bomb","StateErode_purple"],"campfire_rested":6,"item_purchase_floors":[11,11,11,20,39,41,41,41,41,47],"current_hp_per_floor":[77,77,77,77,77,75,75,52,52,75,75,75,48,51,74,39,77,53,53,68,68,71,52,52,25,25,30,30,31,55,48,48,31,87,35,35,30,30,45,18,33,59,59,85,61,44,59,61,87,42],"gold":25,"neow_bonus":"TEN_PERCENT_HP_BONUS","is_daily":false,"chose_seed":false,"campfire_upgraded":3,"win_rate":0.0,"timestamp":1609403927,"path_taken":["M","?","M","M","?","?","R","?","T","R","$","R","E","M","R","BOSS","M","?","$","?","?","M","R","E","T","?","?","?","R","M","R_BF","BOSS","M","?","M","?","$","M","$","R","T","R","M","E","?","M","R","BOSS"],"items_purchased_type":["Card","Card","Card","Card","Relic","Relic","Relic","Potion","Card","Card"],"build_version":"2020-12-22","purchased_purges":2,"victory":true,"max_hp_per_floor":[77,77,77,77,77,77,77,77,77,77,77,77,77,77,77,77,77,77,77,77,77,77,77,77,77,77,82,82,82,82,82,82,82,87,87,87,87,87,87,87,87,87,87,87,87,87,87,87,87,87],"card_choices":[{"not_picked":["Photoelasticity_Doppler_Effect_purple","SfantasyHide_purple"],"picked":"Charmbait_purple","floor":1},{"not_picked":["RuleDissolution_purple","RuptureOfTimeAndSpace_purple"],"picked":"Line_surface_state_purple","floor":3},{"not_picked":["RuleDissolution_purple","MeetDecomposer_purple"],"picked":"Extrememeaning_purpleEX","floor":4},{"not_picked":["Bait_Toxicbait_purple","RuptureOfTimeAndSpace_purple"],"picked":"Mirror_FormAndEmptin_purple","floor":5},{"not_picked":["StateErode_purple","AdvanceAttack_purple"],"picked":"WangLiang_OokamiKakushi_purple","floor":6},{"not_picked":["Worldmountain_purple","StateErode_purple"],"picked":"CommonSense_AntiCommonSense_purple","floor":13},{"not_picked":["SharpContractionReality_purple","Line_surface_state_purple"],"picked":"BarrageBoundary_PipeDream_purple","floor":14},{"not_picked":["ContainerChange_purple","D_absorption_purple"],"picked":"ProofOfUnderstanding_purple","floor":16},{"not_picked":["Charmbait_purple","RuleDissolution_purple"],"picked":"ButterflyHabitatTemple_purple","floor":18},{"not_picked":[],"picked":"Price_of_realm_purpleEX","floor":19},{"not_picked":["Line_surface_state_purple","Mirror_FormAndEmptin_purple+1"],"picked":"Mirror_Drifter_purple","floor":22},{"not_picked":["Shallow_ocean_purpleEX","Umbrella_purple"],"picked":"OmniscientAndOmnipotent_Monster_purple","floor":23},{"not_picked":["Worldmountain_purple","StateDuplicate_purple"],"picked":"RealityDreamConfluencek_purple+1","floor":25},{"not_picked":["ExistenceContinue_purple","StateErode_purple"],"picked":"Mirror_FourBoundary_purple","floor":29},{"not_picked":["Boundary_DynamicStaticEquilibrium_purple","ButterflyHabitatTemple_purple"],"picked":"ContainerChange_purple","floor":31},{"not_picked":["ProofOfUnderstanding_purple","Mirror_TwoAndThreeElementRealm_purple"],"picked":"Know_ledgeAbilityRealm_purple","floor":33},{"not_picked":["Umbrella_purple","MeetDecomposer_purple"],"picked":"ExistenceContinue_purple+1","floor":34},{"not_picked":["Line_surface_state_purple","Umbrella_purple+1","Bait_Toxicbait_purple"],"picked":"SKIP","floor":35},{"not_picked":["Yakumo_Ran_purple","Bait_Toxicbait_purple+1"],"picked":"ExternalForce_HighSpeedFlying_purple+1","floor":37},{"not_picked":["Mirror_FormAndEmptin_purple","Umbrella_purple"],"picked":"WangLiang_OokamiKakushi_purple","floor":40},{"not_picked":["StateErode_purple+1","AdvanceAttack_purple"],"picked":"Boundary_of_Extermination_purpleEX+1","floor":45},{"not_picked":["Human_Monster_Realm_purple","ButterflyHabitatTemple_purple+1"],"picked":"LoveAcrossDimensions_purple","floor":46},{"not_picked":["SharpContractionReality_purple+1","RuptureOfTimeAndSpace_purple","MNeedle_purple"],"picked":"SKIP","floor":48},{"not_picked":["SfantasyHide_purple","StateErode_purple"],"picked":"Boundary_DreamRealityDamnation_purple","floor":49}],"player_experience":252189,"relics_obtained":[{"floor":5,"key":"Replay:Multitool"},{"floor":9,"key":"Golden Egg"},{"floor":13,"key":"MealTicket"},{"floor":25,"key":"RuthlessExorcism:ReiMu"},{"floor":26,"key":"Replay:Wax Seal"},{"floor":27,"key":"Dota2Spire:EyeOfSkadi"},{"floor":32,"key":"Dota2Spire:Dagon"},{"floor":43,"key":"The Courier"},{"floor":46,"key":"Dream Catcher"}],"event_choices":[{"damage_healed":0,"gold_gain":0,"cards_transformed":["AT_purpleEX"],"player_choice":"Transformed","damage_taken":0,"max_hp_gain":0,"max_hp_loss":0,"event_name":"Transmorgrifier","floor":21,"gold_loss":0,"cards_obtained":["WasteWire_Metro_purple"]},{"damage_healed":0,"gold_gain":0,"player_choice":"Traded Relic","damage_taken":0,"relics_obtained":["Nloth\u0027s Gift"],"max_hp_gain":0,"max_hp_loss":0,"event_name":"N\u0027loth","floor":28,"relics_lost":["Replay:Wax Seal"],"gold_loss":0},{"cards_removed":["Defend_purpleEX"],"damage_healed":0,"gold_gain":0,"player_choice":"Removed Skill","damage_taken":0,"max_hp_gain":0,"max_hp_loss":0,"event_name":"Falling","floor":36,"gold_loss":0},{"damage_healed":0,"gold_gain":999,"player_choice":"Gold","damage_taken":0,"max_hp_gain":0,"max_hp_loss":0,"event_name":"MindBloom","floor":38,"gold_loss":0,"cards_obtained":["Normality","Normality"]}],"is_beta":false,"boss_relics":[{"not_picked":["ChewingGum","Replay:Ancient Bell"],"picked":"Dota2Spire:Bloodstone"},{"not_picked":["Runic Dome","Black Star"],"picked":"Tiny House"}],"items_purged_floors":[39,41],"is_endless":false,"potions_floor_spawned":[1,4,16,22,29,31,37,40],"ascension_level":0}}