{"host":"w2hto19w79vb5o6z","time":1609404943,"event":{"mods":["BaseMod","Better Match","Better Vampires","GifTheSpireLib","Hermit","Highlight Path","JesterMod","Marisa????????","Minty Spire (QoL Compilation)","Railgun Mod","Relic Filter","Robot Space Explorer","StSLib","The Blackbeard","The Bladedancer","The Bug Knight","The Marked","The Poker Player","The Servant 0.9.4","The Wild Card","TheArtist"],"gold_per_floor":[116,116,116,41,54,54,75,75,75,26,40,40,55,55,55,55,55],"floor_reached":16,"playtime":924,"items_purged":["jesterMod:Defend"],"score":90,"play_id":"24e1712e-c73c-4b6f-bb36-fc5e4d8e1c84","local_time":"20201231035543","is_ascension_mode":false,"campfire_choices":[{"data":"jesterMod:Sickle","floor":6,"key":"SMITH"},{"data":"jesterMod:BouncingKnife","floor":8,"key":"SMITH"},{"data":"jesterMod:Precipitation","floor":15,"key":"SMITH"}],"circlet_count":0,"master_deck":["jesterMod:Strike","jesterMod:Strike","jesterMod:Strike","jesterMod:Sickle+1","jesterMod:Defend","jesterMod:Defend","jesterMod:Defend","jesterMod:Dodge","jesterMod:BouncingKnife+1","jesterMod:JackInTheBox","jesterMod:Precipitation+1","jesterMod:DancingMad"],"relics":["jesterMod:JesterCap","Golden Idol","Blood Vial"],"acts_visited":["Exordium"],"potions_floor_usage":[16,16],"damage_taken":[{"damage":6,"enemies":"Jaw Worm","floor":1,"turns":3},{"damage":1,"enemies":"2 Louse","floor":5,"turns":3},{"damage":0,"enemies":"Cultist","floor":7,"turns":3},{"damage":0,"enemies":"Looter","floor":11,"turns":4},{"damage":0,"enemies":"Large Slime","floor":13,"turns":3},{"damage":50,"enemies":"Slime Boss","floor":16,"turns":10}],"seed_played":"6878899926220039827","potions_obtained":[{"floor":7,"key":"Dexterity Potion"},{"floor":11,"key":"Dexterity Potion"}],"is_trial":false,"path_per_floor":["M","?","?","$","M","R","M","R","T","$","M","?","M","?","R","B"],"character_chosen":"THE_JESTER","items_purchased":["jesterMod:Precipitation"],"campfire_rested":0,"item_purchase_floors":[10],"current_hp_per_floor":[71,52,52,52,51,51,51,51,51,51,53,53,55,48,48,0,0],"gold":55,"neow_bonus":"TEN_PERCENT_HP_BONUS","is_daily":false,"chose_seed":false,"campfire_upgraded":3,"win_rate":0.0,"timestamp":1609404943,"path_taken":["M","?","?","$","M","R","M","R","T","$","?","?","M","?","R","BOSS"],"items_purchased_type":["Card"],"build_version":"2020-12-22","purchased_purges":1,"victory":false,"max_hp_per_floor":[77,77,77,77,77,77,77,77,77,77,77,77,77,77,77,77,77],"card_choices":[{"not_picked":["jesterMod:QuickStrike","jesterMod:DancingMad"],"picked":"jesterMod:BouncingKnife","floor":1},{"not_picked":["jesterMod:DaggerRain","jesterMod:SmokeScreen"],"picked":"jesterMod:JackInTheBox","floor":5},{"not_picked":["jesterMod:Talion","jesterMod:Schizophrenia","jesterMod:Patience"],"picked":"SKIP","floor":7},{"not_picked":["jesterMod:Frenzy","jesterMod:Arrythmia"],"picked":"jesterMod:DancingMad","floor":11},{"not_picked":["jesterMod:Disposophobia","jesterMod:LightTheWick","jesterMod:Arrythmia"],"picked":"SKIP","floor":13}],"player_experience":218907,"relics_obtained":[{"floor":9,"key":"Blood Vial"}],"event_choices":[{"damage_healed":0,"gold_gain":0,"player_choice":"Take Damage","damage_taken":19,"relics_obtained":["Golden Idol"],"max_hp_gain":0,"max_hp_loss":0,"event_name":"Golden Idol","floor":2,"gold_loss":0},{"damage_healed":0,"gold_gain":0,"player_choice":"Ignored","damage_taken":0,"max_hp_gain":0,"max_hp_loss":0,"event_name":"NoteForYourself","floor":3,"gold_loss":0},{"damage_healed":0,"gold_gain":0,"player_choice":"Leave","damage_taken":0,"max_hp_gain":0,"max_hp_loss":0,"event_name":"The Cleric","floor":12,"gold_loss":0},{"cards_removed":["jesterMod:Strike"],"damage_healed":0,"gold_gain":0,"player_choice":"Card Removal","damage_taken":7,"max_hp_gain":0,"max_hp_loss":0,"event_name":"Golden Wing","floor":14,"gold_loss":0}],"is_beta":false,"boss_relics":[],"items_purged_floors":[4],"is_endless":false,"potions_floor_spawned":[7,11],"killed_by":"Slime Boss","ascension_level":0}}