{"host":"o5or1zybx7au40zl","time":1609426159,"event":{"mods":["Act Like it!","BaseMod","Better Third Choice","Conspire","Dota2Spire","Hubris","Minty Spire (QoL Compilation)","Replay The Spire","StSLib"],"gold_per_floor":[14,33,53,68,68,103,103,129,129,129,149,149,149,163,163,288,288,312,312,337,46,64,105,105,105],"floor_reached":24,"playtime":547,"items_purged":[],"score":253,"play_id":"485a8686-0be7-4e4d-805b-32d9547af241","local_time":"20201231154919","is_ascension_mode":false,"campfire_choices":[{"floor":7,"key":"RECALL"},{"data":"Eruption","floor":13,"key":"SMITH"},{"data":"Injury","floor":15,"key":"PURGE"}],"circlet_count":0,"master_deck":["Strike_P","Strike_P","Strike_P","Strike_P","Defend_P","Defend_P","Defend_P","Eruption+1","Vigilance","CutThroughFate","CrushJoints","WreathOfFlame","Consecrate","Conclude","SignatureMove","Wish","CarveReality","ClearTheMind","FollowUp","Replay:AllIn"],"relics":["PureWater","Dota2Spire:EchoSabre","Replay:Wax Seal","Golden Idol","hubris:CrackedHourglass","Dota2Spire:LotusOrb","Regal Pillow","Gambling Chip"],"acts_visited":["Exordium","TheCity"],"potions_floor_usage":[11,16,16,23,23],"damage_taken":[{"damage":0,"enemies":"Jaw Worm","floor":1,"turns":3},{"damage":6,"enemies":"2 Louse","floor":2,"turns":2},{"damage":0,"enemies":"Cultist","floor":3,"turns":2},{"damage":7,"enemies":"Blue Slaver","floor":4,"turns":2},{"damage":32,"enemies":"Gremlin Nob","floor":6,"turns":3},{"damage":30,"enemies":"3 Sentries","floor":8,"turns":5},{"damage":5,"enemies":"Lots of Slimes","floor":11,"turns":3},{"damage":2,"enemies":"Gremlin Gang","floor":14,"turns":2},{"damage":30,"enemies":"Fading Forest","floor":16,"turns":11},{"damage":1,"enemies":"3 Byrds","floor":18,"turns":3},{"damage":26,"enemies":"Chosen","floor":20,"turns":5},{"damage":35,"enemies":"Centurion and Healer","floor":22,"turns":3},{"damage":20,"enemies":"Slavers","floor":23,"turns":3},{"damage":18,"enemies":"Shelled Parasite and Fungi","floor":24,"turns":1}],"seed_played":"4582575976012620068","potions_obtained":[{"floor":3,"key":"Elixir"},{"floor":4,"key":"Dota2Spire:HealingSalve"},{"floor":11,"key":"conspire:TimeTravelPotion"},{"floor":14,"key":"GamblersBrew"},{"floor":16,"key":"Adrenaline Potion"},{"floor":18,"key":"Death Potion"},{"floor":22,"key":"StancePotion"}],"is_trial":false,"path_per_floor":["M","M","M","M","?","E","R","E","T","?","M","?","R","M","R","B",null,"M","?","M","$","M","E","M"],"character_chosen":"WATCHER","items_purchased":["Dota2Spire:LotusOrb","Regal Pillow"],"campfire_rested":0,"item_purchase_floors":[21,21],"current_hp_per_floor":[86,80,80,73,73,41,41,11,11,11,12,96,96,94,94,72,96,95,95,69,69,34,14,0,0],"gold":105,"neow_bonus":"TWENTY_PERCENT_HP_BONUS","is_daily":false,"chose_seed":false,"campfire_upgraded":1,"win_rate":0.0,"timestamp":1609426159,"path_taken":["M","M","M","M","?","E","R","E","T","?","?","?","R","?","R","BOSS","M","?","?","$","M","E","M"],"items_purchased_type":["Relic","Relic"],"build_version":"2020-12-22","purchased_purges":0,"victory":false,"max_hp_per_floor":[86,86,86,86,86,86,86,86,86,86,86,96,96,96,96,96,96,96,96,96,96,96,96,96,96],"card_choices":[{"not_picked":["Prostrate","EmptyMind"],"picked":"CutThroughFate","floor":1},{"not_picked":["Prostrate","Collect","Replay:ManipulateFuture"],"picked":"SKIP","floor":2},{"not_picked":["Replay:AtTheReady","Meditate"],"picked":"CrushJoints","floor":3},{"not_picked":["FollowUp","Halt"],"picked":"WreathOfFlame","floor":4},{"not_picked":["Sanctity","EmptyFist"],"picked":"Consecrate","floor":6},{"not_picked":["FlyingSleeves","Prostrate"],"picked":"DeusExMachina","floor":8},{"not_picked":["Weave","Prostrate"],"picked":"Conclude","floor":11},{"not_picked":["Halt","Replay:ManipulateFuture"],"picked":"SignatureMove","floor":14},{"not_picked":["ConjureBlade","Brilliance"],"picked":"Wish","floor":16},{"not_picked":["WaveOfTheHand","FlurryOfBlows"],"picked":"CarveReality","floor":18},{"not_picked":["PathToVictory","Consecrate"],"picked":"FollowUp","floor":20},{"not_picked":["SandsOfTime","LikeWater+1","Replay:BluntJabs"],"picked":"SKIP","floor":22},{"not_picked":["Meditate+1","Replay:Hum"],"picked":"Replay:AllIn","floor":23}],"player_experience":917479,"relics_obtained":[{"floor":6,"key":"Dota2Spire:EchoSabre"},{"floor":8,"key":"Replay:Wax Seal"},{"floor":23,"key":"Gambling Chip"}],"event_choices":[{"damage_healed":0,"gold_gain":0,"player_choice":"Ignored","damage_taken":0,"max_hp_gain":0,"max_hp_loss":0,"event_name":"Golden Wing","floor":5,"gold_loss":0},{"damage_healed":0,"gold_gain":0,"player_choice":"Take Wound","damage_taken":0,"relics_obtained":["Golden Idol"],"max_hp_gain":0,"max_hp_loss":0,"event_name":"Golden Idol","floor":10,"gold_loss":0,"cards_obtained":["Injury"]},{"cards_removed":["DeusExMachina"],"damage_healed":74,"gold_gain":0,"player_choice":"Offered Rare","damage_taken":0,"max_hp_gain":10,"max_hp_loss":0,"event_name":"Bonfire Elementals","floor":12,"gold_loss":0},{"damage_healed":0,"gold_gain":0,"cards_transformed":["Defend_P"],"player_choice":"Transformed","damage_taken":0,"max_hp_gain":0,"max_hp_loss":0,"event_name":"Transmorgrifier","floor":19,"gold_loss":0,"cards_obtained":["ClearTheMind"]}],"is_beta":false,"boss_relics":[{"not_picked":["Replay:Grab Bag","Tiny House"],"picked":"hubris:CrackedHourglass"}],"items_purged_floors":[],"is_endless":false,"potions_floor_spawned":[3,4,11,14,16,18,22],"killed_by":"Shelled Parasite and Fungi","ascension_level":0}}