{"host":"yp47u74hk6n79vj1","time":1609381453,"event":{"mods":["BaseMod","Colored Map","Highlight Path","Minty Spire (QoL Compilation)"],"gold_per_floor":[109,184,184,194,208,240,253,253,253,253,253,31,63,73,73,73,73],"floor_reached":16,"playtime":391,"items_purged":["Strike_R"],"score":121,"play_id":"080c430a-26e9-4294-970b-ad8bd15054a0","local_time":"20201230212413","is_ascension_mode":true,"campfire_choices":[{"data":"Barricade","floor":8,"key":"SMITH"},{"data":"Fire Breathing","floor":10,"key":"SMITH"},{"data":"Juggernaut","floor":15,"key":"SMITH"}],"circlet_count":0,"master_deck":["Strike_R","Strike_R","Strike_R","Strike_R","Defend_R","Defend_R","Defend_R","Defend_R","Fire Breathing+1","Whirlwind","Inflame","Seeing Red","Barricade+1","Inflame","Juggernaut+1"],"relics":["Burning Blood","Gremlin Horn","Membership Card","The Courier"],"acts_visited":["Exordium"],"potions_floor_usage":[6,16,16],"damage_taken":[{"damage":34,"enemies":"Jaw Worm","floor":1,"turns":6},{"damage":0,"enemies":"Cultist","floor":4,"turns":4},{"damage":1,"enemies":"2 Louse","floor":5,"turns":2},{"damage":31,"enemies":"Lagavulin","floor":6,"turns":5},{"damage":7,"enemies":"Exordium Wildlife","floor":7,"turns":3},{"damage":27,"enemies":"3 Sentries","floor":13,"turns":4},{"damage":5,"enemies":"Gremlin Gang","floor":14,"turns":4},{"damage":13,"enemies":"Hexaghost","floor":16,"turns":10}],"seed_played":"4720629532032239493","potions_obtained":[{"floor":1,"key":"DistilledChaos"},{"floor":6,"key":"Weak Potion"},{"floor":7,"key":"FearPotion"}],"is_trial":false,"path_per_floor":["M","?","?","M","M","E","M","R","T","R","?","$","E","M","R","B"],"character_chosen":"IRONCLAD","items_purchased":["Membership Card","Inflame"],"campfire_rested":0,"item_purchase_floors":[12,12],"current_hp_per_floor":[52,41,41,47,52,27,26,26,26,26,31,31,10,11,11,0,0],"gold":73,"neow_bonus":"REMOVE_CARD","is_daily":false,"chose_seed":false,"campfire_upgraded":3,"win_rate":0.0,"timestamp":1609381453,"path_taken":["M","?","?","?","M","E","M","R","T","R","?","$","E","M","R","BOSS"],"items_purchased_type":["Relic","Card"],"build_version":"2020-12-22","purchased_purges":1,"victory":false,"max_hp_per_floor":[80,80,80,80,80,80,80,80,80,80,85,85,85,85,85,85,85],"card_choices":[{"not_picked":["Sentinel","Burning Pact"],"picked":"Fire Breathing","floor":1},{"not_picked":["True Grit","Power Through"],"picked":"Whirlwind","floor":4},{"not_picked":["Sword Boomerang","Headbutt"],"picked":"Inflame","floor":5},{"not_picked":["Dual Wield","Havoc"],"picked":"Seeing Red","floor":6},{"not_picked":["Clash","Spot Weakness"],"picked":"Barricade","floor":7},{"not_picked":["Iron Wave","Sword Boomerang"],"picked":"Juggernaut","floor":13},{"not_picked":["Wild Strike","Anger","Perfected Strike"],"picked":"SKIP","floor":14}],"player_experience":588062,"relics_obtained":[{"floor":6,"key":"Gremlin Horn"},{"floor":13,"key":"The Courier"}],"event_choices":[{"damage_healed":0,"gold_gain":75,"player_choice":"Gather Gold","damage_taken":11,"max_hp_gain":0,"max_hp_loss":0,"event_name":"World of Goop","floor":2,"gold_loss":0},{"damage_healed":0,"gold_gain":0,"player_choice":"Bought 0 Potions","damage_taken":0,"max_hp_gain":0,"max_hp_loss":0,"event_name":"The Woman in Blue","floor":3,"gold_loss":0},{"damage_healed":0,"gold_gain":0,"player_choice":"Donut","damage_taken":0,"max_hp_gain":5,"max_hp_loss":0,"event_name":"Big Fish","floor":11,"gold_loss":0}],"is_beta":false,"boss_relics":[],"items_purged_floors":[12],"is_endless":false,"potions_floor_spawned":[1,6,7],"killed_by":"Hexaghost","ascension_level":2}}