{"host":"wbdly04l9mkn9nrc","time":1609400765,"event":{"mods":["AchievementEnabler","BaseMod","BetterRewards","Minty Spire (QoL Compilation)","StSLib","[IsaacMod]ÒÔÈö¼âËþ"],"gold_per_floor":[490,490,490,508,534,534,565,574,574,650,677,759,759,115,115,189,239,266,266,266,266,266,266,266,266,266,266,266,266,273,308,308,390,390,422,447,447,447,447,456,456,489,489,489,489,489,516,534,534,534,534,534,534,534,567,574],"floor_reached":57,"playtime":2223,"items_purged":["Strike_G","Defend_G","Defend_G","Infinite Blades","Strike_G","Strike_G","Defend_G","Strike_G","Defend_G","Strike_G+1","Deflect","Defend_G+1","Cloak And Dagger","Blade Dance"],"score":4533,"play_id":"b9e4586d-431f-4814-b8ab-2c9c89253f49","local_time":"20201231154605","is_ascension_mode":true,"campfire_choices":[{"floor":6.0,"key":"DIG"},{"floor":13.0,"key":"DIG"},{"data":"Adrenaline","floor":15.0,"key":"SMITH"},{"floor":25.0,"key":"RECALL"},{"floor":32,"key":"REST"},{"floor":40,"key":"REST"},{"floor":49,"key":"REST"},{"floor":53,"key":"DIG"}],"circlet_count":3,"master_deck":["AscendersBane","Neutralize+1","Blade Dance+1","Infinite Blades+1","Finisher+1","Accuracy+1","Noxious Fumes+1","Adrenaline+1","Choke+1","Poisoned Stab+1","Dagger Throw+1","Deadly Poison+1","Wraith Form v2+1","Poisoned Stab+1","Bullet Time+1","Cloak And Dagger+1","Expertise+1","Backflip+1","Cloak And Dagger+1","A Thousand Cuts+1","Blur+1","Blade Dance+1","Blade Dance+1","Acrobatics+1","Terror+1","Adrenaline+1","Phantasmal Killer+1","Cloak And Dagger+1","Catalyst+1","Acrobatics+1","Noxious Fumes+1","Envenom+1","Finisher+1"],"relics":["Ring of the Snake","HushsDoor","TheBible","Lee\u0027s Waffle","PreservedInsect","SteamSale","Frozen Egg 2","Membership Card","Boot","Art of War","Oddly Smooth Stone","Blue Candle","Nunchaku","OrangePellets","Vajra","Matryoshka","Toolbox","Ancient Tea Set","Bag of Marbles","TheBattery","Ninja Scroll","Mummified Hand","Strange Spoon","Happy Flower","Gremlin Horn","TheAbacus","GuppysPaw","HandDrill","Tiny Chest","Anchor","Sling","FossilizedHelix","Leech","Pen Nib","Habit","TungstenRod","Singing Bowl","Toy Ornithopter","CeramicFish","HornCleat","ClockworkSouvenir","BookOfRevelations","Shovel","TheBean","Blood Vial","Dead Branch","Lantern","Turnip","PillsDrop","Orrery","Strawberry","ForgetMeNow","DollysMirror","Sundial","SalivaCoin","NineVolt","War Paint","BFFS","Lizard Tail","Potion Belt","Pantograph","Dream Catcher","White Beast Statue","Medical Kit","Juzu Bracelet","Question Card","TwistedFunnel","Thread and Needle","DeathBook","Akabeko","Snake Skull","Regal Pillow","Omamori","AnarchistCookbook","GnawedLeaf","Darkstone Periapt","BookofShadows","Whetstone","Chemical X","StoneCalendar","SatanicBible","HowToJump","Cauldron","Chaos","Centennial Puzzle","MoneyPower","Paper Crane","Champion Belt","Kunai","WingedGreaves","Bird Faced Urn","Magic Flower","DeadEye","Mango","Incubus","Void","Ring of the Serpent","Charon\u0027s Ashes","Bag of Preparation","InkBottle","SlaversCollar","Black Star","StrikeDummy","CaptainsWheel","Pear","GuppysTail","GuppysHead","SacredBark","Mercury Hourglass","Du-Vu Doll","Red Skull","BelialBook","Molten Egg 2","Gambling Chip","Shuriken","Toxic Egg 2","Orichalcum","Letter Opener","Calipers","Ginger","ChampionBelt","Cursed Key","Cables","D4","HoveringKite","Bronze Scales","Unceasing Top","BlankCard","SharpPlug","Self Forming Clay","D6","Diplopia","Tough Bandages","MealTicket","Empty Cage","The Courier","Eternal Feather","Ornamental Fan","Tiny House","Circlet","Burning Blood"],"acts_visited":["Exordium","TheCity","TheBeyond","TheEnding"],"potions_floor_usage":[31],"damage_taken":[{"damage":0.0,"enemies":"Lagavulin","floor":1.0,"turns":1.0},{"damage":0.0,"enemies":"3 Sentries","floor":5.0,"turns":1.0},{"damage":0.0,"enemies":"Gremlin Nob","floor":7.0,"turns":1.0},{"damage":0.0,"enemies":"Lagavulin","floor":11.0,"turns":1.0},{"damage":0.0,"enemies":"Jaw Worm","floor":14.0,"turns":1.0},{"damage":0.0,"enemies":"Slime Boss","floor":16.0,"turns":1.0},{"damage":0.0,"enemies":"Slavers","floor":18.0,"turns":1.0},{"damage":0.0,"enemies":"Book of Stabbing","floor":23.0,"turns":1.0},{"damage":0,"enemies":"Slavers","floor":31,"turns":2},{"damage":0,"enemies":"Collector","floor":33,"turns":1},{"damage":0,"enemies":"Nemesis","floor":35,"turns":1},{"damage":0,"enemies":"Mind Bloom Boss Battle","floor":36,"turns":1},{"damage":0,"enemies":"Reptomancer","floor":42,"turns":1},{"damage":0,"enemies":"Giant Head","floor":47,"turns":1},{"damage":0,"enemies":"3 Darklings","floor":48,"turns":1},{"damage":0,"enemies":"Donu and Deca","floor":50,"turns":1},{"damage":0,"enemies":"Awakened One","floor":51,"turns":2},{"damage":0,"enemies":"Shield and Spear","floor":55,"turns":1},{"damage":0,"enemies":"The Heart","floor":56,"turns":4}],"seed_played":"-7002047485856764203","potions_obtained":[{"floor":0.0,"key":"Fruit Juice"},{"floor":0.0,"key":"CunningPotion"},{"floor":0.0,"key":"Regen Potion"},{"floor":0.0,"key":"SkillPotion"},{"floor":0.0,"key":"SkillPotion"},{"floor":33,"key":"SteroidPotion"}],"is_trial":false,"path_per_floor":["M","$","?","$","M","R","E","$","T","T","E","?","R","M","R","B",null,"M","?","$","?","T","E","T","R","T","?","?","T","?","M","R","B",null,"M","?","?","T","T","R","$","E","T","?","$","T","M","M","R","B","B",null,"R","$","E","B",null],"character_chosen":"THE_SILENT","items_purchased":["Lee\u0027s Waffle","PreservedInsect","Blade Dance","Infinite Blades","SteamSale","Cloak And Dagger","Frozen Egg 2","Membership Card","Boot","Art of War","Oddly Smooth Stone","Blue Candle","Infinite Blades+1","Nunchaku","OrangePellets","Finisher","Vajra","Matryoshka","Toolbox","Blade Dance","Ancient Tea Set","Bag of Marbles","TheBattery","Ninja Scroll","Mummified Hand","Strange Spoon","Happy Flower","Gremlin Horn","TheAbacus","GuppysPaw","HandDrill","Tiny Chest","Accuracy+1","Anchor","Sling","FossilizedHelix","Leech","Pen Nib","Habit","TungstenRod","Singing Bowl","Toy Ornithopter","CeramicFish","HornCleat","ClockworkSouvenir","BookOfRevelations","Shovel","TheBean","Blood Vial","Dead Branch","Lantern","Turnip","PillsDrop","Orrery","Strawberry","ForgetMeNow","DollysMirror","Sundial","SalivaCoin","NineVolt","War Paint","BFFS","Lizard Tail","Potion Belt","Pantograph","Dream Catcher","White Beast Statue","Medical Kit","Juzu Bracelet","Question Card","TwistedFunnel","Thread and Needle","DeathBook","Noxious Fumes+1","Akabeko","Snake Skull","Regal Pillow","Omamori","AnarchistCookbook","GnawedLeaf","Darkstone Periapt","BookofShadows","Whetstone","Chemical X","StoneCalendar","SatanicBible","HowToJump","Cauldron","Chaos","Centennial Puzzle","MoneyPower","Paper Crane","Champion Belt","Kunai","WingedGreaves","Bird Faced Urn","Magic Flower","DeadEye","Mango","Incubus","Void","Ring of the Serpent","Charon\u0027s Ashes","Bag of Preparation","InkBottle","SlaversCollar","Black Star","StrikeDummy","CaptainsWheel","Pear","GuppysTail","GuppysHead","SacredBark","Mercury Hourglass","Du-Vu Doll","Red Skull","BelialBook","Molten Egg 2","Choke+1","Gambling Chip","Poisoned Stab+1","Dagger Throw+1","Shuriken","Toxic Egg 2","Deadly Poison+1","Orichalcum","Wraith Form v2+1","Poisoned Stab+1","Bullet Time+1","Cloak And Dagger+1","Expertise+1","Backflip+1","Cloak And Dagger+1","A Thousand Cuts+1","Letter Opener","Calipers","Blur+1","Ginger","Blade Dance+1","ChampionBelt","Blade Dance+1","Acrobatics+1","Terror+1","Adrenaline+1","Phantasmal Killer+1","Cloak And Dagger+1","Cursed Key","HoveringKite","Bronze Scales","Unceasing Top","Catalyst+1","Acrobatics+1","Tough Bandages","MealTicket","Empty Cage","Noxious Fumes+1"],"campfire_rested":3,"item_purchase_floors":[0,0,0,0,0,0,0,0,0,0,0,0,0,0,0,0,0,0,0,0,0,0,0,0,0,0,0,0,0,0,0,0,0,0,0,0,0,0,0,0,0,0,0,0,0,0,0,0,0,0,0,0,0,0,0,0,0,0,0,0,0,0,0,0,0,0,0,0,0,0,0,0,0,0,0,0,0,0,0,0,0,0,0,0,0,0,0,0,0,0,0,0,0,0,0,0,0,0,0,0,0,0,0,0,0,0,0,0,0,0,0,0,0,0,0,0,0,0,0,0,0,0,0,0,0,0,0,0,0,0,0,0,0,0,0,0,0,0,0,0,0,0,0,0,0,0,0,4,4,4,4,4,8,8,8,8],"current_hp_per_floor":[129,129,129,129,131,131,133,133,133,133,135,125,135,137,137,139,146,158,158,158,158,158,158,158,158,158,158,158,158,109,139,165,165,165,165,165,157,157,157,157,157,157,157,157,157,157,157,159,161,161,161,161,166,166,168,168],"gold":574,"neow_bonus":"","is_daily":false,"chose_seed":false,"campfire_upgraded":1,"win_rate":0.0,"timestamp":1609400765,"path_taken":["M","$","?","?","M","R","E","?","T","?","E","?","R","M","R","BOSS","M","?","$","?","?","E","?","R","T","?","?","?","?","M","R","BOSS","M","?","?","?","?","R","?","E","T","?","$","?","M","M","R","BOSS","BOSS","R","$","E","BOSS"],"items_purchased_type":["Relic","Relic","Card","Card","Relic","Card","Relic","Relic","Relic","Relic","Relic","Relic","Card","Relic","Relic","Card","Relic","Relic","Relic","Card","Relic","Relic","Relic","Relic","Relic","Relic","Relic","Relic","Relic","Relic","Relic","Relic","Card","Relic","Relic","Relic","Relic","Relic","Relic","Relic","Relic","Relic","Relic","Relic","Relic","Relic","Relic","Relic","Relic","Relic","Relic","Relic","Relic","Relic","Relic","Relic","Relic","Relic","Relic","Relic","Relic","Relic","Relic","Relic","Relic","Relic","Relic","Relic","Relic","Relic","Relic","Relic","Relic","Card","Relic","Relic","Relic","Relic","Relic","Relic","Relic","Relic","Relic","Relic","Relic","Relic","Relic","Relic","Card","Relic","Relic","Relic","Relic","Relic","Relic","Relic","Relic","Relic","Relic","Relic","Card","Relic","Relic","Relic","Relic","Relic","Relic","Relic","Relic","Relic","Relic","Relic","Relic","Relic","Relic","Relic","Relic","Relic","Card","Relic","Card","Card","Relic","Relic","Card","Relic","Card","Card","Card","Card","Card","Card","Card","Card","Relic","Relic","Card","Relic","Card","Relic","Card","Card","Card","Card","Card","Card","Relic","Relic","Relic","Relic","Card","Card","Relic","Relic","Relic","Card"],"build_version":"2020-12-22","purchased_purges":14,"victory":true,"max_hp_per_floor":[129,129,129,129,131,131,133,133,133,133,135,135,135,137,137,139,146,158,158,158,158,158,158,158,158,158,158,158,158,163,163,165,165,165,165,165,157,157,157,157,157,157,157,157,157,157,157,159,161,161,161,161,166,166,168,168],"card_choices":[{"not_picked":["Flying Knee","Escape Plan","Grand Finale"],"picked":"Singing Bowl","floor":0.0},{"not_picked":["Outmaneuver","Acrobatics","Underhanded Strike"],"picked":"Singing Bowl","floor":0.0},{"not_picked":["Dodge and Roll","Dagger Throw","Adrenaline"],"picked":"Singing Bowl","floor":0.0},{"not_picked":["Deadly Poison","Dagger Spray","Flying Knee"],"picked":"Singing Bowl","floor":0.0},{"not_picked":["Reflex","Deflect","Bomb"],"picked":"Singing Bowl","floor":0.0},{"not_picked":["Reflex","Bomb"],"picked":"Deflect","floor":0.0},{"not_picked":["Dodge and Roll","Dagger Throw"],"picked":"Adrenaline","floor":0.0},{"not_picked":["PiercingWail","Sucker Punch","Backflip","Blur"],"picked":"Singing Bowl","floor":0.0},{"not_picked":["Deadly Poison","Dagger Spray","Flying Knee"],"picked":"Singing Bowl","floor":0.0},{"not_picked":["Grand Finale+1","Distraction+1","Doppelganger+1","PiercingWail+1"],"picked":"Singing Bowl","floor":1.0},{"not_picked":["Eviscerate+1","Bomb","Deflect+1","Riddle With Holes+1"],"picked":"Singing Bowl","floor":5.0},{"not_picked":["Endless Agony+1","Cloak And Dagger+1","Sucker Punch+1","Well Laid Plans+1"],"picked":"Singing Bowl","floor":7.0},{"not_picked":["Flying Knee+1","Prepared+1","Underhanded Strike+1","PiercingWail+1"],"picked":"Singing Bowl","floor":11.0},{"not_picked":["Crippling Poison+1","Poisoned Stab+1","Endless Agony+1","Flying Knee+1"],"picked":"Singing Bowl","floor":14.0},{"not_picked":["After Image+1","Phantasmal Killer+1","Unload+1","Glass Knife+1"],"picked":"Singing Bowl","floor":16.0},{"not_picked":["Well Laid Plans+1","Dagger Throw+1","Dodge and Roll+1","Backflip+1"],"picked":"Singing Bowl","floor":17.0},{"not_picked":["Outmaneuver+1","Flying Knee+1","Deadly Poison+1","Poisoned Stab+1"],"picked":"Singing Bowl","floor":18.0},{"not_picked":["Eviscerate+1","Backflip+1","Flying Knee+1","Reflex+1"],"picked":"SKIP","floor":23.0},{"not_picked":["Accuracy+1","Crippling Poison+1","Blade Dance+1","Dagger Throw+1"],"picked":"SKIP","floor":31},{"not_picked":["Acrobatics+1","Dodge and Roll+1","A Thousand Cuts+1","Quick Slash+1"],"picked":"Singing Bowl","floor":32},{"not_picked":["Burst+1","Malaise+1","Die Die Die+1"],"picked":"Envenom+1","floor":33},{"not_picked":["Slice+1","Outmaneuver+1","Prepared+1","Blade Dance+1"],"picked":"SKIP","floor":35},{"not_picked":["Dagger Spray+1","Quick Slash+1","Phantasmal Killer+1"],"picked":"Finisher+1","floor":40},{"not_picked":["Flying Knee+1","Expertise+1","Setup+1","Acrobatics+1"],"picked":"SKIP","floor":42},{"not_picked":["Catalyst+1","Footwork+1","Blur+1","Caltrops+1"],"picked":"SKIP","floor":47},{"not_picked":["Dagger Throw+1","Flying Knee+1","Backstab+1","Finisher+1"],"picked":"Singing Bowl","floor":48},{"not_picked":["Venomology+1","Dagger Throw+1","Dagger Spray+1","Outmaneuver+1"],"picked":"Singing Bowl","floor":49},{"not_picked":["Envenom+1","Deflect+1","Quick Slash+1","PiercingWail+1"],"picked":"Singing Bowl","floor":55}],"player_experience":165834,"relics_obtained":[{"floor":1.0,"key":"Cables"},{"floor":1.0,"key":"D4"},{"floor":5.0,"key":"BlankCard"},{"floor":5.0,"key":"SharpPlug"},{"floor":6.0,"key":"Self Forming Clay"},{"floor":7.0,"key":"D6"},{"floor":7.0,"key":"Diplopia"},{"floor":11.0,"key":"The Courier"},{"floor":11.0,"key":"Eternal Feather"},{"floor":13.0,"key":"Ornamental Fan"},{"floor":18.0,"key":"Circlet"},{"floor":18.0,"key":"Circlet"},{"floor":53,"key":"Circlet"}],"event_choices":[{"damage_healed":0.0,"max_hp_gain":0.0,"max_hp_loss":0.0,"gold_gain":0.0,"event_name":"Living Wall","player_choice":"Grow","floor":3.0,"gold_loss":0.0,"damage_taken":0.0,"cards_upgraded":["Finisher"]},{"damage_healed":0.0,"max_hp_gain":0.0,"max_hp_loss":0.0,"gold_gain":75.0,"event_name":"World of Goop","player_choice":"Gather Gold","floor":12.0,"gold_loss":0.0,"damage_taken":11.0},{"damage_healed":32.0,"max_hp_gain":0.0,"max_hp_loss":0.0,"gold_gain":0.0,"event_name":"The Library","player_choice":"Heal","floor":19.0,"gold_loss":0.0,"damage_taken":0.0},{"damage_healed":0.0,"max_hp_gain":0.0,"max_hp_loss":0.0,"gold_gain":0.0,"event_name":"Ghosts","player_choice":"Ignored","floor":21.0,"gold_loss":0.0,"damage_taken":0.0},{"damage_healed":0.0,"max_hp_gain":0.0,"max_hp_loss":0.0,"gold_gain":0.0,"event_name":"Back to Basics","player_choice":"Simplicity","floor":27.0,"gold_loss":0.0,"damage_taken":0.0,"cards_upgraded":[]},{"damage_healed":0,"gold_gain":0,"player_choice":"Shed Blood","damage_taken":55,"max_hp_gain":5,"max_hp_loss":0,"event_name":"Forgotten Altar","floor":30,"gold_loss":0},{"damage_healed":0,"gold_gain":0,"player_choice":"Fight","damage_taken":0,"max_hp_gain":0,"max_hp_loss":0,"event_name":"MindBloom","floor":36,"gold_loss":0},{"damage_healed":0,"gold_gain":0,"player_choice":"Max HP","damage_taken":0,"max_hp_gain":0,"max_hp_loss":8,"event_name":"Winding Halls","floor":37,"gold_loss":0}],"is_beta":false,"boss_relics":[{"not_picked":["Torii","MegaBlast"],"picked":"Tiny House"},{"not_picked":[]},{"not_picked":["Snecko Eye","Mark of Pain"],"picked":"Burning Blood"},{"not_picked":[]}],"items_purged_floors":[0,0,0,0,0,0,0,0,0,0,0,0,0,8],"is_endless":false,"potions_floor_spawned":[1,14,16,33,36,47,48],"ascension_level":20}}