{"host":"ci7ivtocgfxh0ueo","time":1609387340,"event":{"mods":["BaseMod","GifTheSpireLib","Minty Spire (QoL Compilation)","StSLib"],"gold_per_floor":[114,264,277,277,55,81,81,92,142,167,167,185,185,205,205,279,279,293,305,123,123,123,123,137,87,87,87,104,114,114,114],"floor_reached":30,"playtime":638,"items_purged":["Doubt"],"score":472,"play_id":"229e8859-e8aa-4163-a9f0-6047af1ff585","local_time":"20201231120220","is_ascension_mode":true,"campfire_choices":[{"data":"Armaments","floor":7,"key":"SMITH"},{"data":"Spot Weakness","floor":11,"key":"SMITH"},{"data":"Heavy Blade","floor":15,"key":"SMITH"},{"floor":23,"key":"REST"},{"floor":27,"key":"REST"}],"circlet_count":0,"master_deck":["AscendersBane","Strike_R","Strike_R","Defend_R","Defend_R","Defend_R","Bash","Twin Strike","Armaments+1","Spot Weakness+1","Rage","Battle Trance","Heavy Blade+1","Feed","Immolate","Inflame+1","Burning Pact+1","Dual Wield+1","Flex","Impervious","Panacea","Writhe","Decay","Intimidate"],"relics":["Burning Blood","NeowsBlessing","StrikeDummy","Matryoshka","Question Card","Art of War","Odd Mushroom","Astrolabe","Vajra","Red Skull","Happy Flower"],"acts_visited":["Exordium","TheCity"],"potions_floor_usage":[10,10,12,14,24,24,29,30],"damage_taken":[{"damage":0,"enemies":"Jaw Worm","floor":1,"turns":1},{"damage":0,"enemies":"Small Slimes","floor":3,"turns":1},{"damage":0,"enemies":"Lagavulin","floor":6,"turns":1},{"damage":1,"enemies":"Cultist","floor":8,"turns":3},{"damage":5,"enemies":"The Mushroom Lair","floor":10,"turns":5},{"damage":8,"enemies":"3 Louse","floor":12,"turns":3},{"damage":0,"enemies":"2 Fungi Beasts","floor":14,"turns":3},{"damage":48,"enemies":"Slime Boss","floor":16,"turns":8},{"damage":11,"enemies":"Spheric Guardian","floor":18,"turns":3},{"damage":38,"enemies":"Shell Parasite","floor":19,"turns":4},{"damage":10,"enemies":"Snake Plant","floor":24,"turns":2},{"damage":35,"enemies":"Sentry and Sphere","floor":28,"turns":6},{"damage":7,"enemies":"Snecko","floor":29,"turns":5},{"damage":38,"enemies":"Shelled Parasite and Fungi","floor":30,"turns":3}],"seed_played":"-2413583486833343382","potions_obtained":[{"floor":6,"key":"GamblersBrew"},{"floor":10,"key":"GamblersBrew"},{"floor":12,"key":"DistilledChaos"},{"floor":19,"key":"Fire Potion"},{"floor":28,"key":"Block Potion"},{"floor":29,"key":"LiquidMemories"}],"is_trial":false,"path_per_floor":["M","?","M","T","$","E","R","M","T","?","R","M","?","M","R","B",null,"M","M","$","?","?","R","M","?","T","R","M","M","M"],"character_chosen":"IRONCLAD","items_purchased":["Spot Weakness","AttackPotion","DistilledChaos","Panacea"],"campfire_rested":2,"item_purchase_floors":[5,5,20,20],"current_hp_per_floor":[74,74,75,75,75,75,75,75,75,75,75,73,73,75,75,33,65,60,28,28,28,28,50,46,46,46,68,39,38,0,0],"gold":114,"neow_bonus":"THREE_ENEMY_KILL","is_daily":false,"chose_seed":false,"campfire_upgraded":3,"win_rate":0.0,"timestamp":1609387340,"path_taken":["M","?","M","?","$","E","R","M","T","?","R","M","?","M","R","BOSS","M","M","$","?","?","R","M","?","T","R","?","M","M"],"items_purchased_type":["Card","Potion","Potion","Card"],"build_version":"2020-12-22","purchased_purges":1,"victory":false,"max_hp_per_floor":[75,75,75,75,75,75,75,75,75,75,75,75,75,75,75,75,75,75,75,75,75,75,75,75,75,75,75,75,75,75,75],"card_choices":[{"not_picked":["Headbutt","Warcry"],"picked":"Twin Strike","floor":1},{"not_picked":["Sever Soul","Shockwave"],"picked":"Armaments","floor":3},{"not_picked":["Rupture","Clothesline"],"picked":"Rage","floor":6},{"not_picked":["Burning Pact","Sword Boomerang","Clash"],"picked":"SKIP","floor":8},{"not_picked":["Wild Strike","Shrug It Off","Body Slam"],"picked":"Battle Trance","floor":10},{"not_picked":["Iron Wave","Flex","Wild Strike"],"picked":"Heavy Blade","floor":12},{"not_picked":["Metallicize","Twin Strike","Body Slam"],"picked":"Feed","floor":14},{"not_picked":["Limit Break","Fiend Fire","Brutality"],"picked":"Immolate","floor":16},{"not_picked":["Anger","Clothesline","Body Slam"],"picked":"Flex","floor":18},{"not_picked":["Battle Trance","Fire Breathing","Dark Embrace+1"],"picked":"Impervious","floor":19},{"not_picked":["Hemokinesis","Twin Strike","Clothesline","Second Wind"],"picked":"SKIP","floor":24},{"not_picked":["Sentinel","Burning Pact","Iron Wave","Anger"],"picked":"SKIP","floor":28},{"not_picked":["Hemokinesis","Blood for Blood","Feed"],"picked":"Intimidate","floor":29}],"player_experience":1316095,"relics_obtained":[{"floor":4,"key":"StrikeDummy"},{"floor":6,"key":"Matryoshka"},{"floor":9,"key":"Question Card"},{"floor":9,"key":"Art of War"},{"floor":10,"key":"Odd Mushroom"},{"floor":26,"key":"Red Skull"},{"floor":26,"key":"Happy Flower"}],"event_choices":[{"damage_healed":0,"gold_gain":150,"player_choice":"AGREE","damage_taken":0,"max_hp_gain":0,"max_hp_loss":0,"event_name":"Liars Game","floor":2,"gold_loss":0,"cards_obtained":["Doubt"]},{"damage_healed":0,"gold_gain":0,"player_choice":"Fought Mushrooms","damage_taken":0,"max_hp_gain":0,"max_hp_loss":0,"event_name":"Mushrooms","floor":10,"gold_loss":0},{"cards_removed":["Strike_R"],"damage_healed":0,"gold_gain":0,"player_choice":"Purged","damage_taken":0,"max_hp_gain":0,"max_hp_loss":0,"event_name":"Purifier","floor":13,"gold_loss":0},{"damage_healed":0,"gold_gain":0,"player_choice":"Opened","damage_taken":0,"relics_obtained":["Vajra"],"max_hp_gain":0,"max_hp_loss":0,"event_name":"The Mausoleum","floor":21,"gold_loss":0,"cards_obtained":["Writhe"]},{"damage_healed":0,"gold_gain":0,"player_choice":"Smashed Altar","damage_taken":0,"max_hp_gain":0,"max_hp_loss":0,"event_name":"Forgotten Altar","floor":22,"gold_loss":0,"cards_obtained":["Decay"]},{"damage_healed":0,"gold_gain":0,"player_choice":"Bet on Murderer","damage_taken":0,"max_hp_gain":0,"max_hp_loss":0,"event_name":"The Joust","floor":25,"gold_loss":50}],"is_beta":false,"boss_relics":[{"not_picked":["Snecko Eye","Runic Cube"],"picked":"Astrolabe"}],"items_purged_floors":[5],"is_endless":false,"potions_floor_spawned":[6,10,12,19,28,29],"killed_by":"Shelled Parasite and Fungi","ascension_level":17}}