{"host":"709gjpjg43u3i5a8","time":1609381340,"event":{"mods":["Act Like it!","BaseMod","Colored Map","Colored Powertips","Downfall","Duelist Mod","Gensokyo","GifTheSpireLib","Hallownest","Hermit","Hubris","Infinite Spire","Koishi","Marisa????????","Minty Spire (QoL Compilation)","Remilia??????","Shop Mod","StSLib","Td1madao Mod","The Administrix","The Animator","The Bug Knight","The Construct","The Cursed","The Disciple","The Hierophant","The Jungle","The Necromancer","The Poker Player","The Runesmith","The Servant 0.9.4"],"gold_per_floor":[137,137,151,151,169,201,201,226,226,226,241,275,27,53,53,148,148,166,185,95,111,111,146,164,193,193,193,46,57,87,97,97,192,192,203,203,219,219,234,234,234],"floor_reached":40,"playtime":3833,"items_purged":["theDuelist:Sparks"],"score":722,"play_id":"92e99473-4d81-41d5-a1a0-0dd45f885a5d","local_time":"20201230192220","is_ascension_mode":true,"campfire_choices":[{"data":"theDuelist:SummoningSwarm","floor":10,"key":"SMITH"},{"data":"theDuelist:NatureReflection","floor":15,"key":"SMITH"},{"data":"theDuelist:NaturiaGuardian","floor":32,"key":"SMITH"}],"circlet_count":0,"master_deck":["theDuelist:NaturiaHydrangea","theDuelist:NaturiaRosewhip","theDuelist:NaturiaRosewhip","theDuelist:NaturalDisaster+1","theDuelist:NaturiaGaiastrio+1","theDuelist:NatureReflection+1","theDuelist:NaturiaCliff","theDuelist:NaturiaForest+1","theDuelist:CastleWalls","theDuelist:NaturiaBeast","theDuelist:ExterioFang","theDuelist:NaturiaHydrangea","theDuelist:NaturiaHydrangea","theDuelist:Sparks","theDuelist:NaturiaTulip","theDuelist:SummoningSwarm+1","theDuelist:NaturiaRock","theDuelist:CastleWalls","theDuelist:NaturiaGuardian+1","theDuelist:BarkionBark+1","theDuelist:NaturiaHydrangea","theDuelist:ConvulsionNature+1","theDuelist:NaturalDisaster+1","theDuelist:NaturiaSacredTree+1","theDuelist:NaturiaParadizo","theDuelist:GracefulCharity","theDuelist:NaturiaHorneedle","theDuelist:NaturiaMarron","theDuelist:WildNatureRelease+1","infinitespire:Execution","theDuelist:NaturiaLadybug"],"relics":["theDuelist:MillenniumPuzzle","theDuelist:CardPoolRelic","theDuelist:CardPoolBasicRelic","theDuelist:BoosterPackPoolRelic","theDuelist:CardPoolAddRelic","theDuelist:CardPoolMinusRelic","theDuelist:CardPoolSaveRelic","theDuelist:CardPoolOptionsRelic","NeowsBlessing","hubris:Icosahedron","Mercury Hourglass","Frozen Egg 2","Self Forming Clay","infinitespire:EmpoweringShard","HornCleat","Oddly Smooth Stone","hubris:OldNail","Mark of Pain","infinitespire:Satchel","Pantograph","Anchor","hubris:BottledHeart","theDuelist:MillenniumRod","Metronome","Fusion Hammer","theDuelist:InsectRelic"],"acts_visited":["Exordium","TheCity","TheBeyond"],"potions_floor_usage":[30,40],"damage_taken":[{"damage":0,"enemies":"2 Louse","floor":1,"turns":2},{"damage":0,"enemies":"Small Slimes","floor":3,"turns":1},{"damage":0,"enemies":"Jaw Worm","floor":5,"turns":1},{"damage":0,"enemies":"HollowMod:MossKnight","floor":6,"turns":7},{"damage":3,"enemies":"2 Fungi Beasts","floor":11,"turns":3},{"damage":11,"enemies":"Gremlin Nob","floor":12,"turns":4},{"damage":2,"enemies":"HollowMod:MossKnight","floor":14,"turns":5},{"damage":10,"enemies":"Slime Boss","floor":16,"turns":8},{"damage":13,"enemies":"Shell Parasite","floor":18,"turns":6},{"damage":0,"enemies":"3 Byrds","floor":19,"turns":3},{"damage":6,"enemies":"Snecko","floor":21,"turns":5},{"damage":15,"enemies":"Book of Stabbing","floor":23,"turns":5},{"damage":10,"enemies":"Sentry and Sphere","floor":24,"turns":5},{"damage":0,"enemies":"theDuelist:KaibaA2","floor":25,"turns":4},{"damage":0,"enemies":"Centurion and Healer","floor":29,"turns":5},{"damage":0,"enemies":"Slavers","floor":30,"turns":5},{"damage":0,"enemies":"Shelled Parasite and Fungi","floor":31,"turns":3},{"damage":0,"enemies":"Automaton","floor":33,"turns":6},{"damage":0,"enemies":"Orb Walker","floor":35,"turns":4},{"damage":0,"enemies":"3 Shapes","floor":37,"turns":3},{"damage":0,"enemies":"Transient","floor":39,"turns":5},{"damage":24,"enemies":"Nemesis","floor":40,"turns":3}],"seed_played":"-7071891638349703837","potions_obtained":[{"floor":5,"key":"theDuelist:ElectricPotion"},{"floor":12,"key":"sneckomod:MuddlingPotion"},{"floor":16,"key":"theDuelist:CoolBottle"},{"floor":18,"key":"theDuelist:ElectricBrew"},{"floor":30,"key":"champ:CounterPotion"},{"floor":39,"key":"theDuelist:BottledKuriboh"}],"is_trial":false,"path_per_floor":["M","?","M","?","M","E","T","?","T","R","M","E","$","E","R","B",null,"M","M","?","M","?","E","M","E","T","?","$","M","E","M","R","B",null,"M","AVR","M","?","M","E"],"character_chosen":"THE_DUELIST","items_purchased":["theDuelist:NaturalDisaster+1","Oddly Smooth Stone","theDuelist:NaturiaHydrangea","theDuelist:NaturiaSacredTree+1"],"campfire_rested":0,"item_purchase_floors":[13,13,13,28],"current_hp_per_floor":[80,80,80,62,62,62,62,62,62,62,59,48,48,46,46,36,80,67,67,67,61,61,46,36,36,36,1,1,1,1,1,1,1,1,1,1,1,1,1,0,0],"gold":234,"neow_bonus":"THREE_ENEMY_KILL","is_daily":false,"chose_seed":false,"campfire_upgraded":3,"win_rate":0.0,"timestamp":1609381340,"path_taken":["M","?","M","?","M","E","?","?","T","R","M","E","?","E","R","BOSS","M","M","?","?","?","E","M","E","T","?","?","M","E","M","R","BOSS","M","AVR","?","?","M","E"],"items_purchased_type":["Card","Relic","Card","Card"],"build_version":"2020-12-22","purchased_purges":1,"victory":false,"max_hp_per_floor":[80,80,80,80,80,80,80,80,80,80,80,80,80,80,80,80,80,80,77,77,74,74,71,68,65,65,1,1,1,1,1,1,1,1,1,1,1,1,1,1,1],"card_choices":[{"not_picked":["theDuelist:NaturiaEggplant","theDuelist:NaturiaDragonfly","theDuelist:FossilDig","theDuelist:Spore"],"picked":"theDuelist:NatureReflection","floor":1},{"not_picked":["theDuelist:NaturiaHydrangea","theDuelist:NaturiaTulip","theDuelist:FossilDig","theDuelist:NaturiaCliff"],"picked":"theDuelist:SummoningSwarm","floor":3},{"not_picked":["theDuelist:NaturiaHydrangea","theDuelist:NaturiaEggplant","theDuelist:NaturiaDragonfly","theDuelist:NaturiaCliff"],"picked":"theDuelist:NaturiaGaiastrio","floor":5},{"not_picked":["theDuelist:NaturiaEggplant","theDuelist:NaturiaDragonfly","theDuelist:NaturiaStinkbug","theDuelist:FossilDig"],"picked":"theDuelist:ExterioFang","floor":6},{"not_picked":["theDuelist:NaturiaHydrangea","theDuelist:NaturiaEggplant","theDuelist:NaturiaTulip","theDuelist:NaturiaRagweed"],"picked":"theDuelist:NaturiaRosewhip","floor":11},{"not_picked":["theDuelist:SummoningSwarm","theDuelist:NaturiaTulip","theDuelist:FossilDig","theDuelist:NaturiaCliff"],"picked":"theDuelist:NaturiaHydrangea","floor":12},{"not_picked":["theDuelist:NaturiaEggplant","theDuelist:NaturiaDragonfly","theDuelist:NaturiaCliff","theDuelist:FuryFire"],"picked":"theDuelist:NaturiaHydrangea","floor":14},{"not_picked":["theDuelist:SeismicShockwave","theDuelist:MultiplicationOfAnts","theDuelist:Wildfire","theDuelist:NaturiaHorneedle"],"picked":"theDuelist:NaturiaForest+1","floor":16},{"not_picked":["theDuelist:NaturiaDragonfly+1","theDuelist:NaturiaAntjaw","theDuelist:NaturiaEggplant+1","theDuelist:NaturiaExterio+1"],"picked":"theDuelist:NaturiaRosewhip","floor":18},{"not_picked":["theDuelist:NaturiaDragonfly","theDuelist:NaturiaCliff","theDuelist:NaturiaSpiderfang","theDuelist:NaturiaLandoise"],"picked":"theDuelist:NaturiaGuardian","floor":19},{"not_picked":["theDuelist:NaturiaStrawberry","theDuelist:NaturiaSunflower","theDuelist:FossilExcavation+1","theDuelist:AfterGenocide"],"picked":"theDuelist:BarkionBark","floor":21},{"not_picked":["theDuelist:NaturiaEggplant+1","theDuelist:NaturiaDragonfly","theDuelist:NaturiaCliff","theDuelist:NaturiaExterio"],"picked":"theDuelist:NaturiaHydrangea","floor":23},{"not_picked":["theDuelist:NaturalDisaster+1","theDuelist:LairWire+1","theDuelist:Anteater+1","theDuelist:NaturiaLeodrake+1"],"picked":"theDuelist:ConvulsionNature+1","floor":24},{"not_picked":["theDuelist:Pollinosis","theDuelist:SeismicShockwave","theDuelist:NatureReflection+1","theDuelist:HuntingInstinct"],"picked":"theDuelist:NaturalDisaster+1","floor":25},{"not_picked":["theDuelist:NaturiaHydrangea","theDuelist:NaturiaEggplant","theDuelist:NaturiaDragonfly","theDuelist:NaturiaCliff"],"picked":"theDuelist:NaturiaParadizo","floor":29},{"not_picked":["theDuelist:NaturiaDragonfly","theDuelist:NaturiaRagweed","theDuelist:NaturiaStinkbug","theDuelist:NaturiaAntjaw+1"],"picked":"theDuelist:GracefulCharity","floor":30},{"not_picked":["theDuelist:BigFire","theDuelist:AttackTheMoon","theDuelist:MagicHoleGolem","theDuelist:DestructPotion","theDuelist:ChangeHeart+1"],"picked":"SKIP","floor":31},{"not_picked":["theDuelist:NaturiaForest+1","theDuelist:SeismicShockwave+1","theDuelist:NaturiaVein+1","theDuelist:HeartUnderdog+1"],"picked":"theDuelist:NaturiaHorneedle","floor":33},{"not_picked":["theDuelist:NaturiaHydrangea","theDuelist:NaturiaDragonfly","theDuelist:NaturiaRock+1","theDuelist:NaturiaSpiderfang+1"],"picked":"theDuelist:NaturiaMarron","floor":35},{"not_picked":["theDuelist:DemiseLand+1","theDuelist:BarkionBark+1","theDuelist:GracefulCharity","theDuelist:ClosedForest"],"picked":"theDuelist:WildNatureRelease+1","floor":37},{"not_picked":["hubris:Rewind","infinitespire:FinalStrike"],"picked":"infinitespire:Execution","floor":38},{"not_picked":["theDuelist:NaturiaSpiderfang+1","theDuelist:NaturiaBambooShoot+1","theDuelist:NaturiaCherries+1","theDuelist:NaturiaHorneedle"],"picked":"theDuelist:NaturiaLadybug","floor":39}],"player_experience":424973,"relics_obtained":[{"floor":6,"key":"Frozen Egg 2"},{"floor":7,"key":"Self Forming Clay"},{"floor":9,"key":"infinitespire:EmpoweringShard"},{"floor":12,"key":"HornCleat"},{"floor":14,"key":"hubris:OldNail"},{"floor":23,"key":"infinitespire:Satchel"},{"floor":25,"key":"Pantograph"},{"floor":26,"key":"Anchor"},{"floor":30,"key":"theDuelist:MillenniumRod"}],"event_choices":[{"damage_healed":0,"gold_gain":0,"player_choice":"Success","damage_taken":18,"relics_obtained":["Mercury Hourglass"],"max_hp_gain":0,"max_hp_loss":0,"event_name":"Scrap Ooze","floor":4,"gold_loss":0},{"damage_healed":0,"gold_gain":0,"player_choice":"Sold Sparks for 25 Gold.","duelist":true,"damage_taken":0,"max_hp_gain":0,"max_hp_loss":0,"event_name":"Card Trader","floor":8,"gold_loss":0},{"cards_removed":["theDuelist:CastleWalls"],"damage_healed":0,"gold_gain":0,"player_choice":"Upgrade and Remove","damage_taken":0,"max_hp_gain":0,"max_hp_loss":0,"event_name":"Designer","floor":20,"gold_loss":90,"cards_upgraded":["theDuelist:NaturiaGaiastrio"]}],"is_beta":false,"boss_relics":[{"not_picked":["Cursed Key","Tiny House"],"picked":"Mark of Pain"},{"not_picked":["hubris:VirtuousBlindfold","HoveringKite"],"picked":"Metronome"}],"items_purged_floors":[28],"is_endless":false,"potions_floor_spawned":[5,12,16,18,24,25,30,39],"killed_by":"Nemesis","ascension_level":1}}