{"host":"be3r5d8qs4ku9xfy","time":1609391441,"event":{"mods":["AchievementEnabler","Act Like it!","Aspiration","BaseMod","BetterRewards","Colored Map","Colored Powertips","Downfall","Highlight Path","Hubris","Infinite Spire","Lobotomy","Minty Spire (QoL Compilation)","Quick Restart","Replay The Spire","Shop Mod","StSLib","SuperFastMode","The Construct"],"gold_per_floor":[99,112,112,287,175,175,198,228,228,77,77,0,0,32,48,145,145,145,145,145,159,159,193,205,234,246,258,270,314,340,352,383,395,395],"floor_reached":33,"playtime":1453,"items_purged":[],"score":412,"play_id":"e6caf6b8-76f9-4068-a41e-7160ec871f19","local_time":"20201231001041","daily_mods":["Draft","Vintage","Heirloom","Time Dilation","Flight","downfall:Jewelcrafting","downfall:Lament"],"is_ascension_mode":false,"campfire_choices":[{"data":"construct:Boost","floor":13,"key":"SMITH"},{"floor":18,"key":"RECALL"}],"circlet_count":0,"master_deck":["Guardian:ExploitGems","Guardian:ExploitGems","construct:OneWayMirror","construct:SweepLaser","construct:Synchronize+1","construct:Isolate+1","construct:MetalShell","construct:ClusterMines","construct:Boost+1","construct:SweepLaser","construct:ChargeShot+1","construct:MetalShell","construct:Versatility+1","construct:SyphonStrike+1","construct:FocusedBeam+1","construct:Accumulate+1","construct:Anticipate","Doubt","CrumblingArmor","construct:ScrapCannon","construct:ShiftStrike","construct:Boost+1","Iron Wave","GreedKing","construct:FocusedBeam","OldLady","Scorched","construct:ClockworkEgg","CherryBlossoms","Murderer","construct:Accumulate","BlackSwan","Guardian:Gem_Cyan","Guardian:Gem_Lightblue","OSAHOGD","construct:SaveState+1","PunishingBird","Mercenary"],"relics":["construct:Cogwheel","Guardian:PickAxe","NeowsBlessing","construct:RocketBooster","hubris:TenFootPole","CogitoBucket","hubris:HerbalPaste","hubris:MobiusCoin","champ:DuelingGlove","champ:Barbells","aspiration:Nostalgia","Ring of the Snake","CaptainsWheel","Juzu Bracelet","aspiration:PoetsPen_weak","aspiration:Nostalgia","champ:ChampionCrown","NeowsBlessing","ChangeAnything","Smiling Mask","MawBank","Blue Doll","construct:MasterCore","NeowsBlessing","Turnip","aspiration:Lifesprig","Pen Nib","SkinProphecy","Replay:PocketPolymizer"],"acts_visited":["Exordium","TheCity"],"potions_floor_usage":[33],"damage_taken":[{"damage":0,"enemies":"2 Louse","floor":2,"turns":1},{"damage":0,"enemies":"downfall:FleeingMerchant","floor":5,"turns":1},{"damage":0,"enemies":"3 Sentries","floor":8,"turns":1},{"damage":26,"enemies":"Gremlin Nob","floor":14,"turns":5},{"damage":0,"enemies":"Cultist","floor":15,"turns":2},{"damage":14,"enemies":"downfall:Ironclad","floor":16,"turns":5},{"damage":0,"enemies":"Spheric Guardian","floor":21,"turns":1},{"damage":0,"enemies":"Nightmare","floor":23,"turns":1},{"damage":0,"enemies":"3 Cultists","floor":25,"turns":2},{"damage":0,"enemies":"Gremlin Leader","floor":29,"turns":1},{"damage":0,"enemies":"Shelled Parasite and Fungi","floor":30,"turns":1},{"damage":116,"enemies":"Centurion and Healer","floor":32,"turns":7},{"damage":5,"enemies":"downfall:Defect","floor":33,"turns":1}],"seed_played":"-3652205579469216257","potions_obtained":[{"floor":8,"key":"Reflective Coating"},{"floor":25,"key":"Block Potion"},{"floor":30,"key":"Explosive Potion"}],"is_trial":true,"path_per_floor":["R","M","WH","?","$","WH","T","E","?","$","WH","WH","R","E","M","B",null,"R_BF","WH","WH","M","WH","NM","T","M","WH","R","AVR","E","M","WH","M","B"],"character_chosen":"THE_CONSTRUCT_MOD","items_purchased":["hubris:HerbalPaste","construct:ShiftStrike","hubris:MobiusCoin","champ:Barbells"],"campfire_rested":0,"item_purchase_floors":[5,5,5,10],"current_hp_per_floor":[85,85,85,85,85,93,93,93,93,93,93,111,111,85,88,80,111,111,111,111,111,111,111,111,111,111,111,111,111,111,111,7,0,0],"gold":395,"neow_bonus":"THREE_ENEMY_KILL","is_daily":false,"chose_seed":false,"campfire_upgraded":1,"win_rate":0.0,"timestamp":1609391441,"path_taken":["R","M","WH","?","$","WH","T","E","?","$","WH","WH","R","E","M","BOSS","R_BF","WH","WH","M","WH","NM","T","M","WH","R","AVR","E","M","WH","M","BOSS"],"items_purchased_type":["Relic","Card","Relic","Relic"],"build_version":"2020-12-22","purchased_purges":0,"victory":false,"max_hp_per_floor":[85,85,85,85,85,93,93,93,93,93,93,111,111,111,111,111,111,111,111,111,111,111,111,111,111,111,111,111,111,111,111,111,113,113],"card_choices":[{"not_picked":["construct:ShiftStrike","construct:Failsafe"],"picked":"construct:OneWayMirror","floor":0},{"not_picked":["construct:CripplingShot","construct:FocusedBeam"],"picked":"construct:SweepLaser","floor":0},{"not_picked":["construct:HardReboot","construct:ModeShift"],"picked":"construct:Synchronize","floor":0},{"not_picked":["construct:ElectricArmor","construct:Backup"],"picked":"construct:Isolate","floor":0},{"not_picked":["construct:Zapper","construct:SweepLaser"],"picked":"construct:MetalShell","floor":0},{"not_picked":["construct:Versatility","construct:Accumulate"],"picked":"construct:ClusterMines","floor":0},{"not_picked":["construct:SaveState","construct:ScrapCannon"],"picked":"construct:Boost","floor":0},{"not_picked":["construct:Enhance","construct:SaveState"],"picked":"construct:SweepLaser","floor":0},{"not_picked":["construct:Hazardproof","construct:Reinforce"],"picked":"construct:ChargeShot","floor":0},{"not_picked":["construct:Overcharge","construct:ReactiveShield"],"picked":"construct:MetalShell","floor":0},{"not_picked":["construct:ScrapCannon","construct:SaveState"],"picked":"construct:Versatility","floor":0},{"not_picked":["construct:BatteryAcid","construct:Boost"],"picked":"construct:SyphonStrike","floor":0},{"not_picked":["construct:GuardCore","construct:ClusterMines"],"picked":"construct:FocusedBeam","floor":0},{"not_picked":["construct:ShiftStrike","construct:FlakBarrage"],"picked":"construct:Accumulate","floor":0},{"not_picked":["construct:ShiftStrike","construct:Autoturret"],"picked":"construct:Anticipate","floor":0},{"not_picked":["OldLady","WhitesApple"],"picked":"CrumblingArmor","floor":5},{"not_picked":["construct:Autoturret","construct:ElectricArmor"],"picked":"construct:ScrapCannon","floor":5},{"not_picked":["MHz","Alriune"],"picked":"PunishingBird","floor":8},{"not_picked":["construct:SyphonStrike","construct:FocusedBeam"],"picked":"construct:Boost","floor":8},{"not_picked":["UniverseFragment","Bloodbath"],"picked":"GreedKing","floor":14},{"not_picked":["construct:ModeShift","construct:Multistage"],"picked":"construct:FocusedBeam","floor":14},{"not_picked":["OSAHOGD","Wellcheers"],"picked":"OldLady","floor":15},{"not_picked":["HappyTeddy","WallGazer"],"picked":"Scorched","floor":16},{"not_picked":["construct:SpinDrive","construct:PanicFire"],"picked":"construct:ClockworkEgg","floor":16},{"not_picked":["LongBird","WallGazer"],"picked":"CherryBlossoms","floor":21},{"not_picked":["Bloodbath","BlackArmy"],"picked":"Murderer","floor":23},{"not_picked":["construct:CriticalHit","construct:ReactiveShield"],"picked":"construct:Accumulate","floor":23},{"not_picked":["Porccubus","Laetitia"],"picked":"BlackSwan","floor":25},{"not_picked":["UniverseFragment","Porccubus"],"picked":"OSAHOGD","floor":29},{"not_picked":["construct:Bunker","construct:Boost"],"picked":"construct:SaveState+1","floor":29},{"not_picked":["Alriune","Mercenary"],"picked":"PunishingBird","floor":30},{"not_picked":["MeltingLove","Yin"],"picked":"Mercenary","floor":32}],"player_experience":11441,"relics_obtained":[{"floor":2,"key":"hubris:TenFootPole"},{"floor":8,"key":"champ:DuelingGlove"},{"floor":14,"key":"CaptainsWheel"},{"floor":15,"key":"Juzu Bracelet"},{"floor":21,"key":"Smiling Mask"},{"floor":23,"key":"MawBank"},{"floor":24,"key":"Blue Doll"},{"floor":25,"key":"construct:MasterCore"},{"floor":29,"key":"aspiration:Lifesprig"},{"floor":30,"key":"Pen Nib"},{"floor":32,"key":"Replay:PocketPolymizer"}],"event_choices":[{"cards_removed":["PunishingBird"],"damage_healed":0,"gold_gain":0,"player_choice":"Took Card","damage_taken":0,"max_hp_gain":0,"max_hp_loss":0,"event_name":"NoteForYourself","floor":9,"gold_loss":0,"cards_obtained":["Iron Wave"]}],"is_beta":false,"boss_relics":[{"not_picked":["ReplayTheSpireMod:DimensionalGlitch","Sozu"],"picked":"aspiration:PoetsPen_weak"}],"items_purged_floors":[],"is_endless":false,"potions_floor_spawned":[8,25,30],"killed_by":"downfall:Defect","ascension_level":0}}