{"host":"4sgoj70bvr8ov3jh","time":1609373795,"event":{"mods":["2.2 Compatiblity","AchievementEnabler","BaseMod","Chen","GifTheSpireLib","Hero for Fun","Marisa????????","Minty Spire (QoL Compilation)","Permanent Neow","Remilia_Scarlet Moed?????·?????3.3.5","StSLib","The Alterego","The Servant 0.9.4"],"gold_per_floor":[115,115,80,80,80,80,91,125,125,135,4788,4817,4844,4872,4872,4969,4969,4986,4625,4625,4625,4585,4604,4624,4624,4624,4215,4315,4315,4349,4349,4349,4451,4451,4468,4549,4549,4560,4571,4571,4586,4586,4586,4586,4586,4612,4631,4644,4644,4644,4644,4644,3660,3693,3693],"floor_reached":56,"playtime":2571,"items_purged":["RemiliaMod:Scratch","RemiliaMod:Scratch","RemiliaMod:CJDB+1"],"score":1969,"play_id":"81cb5171-5b96-4ccd-a0ba-8e1068b42fd0","local_time":"20201230161635","is_ascension_mode":false,"campfire_choices":[{"floor":6,"key":"RECALL"},{"data":"1","floor":15,"key":"LIFT"},{"data":"2","floor":29,"key":"LIFT"},{"data":"RemiliaMod:CPFWZL","floor":32,"key":"SMITH"},{"data":"3","floor":40,"key":"LIFT"},{"data":"RemiliaMod:CWYRF+1","floor":44,"key":"SMITH"},{"data":"RemiliaMod:CWYRF+2","floor":49,"key":"SMITH"},{"data":"RemiliaMod:CYYRK+1","floor":52,"key":"SMITH"}],"circlet_count":13,"master_deck":["RemiliaMod:Scratch+1","RemiliaMod:Scratch+1","RemiliaMod:Defend+1","RemiliaMod:Defend+1","RemiliaMod:Defend+1","RemiliaMod:Defend","RemiliaMod:CAattack+1","RemiliaMod:CPFWZL+1","RemiliaMod:CPQHZZ+1","TimeWarp+1","Side_Hop+1","RemiliaMod:CPFWZL+1","RemiliaMod:CPFWZL+1","RemiliaMod:CPFWZL+1","Chrysalis+1","Dramatic Entrance+1","Swift Strike+1","RemiliaMod:CFTAttack+2","RemiliaMod:CJDB+1","RemiliaMod:CDXSJ+1","Discovery+1","Dramatic Entrance+1","Blind+1","alterego_mod:DestructionOfProperty+1","Gash+1","RemiliaMod:CPFWZL+1","RemiliaMod:CYYRK+2","RemiliaMod:CPFWZL+1","RemiliaMod:CJNWYXD2+1","RemiliaMod:CJNWYXD+1","RemiliaMod:CSlAttack+1","RemiliaMod:CSlAttack+1","RemiliaMod:CZXSJ+1","RemiliaMod:CWYRF+3","alterego_mod:Support+1","ShatteredReality+1","RemiliaMod:CMABianfuzhen+1","RemiliaMod:CMABianfuzhen+1","RemiliaMod:CDXSJ+1","Dramatic Entrance+1","Secret Weapon+1","Swift Strike+1","Dramatic Entrance+1","RemiliaMod:CPFWZL+1","alterego_mod:DeftHands+1","RemiliaMod:CPQHZZ+1","Anger+1","Dilation+1","Gash+1","White Noise+1","alterego_mod:Nekomimi+1","RemiliaMod:CFHGJ+1","RemiliaMod:CJNWYXD+1","RemiliaMod:CJNWYXD+1","RemiliaMod:CMABianfuzhen+1","RemiliaMod:CD6B+1","RemiliaMod:CXXSJ+1","RemiliaMod:CSlAttack+1","RemiliaMod:CZXSJ+1","RemiliaMod:CJNLLFZ+1","RemiliaMod:CXXSJ+1","RemiliaMod:CJNXRFZ+1","RemiliaMod:CZXSJ+1","RemiliaMod:CMADc+1","RemiliaMod:CJNSJDF+1","RemiliaMod:CXXSJ+1","RemiliaMod:CD6B+1","RemiliaMod:CJNSJDF+1","RemiliaMod:CMABianfuzhen+1","RemiliaMod:CDB+1","RemiliaMod:CMABianfuzhen+1","RemiliaMod:CMABianfuzhen+1","RemiliaMod:CWYRF+3","RemiliaMod:CFxAttack+1","RemiliaMod:CJDB+1","RemiliaMod:CFxAttack+1","RemiliaMod:CZXSJ+1","RemiliaMod:CMABianfuzhen+1","RemiliaMod:CZXSJ+1","RemiliaMod:CD6B+1","RemiliaMod:CSlAttack+1","RemiliaMod:CD6B+1","RemiliaMod:CMADc+1","RemiliaMod:CZXSJ+1","RemiliaMod:CMMDMP+1"],"relics":["RemiliaMod:RXiangDui","RemiliaMod:RFkXt","RemiliaMod:RWYXT","Juzu Bracelet","NeowsBlessing","Circlet","Toxic Egg 2","Molten Egg 2","Frozen Egg 2","Torii","Oddly Smooth Stone","Membership Card","Bronze Scales","Bronze Scales","Bronze Scales","Bronze Scales","Bronze Scales","Bronze Scales","Bronze Scales","Bronze Scales","Bronze Scales","Bronze Scales","Bronze Scales","PrismaticShard","Thread and Needle","Thread and Needle","Thread and Needle","Thread and Needle","Thread and Needle","Thread and Needle","Thread and Needle","Thread and Needle","Thread and Needle","Thread and Needle","Thread and Needle","Thread and Needle","Thread and Needle","Thread and Needle","Thread and Needle","Thread and Needle","PrismaticShard","PrismaticShard","PrismaticShard","PrismaticShard","Thread and Needle","Thread and Needle","Thread and Needle","Thread and Needle","Thread and Needle","Thread and Needle","Thread and Needle","Thread and Needle","Thread and Needle","Thread and Needle","Thread and Needle","Thread and Needle","Thread and Needle","Thread and Needle","Thread and Needle","Thread and Needle","Thread and Needle","Thread and Needle","Thread and Needle","Thread and Needle","Thread and Needle","Thread and Needle","Thread and Needle","PrismaticShard","PrismaticShard","PrismaticShard","Thread and Needle","Thread and Needle","Thread and Needle","Thread and Needle","Thread and Needle","Thread and Needle","Thread and Needle","Thread and Needle","Thread and Needle","The Courier","Thread and Needle","Ice Cream","Membership Card","MealTicket","Meat on the Bone","Black Blood","Calipers","HandDrill","Whetstone","Ginger","Nunchaku","RemiliaMod:RXiangDui","Girya","RemiliaMod:RLLDDJ","Bottled Flame","Orichalcum","Regal Pillow","White Beast Statue","Bag of Preparation","Bag of Marbles","Toxic Egg 2","Pantograph","Anchor","Unceasing Top","Blood Vial","Singing Bowl","Frozen Egg 2","Toy Ornithopter","Eternal Feather","InkBottle","Potion Belt","War Paint","Bronze Scales","TungstenRod","Centennial Puzzle","Peace Pipe","Pocketwatch","Bird Faced Urn","MealTicket","Lantern","Mummified Hand","StoneCalendar","Pen Nib","Incense Burner","Happy Flower","Question Card","Strawberry","Mango","Boot","Ancient Tea Set","Ornamental Fan","Lizard Tail","Pear","Vajra","Tiny Chest","Turnip","Dream Catcher","Du-Vu Doll","Blue Candle","Omamori","WingedGreaves","Oddly Smooth Stone","Matryoshka","PreservedInsect","Prayer Wheel","FossilizedHelix","Letter Opener","Gremlin Horn","Mercury Hourglass","Bottled Lightning","Art of War","Meat on the Bone","Bottled Tornado","Kunai","HornCleat","Shuriken","Sundial","Molten Egg 2","Torii","Darkstone Periapt","CaptainsWheel","Dead Branch","Calling Bell","Enchiridion","Sling","RemiliaMod:RWYXD","WingedGreaves","DollysMirror","The Courier"],"acts_visited":["Exordium","TheCity","TheBeyond","TheEnding"],"potions_floor_usage":[16,16,16,16,16,16,18,30],"damage_taken":[{"damage":0,"enemies":"Cultist","floor":1,"turns":1},{"damage":0,"enemies":"Jaw Worm","floor":7,"turns":1},{"damage":0,"enemies":"Lagavulin","floor":8,"turns":2},{"damage":0,"enemies":"Small Slimes","floor":10,"turns":4},{"damage":0,"enemies":"Gremlin Nob","floor":12,"turns":1},{"damage":0,"enemies":"3 Sentries","floor":13,"turns":2},{"damage":0,"enemies":"Gremlin Nob","floor":14,"turns":1},{"damage":0,"enemies":"Slime Boss","floor":16,"turns":1},{"damage":0,"enemies":"2 Thieves","floor":18,"turns":1},{"damage":0,"enemies":"3 Byrds","floor":23,"turns":1},{"damage":0,"enemies":"Snecko","floor":24,"turns":2},{"damage":0,"enemies":"Gremlin Leader","floor":30,"turns":1},{"damage":0,"enemies":"Collector","floor":33,"turns":2},{"damage":0,"enemies":"3 Darklings","floor":35,"turns":1},{"damage":0,"enemies":"Orb Walker","floor":38,"turns":1},{"damage":0,"enemies":"Jaw Worm Horde","floor":39,"turns":2},{"damage":0,"enemies":"Writhing Mass","floor":41,"turns":1},{"damage":0,"enemies":"Giant Head","floor":46,"turns":1},{"damage":0,"enemies":"4 Shapes","floor":47,"turns":2},{"damage":0,"enemies":"Transient","floor":48,"turns":4},{"damage":0,"enemies":"Donu and Deca","floor":50,"turns":2},{"damage":0,"enemies":"Shield and Spear","floor":54,"turns":1},{"damage":0,"enemies":"The Heart","floor":55,"turns":4}],"seed_played":"8558475335075960361","potions_obtained":[{"floor":7,"key":"Strength Potion"},{"floor":12,"key":"EntropicBrew"},{"floor":13,"key":"DuplicationPotion"},{"floor":14,"key":"PowerPotion"},{"floor":16,"key":"FearPotion"},{"floor":18,"key":"Weak Potion"},{"floor":23,"key":"Energy Potion"},{"floor":30,"key":"Fruit Juice"},{"floor":33,"key":"Regen Potion"}],"is_trial":false,"path_per_floor":["M","T","?","?","?","R","M","E","T","M","$","E","E","E","R","B",null,"M","$","?","?","?","M","M","T","T","$","?","R","E","?","R","B",null,"M","T","?","M","M","R","M","T","T","R","?","E","M","M","R","B",null,"R","$","E","B",null],"character_chosen":"Remilia_Scarlet_Modee","items_purchased":["Calipers","HandDrill","Whetstone","Ginger","Nunchaku","RemiliaMod:CPFWZL+1","RemiliaMod:CPFWZL+1","RemiliaMod:CPFWZL+1","Girya","RemiliaMod:RLLDDJ","Bottled Flame","Orichalcum","Regal Pillow","White Beast Statue","Bag of Preparation","Bag of Marbles","Toxic Egg 2","Pantograph","Anchor","Unceasing Top","Blood Vial","Singing Bowl","Frozen Egg 2","Toy Ornithopter","Eternal Feather","InkBottle","Potion Belt","War Paint","Bronze Scales","TungstenRod","Centennial Puzzle","Peace Pipe","Pocketwatch","Bird Faced Urn","MealTicket","Lantern","Mummified Hand","StoneCalendar","Pen Nib","Incense Burner","Chrysalis+1","Happy Flower","Question Card","Strawberry","Mango","Boot","Ancient Tea Set","Ornamental Fan","Lizard Tail","Pear","Vajra","Tiny Chest","Turnip","Dream Catcher","Du-Vu Doll","Blue Candle","Omamori","WingedGreaves","Oddly Smooth Stone","Matryoshka","PreservedInsect","Prayer Wheel","FossilizedHelix","Letter Opener","Gremlin Horn","Mercury Hourglass","Bottled Lightning","Art of War","Meat on the Bone","Bottled Tornado","Kunai","HornCleat","Shuriken","Sundial","Molten Egg 2","Torii","Darkstone Periapt","CaptainsWheel","Circlet","Dead Branch","Dramatic Entrance+1","Swift Strike+1","RemiliaMod:CFTAttack+2","RemiliaMod:CJDB+1","RemiliaMod:CDXSJ+1","Discovery+1","Dramatic Entrance+1","Blind+1","RemiliaMod:CPFWZL+1","RemiliaMod:CYYRK+1","RemiliaMod:CPFWZL+1","RemiliaMod:CMPB+1","RemiliaMod:CJNWYXD2+1","RemiliaMod:CJNWYXD+1","RemiliaMod:CSlAttack+1","RemiliaMod:CSlAttack+1","RemiliaMod:CZXSJ+1","RemiliaMod:CWYRF+1","Sling","RemiliaMod:CMABianfuzhen+1","RemiliaMod:CMPA+1","RemiliaMod:CMABianfuzhen+1","RemiliaMod:CDXSJ+1","Dramatic Entrance+1","Secret Weapon+1","Swift Strike+1","Dramatic Entrance+1","RemiliaMod:CFHGJ+1","RemiliaMod:CJNWYXD+1","RemiliaMod:CJNWYXD+1","RemiliaMod:CMABianfuzhen+1","RemiliaMod:CD6B+1","RemiliaMod:CXXSJ+1","RemiliaMod:CSlAttack+1","RemiliaMod:CZXSJ+1","RemiliaMod:CJNLLFZ+1","RemiliaMod:CXXSJ+1","RemiliaMod:CJNXRFZ+1","RemiliaMod:CZXSJ+1","RemiliaMod:CMPB+1","RemiliaMod:CMADc+1","RemiliaMod:CJNSJDF+1","RemiliaMod:CXXSJ+1","RemiliaMod:CD6B+1","RemiliaMod:CJNSJDF+1","RemiliaMod:CMABianfuzhen+1","RemiliaMod:CDB+1","RemiliaMod:CMABianfuzhen+1","RemiliaMod:CMABianfuzhen+1","DollysMirror","RemiliaMod:CFxAttack+1","RemiliaMod:CJDB+1","RemiliaMod:CJDB+1","RemiliaMod:CFxAttack+1","RemiliaMod:CZXSJ+1","RemiliaMod:CMABianfuzhen+1","RemiliaMod:CZXSJ+1","RemiliaMod:CD6B+1","RemiliaMod:CMPA+1","RemiliaMod:CSlAttack+1","RemiliaMod:CMPA+1","RemiliaMod:CD6B+1","RemiliaMod:CMADc+1","RemiliaMod:CZXSJ+1"],"campfire_rested":0,"item_purchase_floors":[11,11,11,11,11,11,11,11,11,11,11,11,11,11,11,11,11,11,11,11,11,11,11,11,11,11,11,11,11,11,11,11,11,11,11,11,11,11,11,11,11,11,11,11,11,11,11,11,11,11,11,11,11,11,11,11,11,11,11,11,11,11,11,11,11,11,11,11,11,11,11,11,11,11,11,11,11,11,11,11,11,11,11,11,11,11,11,11,19,19,19,19,19,19,19,19,19,19,27,27,27,27,27,27,27,27,27,53,53,53,53,53,53,53,53,53,53,53,53,53,53,53,53,53,53,53,53,53,53,53,53,53,53,53,53,53,53,53,53,53,53,53,53,53],"current_hp_per_floor":[75,75,75,60,60,60,61,62,62,63,94,108,110,110,110,112,112,114,114,102,102,102,116,118,118,118,118,118,118,125,125,125,127,127,129,129,129,131,133,133,137,137,137,137,137,137,139,139,139,139,139,139,139,141,141],"gold":3693,"neow_bonus":"THREE_ENEMY_KILL","is_daily":false,"chose_seed":false,"campfire_upgraded":4,"win_rate":0.0,"timestamp":1609373795,"path_taken":["M","?","?","?","?","R","M","E","T","M","$","E","E","E","R","BOSS","M","$","?","?","?","M","M","?","T","?","?","R","E","?","R","BOSS","M","?","?","M","M","R","M","?","T","R","?","E","M","M","R","BOSS","R","$","E","BOSS"],"items_purchased_type":["Relic","Relic","Relic","Relic","Relic","Card","Card","Card","Relic","Relic","Relic","Relic","Relic","Relic","Relic","Relic","Relic","Relic","Relic","Relic","Relic","Relic","Relic","Relic","Relic","Relic","Relic","Relic","Relic","Relic","Relic","Relic","Relic","Relic","Relic","Relic","Relic","Relic","Relic","Relic","Card","Relic","Relic","Relic","Relic","Relic","Relic","Relic","Relic","Relic","Relic","Relic","Relic","Relic","Relic","Relic","Relic","Relic","Relic","Relic","Relic","Relic","Relic","Relic","Relic","Relic","Relic","Relic","Relic","Relic","Relic","Relic","Relic","Relic","Relic","Relic","Relic","Relic","Undefined","Relic","Card","Card","Card","Card","Card","Card","Card","Card","Card","Card","Card","Card","Card","Card","Card","Card","Card","Card","Relic","Card","Card","Card","Card","Card","Card","Card","Card","Card","Card","Card","Card","Card","Card","Card","Card","Card","Card","Card","Card","Card","Card","Card","Card","Card","Card","Card","Card","Card","Card","Relic","Card","Card","Card","Card","Card","Card","Card","Card","Card","Card","Card","Card","Card","Card"],"build_version":"2020-12-22","purchased_purges":3,"victory":true,"max_hp_per_floor":[75,75,75,75,75,75,75,75,75,75,106,108,110,110,110,112,112,114,114,114,114,114,116,118,118,118,118,118,118,125,125,125,127,127,129,129,129,131,133,133,137,137,137,137,137,137,139,139,139,139,139,139,139,141,141],"card_choices":[{"not_picked":["RemiliaMod:CD6B","RemiliaMod:CJNYSFZ"],"picked":"RemiliaMod:CPFWZL","floor":1},{"not_picked":["Underhanded Strike+1","Perfected Strike+1","Acceleration+1"],"picked":"SKIP","floor":7},{"not_picked":["Chen:PhoenixWings+1","Sword Boomerang+1"],"picked":"TimeWarp+1","floor":8},{"not_picked":["Pommel Strike+1","SashWhip+1"],"picked":"Side_Hop+1","floor":10},{"not_picked":["Vengeance+1","Slice+1","GasGiant+1","alterego_mod:DustData+1"],"picked":"Singing Bowl","floor":12},{"not_picked":["RemiliaMod:CJNYSFZ+1","Shrug It Off+1","GalacticHalo+1","Chaos+1"],"picked":"Singing Bowl","floor":13},{"not_picked":["Duplication+1","PowerUp+1","DC+1"],"picked":"alterego_mod:DestructionOfProperty+1","floor":14},{"not_picked":["Chen:Kimontonkou+1","Secret Weapon+1","Chrysalis+1","Chen:Clarity+1"],"picked":"Singing Bowl","floor":16},{"not_picked":["ReturningBlade+1","Evolve+1","ThirdEye+1","Iron Wave+1"],"picked":"Singing Bowl","floor":18},{"not_picked":["Skim+1","FTL+1","Warcry+1"],"picked":"Gash+1","floor":18},{"not_picked":["LikeWater+1","Chen:Assault+1","RemiliaMod:CJNMJFZ+1"],"picked":"alterego_mod:Support+1","floor":23},{"not_picked":["Defy+1","Fasting2+1","DC+1","Chen:TauntHiss+1"],"picked":"Singing Bowl","floor":23},{"not_picked":["FlyingSleeves+1","Brilliance+1","alterego_mod:Exercise+1","Cleave+1"],"picked":"Singing Bowl","floor":24},{"not_picked":["FearNoEvil+1","alterego_mod:Pet+1","Side_Hop+1"],"picked":"ShatteredReality+1","floor":24},{"not_picked":["RemiliaMod:CPXRNL+1","OneTimeOff+1","Swivel+1","MilkyWay+1"],"picked":"Singing Bowl","floor":30},{"not_picked":["MurderousAura+1","Chen:ShikigamiForm+1","Chen:Stability+1","All For One+1"],"picked":"Singing Bowl","floor":33},{"not_picked":["Bane+1","Chen:TauntHiss+1","FastForward+1","Replace+1"],"picked":"Singing Bowl","floor":35},{"not_picked":["Outmaneuver+1","True Grit+1","RemiliaMod:CXXSJ+1"],"picked":"alterego_mod:DeftHands+1","floor":35},{"not_picked":["Flying Knee+1","ClearTheMind+1","RemiliaMod:CMPA+1"],"picked":"RemiliaMod:CPQHZZ+1","floor":38},{"not_picked":["GrandCross+1","Underhanded Strike+1","Headbutt+1","alterego_mod:AlterEgo+1"],"picked":"Singing Bowl","floor":38},{"not_picked":["Streamline+1","AlicesGift+1","RemiliaMod:CMADc+1","RefractionSpark+1"],"picked":"Singing Bowl","floor":39},{"not_picked":["Rebound+1","GearUp+1","Sunder+1"],"picked":"Anger+1","floor":39},{"not_picked":["alterego_mod:Maid+1","Deflect+1","Slice+1","Do_Nothing+1"],"picked":"Singing Bowl","floor":41},{"not_picked":["Chen:ResistTemptation+1","Leap+1","ChargingUp+1","alterego_mod:PerceptionDisorder+1"],"picked":"Singing Bowl","floor":41},{"not_picked":["RemiliaMod:CSlAttack+1","Headbutt+1","RemiliaMod:CJDB+1"],"picked":"Dilation+1","floor":46},{"not_picked":["Weave+1","Turbo+1","SprinkleStarSeal+1","Backflip+1"],"picked":"Singing Bowl","floor":47},{"not_picked":["Prostrate+1","CutThroughFate+1","Evolve+1"],"picked":"Gash+1","floor":47},{"not_picked":["RemiliaMod:CJNGSYD+1","Potential+1","Headbutt+1"],"picked":"White Noise+1","floor":48},{"not_picked":["Power Through+1","Chen:Catseye+1","BlazingStar+1"],"picked":"alterego_mod:Nekomimi+1","floor":48},{"not_picked":["Dagger Throw+1","RemiliaMod:CXXSJ+1","Chen:FollowUp+1","Deadly Poison+1"],"picked":"Singing Bowl","floor":54}],"player_experience":189401,"relics_obtained":[{"floor":8,"key":"Thread and Needle"},{"floor":9,"key":"Ice Cream"},{"floor":13,"key":"Circlet"},{"floor":14,"key":"Circlet"},{"floor":17,"key":"Circlet"},{"floor":17,"key":"Circlet"},{"floor":17,"key":"Circlet"},{"floor":20,"key":"Enchiridion"},{"floor":25,"key":"Circlet"},{"floor":25,"key":"Circlet"},{"floor":26,"key":"Circlet"},{"floor":26,"key":"Circlet"},{"floor":36,"key":"Circlet"},{"floor":42,"key":"Circlet"}],"event_choices":[{"damage_healed":18,"gold_gain":0,"player_choice":"Healed","damage_taken":0,"max_hp_gain":0,"max_hp_loss":0,"event_name":"The Cleric","floor":3,"gold_loss":35},{"damage_healed":0,"gold_gain":0,"player_choice":"Entered Light","damage_taken":15,"max_hp_gain":0,"max_hp_loss":0,"event_name":"Shining Light","floor":4,"gold_loss":0,"cards_upgraded":["RemiliaMod:CNLCSZL","RemiliaMod:Defend"]},{"cards_removed":["RemiliaMod:CNLCSZL"],"damage_healed":0,"gold_gain":0,"player_choice":"Took Card","damage_taken":0,"max_hp_gain":0,"max_hp_loss":0,"event_name":"NoteForYourself","floor":5,"gold_loss":0,"cards_obtained":["RemiliaMod:CPQHZZ"]},{"damage_healed":0,"gold_gain":0,"player_choice":"Obtained Book","damage_taken":16,"max_hp_gain":0,"max_hp_loss":0,"event_name":"Cursed Tome","floor":20,"gold_loss":0},{"damage_healed":0,"gold_gain":0,"player_choice":"Ignored","damage_taken":0,"max_hp_gain":0,"max_hp_loss":0,"event_name":"Ghosts","floor":21,"gold_loss":0},{"damage_healed":0,"gold_gain":0,"player_choice":"Upgrade","damage_taken":0,"max_hp_gain":0,"max_hp_loss":0,"event_name":"Designer","floor":22,"gold_loss":40,"cards_upgraded":["RemiliaMod:CAattack"]},{"damage_healed":0,"gold_gain":100,"player_choice":"Pray","damage_taken":0,"max_hp_gain":0,"max_hp_loss":0,"event_name":"Golden Shrine","floor":28,"gold_loss":0},{"damage_healed":0,"gold_gain":0,"player_choice":"Read","damage_taken":0,"max_hp_gain":0,"max_hp_loss":0,"event_name":"The Library","floor":31,"gold_loss":0,"cards_obtained":["RemiliaMod:CPFWZL"]},{"damage_healed":0,"gold_gain":0,"player_choice":"Full Heal","damage_taken":0,"max_hp_gain":0,"max_hp_loss":0,"event_name":"Wheel of Change","floor":37,"gold_loss":0},{"cards_removed":["GearUp"],"damage_healed":0,"gold_gain":0,"player_choice":"Removed Skill","damage_taken":0,"max_hp_gain":0,"max_hp_loss":0,"event_name":"Falling","floor":45,"gold_loss":0}],"is_beta":false,"boss_relics":[{"not_picked":["Philosopher\u0027s Stone","SacredBark"],"picked":"Calling Bell"},{"not_picked":["Empty Cage","Coffee Dripper"],"picked":"RemiliaMod:RWYXD"}],"items_purged_floors":[19,27,53],"is_endless":false,"potions_floor_spawned":[7,12,13,14,16,18,23,24,30,33,35,38,39,41,46,47,48,54],"ascension_level":0}}