{"host":"mnh4wpjhgsqu3knk","time":1609434243,"event":{"mods":["ATMod(°¢èªMod)","AchievementEnabler","Act Like it!","AlwaysNeverKeys","Ascension Reborn","BaseMod","BetterRewards","Colored Powertips","Faster Ascension Climbing","Gensokyo","KinomotoSakuraMod(Ä¾Ö®±¾Ó£)","KomeijiMod","Marisa£¨ìFÓê¡¡Ä§ÀíÉ³£©","Minty Spire (QoL Compilation)","Reimu£¨²©ÀöÁéÃÎ£©","Relic Sorter","Remove Card Discount Mod","Replay The Spire","RumiaBox-Â¶Ã×æ«µÄÉñÃØºÐ×Ó","Shop Mod","StSLib","UnlockEverythingMod","Yakumo Yukari mod","Youmu£¨»êÆÇÑýÃÎ£©","¡¾ÒÅÎï¿¨ÅÆ¡¿REMEMod","óô»ðÖ¸ÄÏ"],"gold_per_floor":[137,87,3237,3257,2632,2665,2675,1976,1976,1562,945,945,945,945,945,1094,11111,9591,9623,9623,9623,9623,5410,2811,13,65,236,463,463,559,637,637,905,905,1006,1054,973,973,1087,1254,1254,1480,1480,1652,1652,274,274,11,11,153,153,153,93,384,596],"floor_reached":56,"playtime":3752,"items_purged":["Defend_purpleEX","Defend_purpleEX","Feed","AT_purpleEX","AT_purpleEX","Defend_purpleEX","Boundary_LightAndDark_purple","DarkRealmRedLine_purple","OmniscientAndOmnipotent_Monster_purple","Madness"],"score":1715,"play_id":"6b75cbfb-3c38-44f2-bf51-5cb536e10edc","local_time":"20210101010403","is_ascension_mode":true,"campfire_choices":[{"floor":12,"key":"RECALL"},{"floor":15,"key":"REST"},{"floor":32,"key":"REST"},{"floor":47,"key":"REST"},{"floor":49,"key":"REST"},{"floor":52,"key":"REST"}],"circlet_count":0,"master_deck":["AT_purpleEX","Defend_purpleEX","Observe_purple_1","Observe_purple_2","AT_EmpoweredMortalDraw+1","MeetDecomposer_purple+1","MeetDecomposer_purple+1","Bait_HighSpeedFlying_purple","Bait_HighSpeedFlying_purple","ButterflyHabitatTemple_purple","Boundary_of_Extermination_purpleEX","REME_FirmDetermination+1","DarkRealmRedLine_purple","RuleDissolution_purple","ExternalForce_HighSpeedFlying_purple+1","MeetDecomposer_purple","OmniscientAndOmnipotent_Monster_purple","DimensionStaggered_purple+1","Boundary_DreamRealityDamnation_purple+1","Mirror_FourBoundary_purple","AdvanceAttack_purple","Nest_LightFlightworm_purple+1","Know_ledgeAbilityRealm_purple+1","StateErode_purple","SharpContractionReality_purple","DarkRealmRedLine_purple+1","OmniscientAndOmnipotent_Monster_purple+1","Anti_communist_purple","Shallow_ocean_purpleEX+1","Gensokyo:CustomPotion","ExternalForce_HighSpeedFlying_purple+1"],"relics":["Boundary_crack","Baka2","REME_ComplimentaryCards","AT_ATBox","Memoryfragments_purpleEX","Happy Flower","MerchantsRug","TentaclePot:ReiMu","Juzu Bracelet","Dream Catcher","GodSword4","Blue Doll","Mirror","Frozen Eye","Anchor","Whetstone","War Paint","Chemical X","REME_ArchaeologicalTools","The Courier","Replay:Wanted Poster","Singing Bowl","Membership Card","AT_ArchangelStaff","Golden Egg","Ancient Tea Set","ReplayTheSpireMod:TigerMarble","HornCleat","ShirouKen","Ginger","Replay:Wax Seal","AT_DeathDance","Unceasing Top","Oddly Smooth Stone","Antimatter_spacedebris","SecretRecord","Counterbalance","CeramicFish","GodSword5","ReplayTheSpireMod:Shallot","Potion Belt","Replay:Mystery Machine","AT_ChloranthyRing","Nunchaku","AT_ImmortalShieldbow","Mummified Hand","Letter Opener","WingedGreaves","Turnip","Du-Vu Doll","Boot","Replay:PocketPolymizer","AT_SpeedBoots","Tea:ReiMu","Blood Vial","AT_GuinsooRageblade","AT_TheCollector","Art of War","AT_MibuBalloonWealth","AT_BellowingDragoncrestRing","REME_HourglassOfDeath","PreservedInsect","MagicDraw1","REME_HandOfSuture","Replay:Rubber Ducky","Regal Pillow","Frozen Egg 2","MealTicket","Pear","Toy Ornithopter","Replay:Ringing Soul","AT_EbonyIvory","ReplayFunnel","CrazyTorch:ReiMu","AT_BladeRuinedKing","Bag of Preparation","Iron Hammer","MagicDraw3","AT_RedTearstoneRing","Ccalipers","PureWhite:ReiMu","Bottled Flame","Pantograph","AT_BellDemon","ReplayTheSpireMod:Lightbulb","Tiny Chest","Blue Candle","MagicDraw4","Vajra","SSSystem","ZombieArmy","Durian","Matryoshka","Replay:Accelerometer","Gambling Chip","AT_SunfireAegis","Pet Ghost","AT_Manta","BranchBurnRelic","Orichalcum","Akabeko","MagicDraw2","Replay:Bandana","Simple Rune","GodSword6","Gremlin Food","Torii","Pen Nib","LastBattle","StrikeDummy","Bronze Scales","Eternal Feather","RuthlessExorcism:ReiMu","Strawberry","CaptainsWheel","Thread and Needle","Replay:WaspNest","Molten Egg 2","Lizard Tail","Kunai","GodSword3","Omamori","REME_PuzzleBoxRelic","OrangePellets","Centennial Puzzle","Bag of Marbles","Lantern","REME_LimitBreaker","ThegodofHakurei_purpleEX","AT_SilvercatRing","Chameleon Ring","MoreBug","Darkstone Periapt","Bottled Tornado","Snack Pack","Sundial","MutagenicStrength","Philosopher\u0027s Stone","Toxic Egg 2","ReplayTheSpireMod:Ninjato","AT_GoldPhoenixTree","Divine Protection","AT_ForceNature","Incense Burner","InkBottle","Pocketwatch","Mercury Hourglass","Meat on the Bone","Gremlin Horn","PlanX","White Beast Statue","GodSword1","Onion Ring","Replay:Bottled Snecko","Ornamental Fan","Quantum Egg","Parasol_purpleEX","GodSword7","Sling","Shuriken","HandDrill","KyoryuNoHagoromo"],"acts_visited":["Exordium","TheCity","Gensokyo:Gensokyoest","TheEnding"],"potions_floor_usage":[7,16],"damage_taken":[{"damage":2,"enemies":"2 Louse","floor":1,"turns":2},{"damage":3,"enemies":"Jaw Worm","floor":4,"turns":2},{"damage":39,"enemies":"Lagavulin","floor":6,"turns":5},{"damage":9,"enemies":"Cultist","floor":7,"turns":2},{"damage":6,"enemies":"The Guardian","floor":16,"turns":3},{"damage":0,"enemies":"Shell Parasite","floor":18,"turns":3},{"damage":0,"enemies":"3 Byrds","floor":19,"turns":4},{"damage":0,"enemies":"Replay:Snechameleon","floor":27,"turns":1},{"damage":0,"enemies":"Gremlin Leader","floor":28,"turns":1},{"damage":0,"enemies":"3 Cultists","floor":30,"turns":1},{"damage":0,"enemies":"Cultist and Chosen","floor":31,"turns":1},{"damage":0,"enemies":"Collector","floor":33,"turns":1},{"damage":0,"enemies":"Gensokyo:3_Boulders","floor":35,"turns":1},{"damage":0,"enemies":"Gensokyo:AncientGuardian","floor":36,"turns":1},{"damage":2,"enemies":"Gensokyo:3_Boulders","floor":39,"turns":1},{"damage":0,"enemies":"Gensokyo:Marisa","floor":40,"turns":1},{"damage":0,"enemies":"Gensokyo:Kasen","floor":42,"turns":1},{"damage":0,"enemies":"Gensokyo:Doremy","floor":44,"turns":1},{"damage":0,"enemies":"Gensokyo:Scarlet_Devils","floor":50,"turns":1},{"damage":0,"enemies":"Shield and Spear","floor":54,"turns":1},{"damage":0,"enemies":"The Heart","floor":55,"turns":2}],"seed_played":"-5815329345699389554","potions_obtained":[{"floor":1,"key":"AttackPotion"},{"floor":6,"key":"FearPotion"},{"floor":7,"key":"Block Potion"},{"floor":20,"key":"Reflective Coating"},{"floor":20,"key":"Elixir"},{"floor":30,"key":"BlessingOfTheForge"},{"floor":33,"key":"Fire Potion"},{"floor":39,"key":"FairyPotion"}],"is_trial":false,"path_per_floor":["M","?","$","M","$","E","M","R","T","R","$","R","?","?","R","B",null,"M","M","?","?","?","R","$","R","T","E","E","?","M","M","R","B",null,"M","M","?","?","M","E","T","E","T","E","?","$","R","$","R","B",null,"R","$","E","B",null],"character_chosen":"Youkari","items_purchased":["MeetDecomposer_purple","Happy Flower","Replay:Baseball","MerchantsRug","TentaclePot:ReiMu","Bait_HighSpeedFlying_purple","OmniscientAndOmnipotent_Monster_purple","Juzu Bracelet","Dream Catcher","DarkRealmRedLine_purple","Boundary_LightAndDark_purple","Boundary_of_Extermination_purpleEX","REME_FirmDetermination","Blue Doll","MeetDecomposer_purple","Madness","OmniscientAndOmnipotent_Monster_purple","Mirror","Frozen Eye","Anchor","Whetstone","DimensionStaggered_purple","Boundary_DreamRealityDamnation_purple","War Paint","Chemical X","REME_ArchaeologicalTools","Mirror_FourBoundary_purple","AdvanceAttack_purple","Singing Bowl","Membership Card","Dead Branch","AT_ArchangelStaff","Golden Egg","DarkRealmRedLine_purple+1","OmniscientAndOmnipotent_Monster_purple","Anti_communist_purple","Ancient Tea Set","ReplayTheSpireMod:TigerMarble","HornCleat","ShirouKen","Ginger","Replay:Wax Seal","AT_DeathDance","Unceasing Top","MawBank","Oddly Smooth Stone","Antimatter_spacedebris","SecretRecord","Counterbalance","CeramicFish","GodSword5","ReplayTheSpireMod:Shallot","Potion Belt","Replay:Mystery Machine","AT_ChloranthyRing","Nunchaku","AT_ImmortalShieldbow","Mummified Hand","Letter Opener","WingedGreaves","Turnip","Du-Vu Doll","Boot","Replay:PocketPolymizer","AT_SpeedBoots","Tea:ReiMu","Blood Vial","AT_GuinsooRageblade","AT_TheCollector","Art of War","AT_MibuBalloonWealth","AT_BellowingDragoncrestRing","REME_HourglassOfDeath","PreservedInsect","MagicDraw1","REME_HandOfSuture","Replay:Rubber Ducky","Regal Pillow","Frozen Egg 2","MealTicket","Pear","Toy Ornithopter","Replay:Ringing Soul","AT_EbonyIvory","ReplayFunnel","CrazyTorch:ReiMu","AT_BladeRuinedKing","Bag of Preparation","Iron Hammer","MagicDraw3","AT_RedTearstoneRing","Ccalipers","PureWhite:ReiMu","Bottled Flame","Pantograph","AT_BellDemon","ReplayTheSpireMod:Lightbulb","Tiny Chest","Blue Candle","MagicDraw4","Vajra","SSSystem","ZombieArmy","Durian","Matryoshka","Replay:Accelerometer","Gambling Chip","AT_SunfireAegis","Pet Ghost","AT_Manta","Orichalcum","Akabeko","MagicDraw2","Replay:Bandana","Simple Rune","GodSword6","Gremlin Food","Torii","Pen Nib","LastBattle","StrikeDummy","Bronze Scales","Eternal Feather","RuthlessExorcism:ReiMu","Strawberry","CaptainsWheel","Thread and Needle","Replay:WaspNest","Molten Egg 2","Lizard Tail","Kunai","GodSword3","Omamori","REME_PuzzleBoxRelic","OrangePellets","Centennial Puzzle","Bag of Marbles","Lantern","REME_LimitBreaker","ThegodofHakurei_purpleEX","AT_SilvercatRing","Chameleon Ring","MoreBug","InkBottle","Pocketwatch","Mercury Hourglass","Meat on the Bone","Gremlin Horn","PlanX","White Beast Statue","GodSword1","Onion Ring","Replay:Bottled Snecko","Ornamental Fan","Quantum Egg","Parasol_purpleEX","GodSword7","Sling","Shuriken","HandDrill"],"campfire_rested":5,"item_purchase_floors":[3,3,3,3,3,3,3,5,5,5,5,5,5,8,8,8,8,8,8,10,10,10,10,11,11,11,11,11,23,23,23,23,23,23,23,23,23,23,23,23,23,23,23,23,23,23,23,23,23,23,23,23,23,23,23,23,23,23,23,23,23,23,23,23,23,23,23,23,23,23,23,23,23,23,23,23,23,23,24,24,24,24,24,24,24,24,24,24,24,24,24,24,24,24,24,24,24,24,24,24,24,24,24,24,24,24,24,24,24,24,25,25,25,25,25,25,25,25,25,25,25,25,25,25,25,25,25,25,25,25,25,25,25,25,25,25,25,25,25,25,25,25,25,46,46,46,46,46,46,46,46,46,46,46,46,46,48,48,48,53],"current_hp_per_floor":[75,75,75,73,73,34,25,25,25,25,25,25,10,10,33,33,77,77,77,77,77,77,77,92,99,99,101,104,104,106,108,110,112,112,114,116,119,119,122,126,126,128,128,130,130,130,132,132,134,134,134,136,136,136,136],"gold":596,"neow_bonus":"TEN_PERCENT_HP_BONUS","is_daily":false,"chose_seed":false,"campfire_upgraded":0,"win_rate":0.0,"timestamp":1609434243,"path_taken":["M","?","$","M","$","E","M","R","T","R","$","R","?","?","R","BOSS","M","M","?","?","?","R","?","R","T","E","E","?","M","M","R","BOSS","M","M","?","?","M","E","?","E","T","E","?","$","R","?","R","BOSS","R","$","E","BOSS"],"items_purchased_type":["Card","Relic","Relic","Relic","Relic","Card","Card","Relic","Relic","Card","Card","Card","Card","Relic","Card","Card","Card","Relic","Relic","Relic","Relic","Card","Card","Relic","Relic","Relic","Card","Card","Relic","Relic","Relic","Relic","Relic","Card","Card","Card","Relic","Relic","Relic","Relic","Relic","Relic","Relic","Relic","Relic","Relic","Relic","Relic","Relic","Relic","Relic","Relic","Relic","Relic","Relic","Relic","Relic","Relic","Relic","Relic","Relic","Relic","Relic","Relic","Relic","Relic","Relic","Relic","Relic","Relic","Relic","Relic","Relic","Relic","Relic","Relic","Relic","Relic","Relic","Relic","Relic","Relic","Relic","Relic","Relic","Relic","Relic","Relic","Relic","Relic","Relic","Relic","Relic","Relic","Relic","Relic","Relic","Relic","Relic","Relic","Relic","Relic","Relic","Relic","Relic","Relic","Relic","Relic","Relic","Relic","Relic","Relic","Relic","Relic","Relic","Relic","Relic","Relic","Relic","Relic","Relic","Relic","Relic","Relic","Relic","Relic","Relic","Relic","Relic","Relic","Relic","Relic","Relic","Relic","Relic","Relic","Relic","Relic","Relic","Relic","Relic","Relic","Relic","Relic","Relic","Relic","Relic","Relic","Relic","Relic","Relic","Relic","Relic","Relic","Relic","Relic","Relic","Relic","Relic","Relic"],"build_version":"2020-12-22","purchased_purges":10,"victory":true,"max_hp_per_floor":[77,77,77,77,77,77,77,77,77,77,77,77,77,77,77,77,77,77,77,77,77,77,77,92,99,99,101,104,104,106,108,110,112,112,114,116,119,119,124,126,126,128,128,130,130,130,132,132,134,134,134,136,136,136,136],"card_choices":[{"not_picked":["SfantasyHide_purple","Line_surface_state_purple"],"picked":"MeetDecomposer_purple","floor":1},{"not_picked":["DarkRealmRedLine_purple","RuptureOfTimeAndSpace_purple"],"picked":"ButterflyHabitatTemple_purple","floor":4},{"not_picked":["MetroBOOM_purple","Mirror_Drifter_purple"],"picked":"RuleDissolution_purple","floor":6},{"not_picked":["PurpleNeedle_purple","Fantasy_PerpetualMotionMachine_purple"],"picked":"ExternalForce_HighSpeedFlying_purple","floor":7},{"not_picked":["StateErode_purple","Boundary_of_Extermination_purpleEX"],"picked":"Nest_LightFlightworm_purple","floor":15},{"not_picked":["Theboundaryofcreation_purpleEX","Human_Monster_Realm_purple"],"picked":"Know_ledgeAbilityRealm_purple","floor":16},{"not_picked":["StateDuplicate_purple","MNeedle_purple"],"picked":"StateErode_purple","floor":18},{"not_picked":["RuleDissolution_purple","Umbrella_purple"],"picked":"SharpContractionReality_purple","floor":19},{"not_picked":["PurpleNeedle_purple+1","ExistenceContinue_purple+1","WatchEChange_purple"],"picked":"Singing Bowl","floor":27},{"not_picked":["PurpleNeedle_purple+1","SfantasyHide_purple"],"picked":"Shallow_ocean_purpleEX+1","floor":28},{"not_picked":["MonsterNeedle_purple","StateDuplicate_purple","LoveAcrossDimensions_purple+1"],"picked":"Singing Bowl","floor":30},{"not_picked":["SharpContractionReality_purple+1","AdvanceAttack_purple+1","MeetDecomposer_purple+1"],"picked":"Singing Bowl","floor":31},{"not_picked":["Realm_recovery_purpleEX","Charmbait_purple+1","OmniscientAndOmnipotent_Monster_purple+1"],"picked":"Singing Bowl","floor":32},{"not_picked":["UniverseChoice_purple+1","ContainerChange_purple+1","Fancifulhole_purple+1"],"picked":"Singing Bowl","floor":33},{"not_picked":["SharpContractionReality_purple+1","DimensionStaggered_purple","ExistenceContinue_purple+1"],"picked":"Singing Bowl","floor":35},{"not_picked":["OmniscientAndOmnipotent_Monster_purple+1","EighthInstrument_OneDividesIntoTwo_purple+1","RuleDissolution_purple"],"picked":"Singing Bowl","floor":36},{"not_picked":["Realm_recovery_purpleEX+1","RuptureOfTimeAndSpace_purple+1","DimensionStaggered_purple"],"picked":"Singing Bowl","floor":39},{"not_picked":["WingOfChimera_purple+1","Erosivefilter_purple+1","ProofOfUnderstanding_purple+1"],"picked":"Singing Bowl","floor":40},{"not_picked":["Mirror_WaveAndshot_purple+1","SfantasyHide_purple+1","SharpContractionReality_purple+1"],"picked":"Singing Bowl","floor":42},{"not_picked":["OmniscientAndOmnipotent_Monster_purple+1","DimensionStaggered_purple+1","WorldDissolvedintheRealm_purple+1"],"picked":"Singing Bowl","floor":44},{"not_picked":["Worldmountain_purple+1","Mirror_FourBoundary_purple+1","Boundary_DreamRealityDamnation_purple+1"],"picked":"Singing Bowl","floor":47},{"not_picked":["Umbrella_purple+1","StateDuplicate_purple+1","EighthInstrument_OneDividesIntoTwo_purple+1"],"picked":"Singing Bowl","floor":49},{"not_picked":["MonsterNeedle_purple+1","StretchesForeverDream_purple+1","AdvanceAttack_purple+1"],"picked":"Singing Bowl","floor":52},{"not_picked":["Umbrella_purple+1","MeetDecomposer_purple+1","OmniscientAndOmnipotent_Monster_purple+1"],"picked":"SKIP","floor":54}],"player_experience":40108,"relics_obtained":[{"floor":1,"key":"Baka"},{"floor":6,"key":"GodSword4"},{"floor":26,"key":"Darkstone Periapt"},{"floor":26,"key":"Bottled Tornado"},{"floor":27,"key":"Snack Pack"},{"floor":28,"key":"Sundial"},{"floor":35,"key":"Baka2"},{"floor":40,"key":"Toxic Egg 2"},{"floor":41,"key":"ReplayTheSpireMod:Ninjato"},{"floor":41,"key":"AT_GoldPhoenixTree"},{"floor":42,"key":"Divine Protection"},{"floor":43,"key":"AT_ForceNature"},{"floor":44,"key":"Incense Burner"},{"floor":54,"key":"KyoryuNoHagoromo"}],"event_choices":[{"cards_removed":["AT_purpleEX"],"damage_healed":0,"gold_gain":0,"player_choice":"Card Removal","damage_taken":0,"max_hp_gain":0,"max_hp_loss":0,"event_name":"The Cleric","floor":2,"gold_loss":50},{"damage_healed":0,"gold_gain":0,"player_choice":"Entered Light","damage_taken":15,"max_hp_gain":0,"max_hp_loss":0,"event_name":"Shining Light","floor":13,"gold_loss":0,"cards_upgraded":["REME_FirmDetermination","Boundary_DreamRealityDamnation_purple"]},{"damage_healed":0,"gold_gain":0,"player_choice":"Gave Potion","damage_taken":0,"relics_obtained":["The Courier"],"max_hp_gain":0,"max_hp_loss":0,"event_name":"WeMeetAgain","floor":14,"gold_loss":0},{"damage_healed":0,"gold_gain":0,"player_choice":"Got Potions","damage_taken":0,"max_hp_gain":0,"max_hp_loss":0,"event_name":"Lab","floor":20,"gold_loss":0},{"damage_healed":0,"gold_gain":0,"player_choice":"Ignored","damage_taken":0,"max_hp_gain":0,"max_hp_loss":0,"event_name":"Vampires","floor":22,"gold_loss":0},{"damage_healed":0,"gold_gain":0,"player_choice":"Inject Mutagens","damage_taken":0,"relics_obtained":["MutagenicStrength"],"max_hp_gain":0,"max_hp_loss":0,"event_name":"Drug Dealer","floor":29,"gold_loss":0}],"is_beta":false,"boss_relics":[{"not_picked":["Calling Bell","Replay:Drink Me"],"picked":"Replay:Wanted Poster"},{"not_picked":["Honey Jar","ChewingGum"],"picked":"Philosopher\u0027s Stone"}],"items_purged_floors":[3,3,3,3,5,8,8,23,23,24],"is_endless":false,"potions_floor_spawned":[1,6,7,30,33,39,40,42,54],"ascension_level":0}}