{"host":"kw4o7b3ro2ktmmbe","time":1609379320,"event":{"mods":["BaseMod","Evolution","Minty Spire (QoL Compilation)","Shade Mod","StSLib"],"gold_per_floor":[110,110,123,135,146,146,173,183,183,210,228,247,247,259,259,356,406,422,70,70,89,89,89],"floor_reached":22,"playtime":1875,"items_purged":[],"score":295,"play_id":"0394d494-ece7-4663-86d1-699511269a86","local_time":"20201231144840","is_ascension_mode":true,"campfire_choices":[{"data":"Shade:AnimateDead","floor":6,"key":"SMITH"},{"floor":15,"key":"REST"}],"circlet_count":0,"master_deck":["Shade:ClawBack","Shade:ClawBack","Shade:ClawBack","Shade:ClawBack","Shade:GraveStillness","Shade:GraveStillness","Shade:GraveStillness","Shade:GraveStillness","Shade:AnimateDead+1","Shade:CarefulCut+1","CurseOfTheBell","Shade:AblativeArmor","Shade:Bite_Shade","Shade:Consume","Shade:CloudOfShrapnel","Shade:CloudOfShrapnel","Shade:FleshLikeOak","Shade:Doomsay","Shade:SkeletonArmy","Shade:Coordination","Shade:SoulPierce","Shade:SpontaneousRitual","Shade:Premonition+1","Shade:FuneraryArmor+1"],"relics":["EVO:Axolotl","Calling Bell","Art of War","Pantograph","Dead Branch","White Beast Statue","Bottled Lightning","Vajra","Tiny House","Membership Card","Frozen Egg 2","Boot"],"acts_visited":["Exordium","TheCity"],"potions_floor_usage":[1,7,11,16,16,18,20,21,21],"damage_taken":[{"damage":0,"enemies":"Small Slimes","floor":1,"turns":2},{"damage":0,"enemies":"Cultist","floor":3,"turns":3},{"damage":2,"enemies":"Jaw Worm","floor":4,"turns":3},{"damage":18,"enemies":"Lots of Slimes","floor":5,"turns":4},{"damage":12,"enemies":"3 Sentries","floor":7,"turns":6},{"damage":1,"enemies":"3 Louse","floor":8,"turns":3},{"damage":34,"enemies":"Gremlin Nob","floor":10,"turns":5},{"damage":0,"enemies":"Gremlin Gang","floor":11,"turns":2},{"damage":2,"enemies":"Lots of Slimes","floor":12,"turns":4},{"damage":7,"enemies":"Looter","floor":14,"turns":3},{"damage":3,"enemies":"Hexaghost","floor":16,"turns":10},{"damage":16,"enemies":"3 Byrds","floor":18,"turns":6},{"damage":8,"enemies":"2 Thieves","floor":21,"turns":3},{"damage":63,"enemies":"Shelled Parasite and Fungi","floor":22,"turns":6}],"seed_played":"2919679117475084235","potions_obtained":[{"floor":1,"key":"Fruit Juice"},{"floor":5,"key":"Dexterity Potion"},{"floor":7,"key":"DistilledChaos"},{"floor":8,"key":"BlessingOfTheForge"},{"floor":10,"key":"SpeedPotion"},{"floor":11,"key":"SneckoOil"},{"floor":12,"key":"LiquidBronze"},{"floor":14,"key":"Block Potion"},{"floor":16,"key":"LiquidMemories"},{"floor":17,"key":"Block Potion"},{"floor":18,"key":"SkillPotion"},{"floor":20,"key":"Fruit Juice"},{"floor":20,"key":"Explosive Potion"},{"floor":21,"key":"PowerPotion"}],"is_trial":false,"path_per_floor":["M","?","M","M","M","R","E","M","T","E","M","M","?","M","R","B",null,"M","$","?","M","M"],"character_chosen":"SHADE","items_purchased":["Membership Card","Frozen Egg 2","Boot"],"campfire_rested":1,"item_purchase_floors":[19,19,19],"current_hp_per_floor":[71,71,71,69,55,55,45,46,46,16,16,16,16,11,32,56,76,60,60,65,59,0,0],"gold":89,"neow_bonus":"BOSS_RELIC","is_daily":false,"chose_seed":false,"campfire_upgraded":1,"win_rate":0.0,"timestamp":1609379320,"path_taken":["M","?","?","?","M","R","E","M","T","E","M","M","?","?","R","BOSS","M","$","?","M","M"],"items_purchased_type":["Relic","Relic","Relic"],"build_version":"2020-12-22","purchased_purges":0,"victory":false,"max_hp_per_floor":[71,71,71,71,71,71,71,71,71,71,71,71,71,71,71,71,76,76,76,81,81,81,81],"card_choices":[{"not_picked":["Shade:AncientSpear","Shade:FingerOfDeath"],"picked":"Shade:AblativeArmor","floor":1},{"not_picked":["Shade:Bonestorm","Shade:FreshBones"],"picked":"Shade:Bite_Shade","floor":3},{"not_picked":["Shade:Premonition","Shade:Brains","Shade:FingerOfDeath"],"picked":"SKIP","floor":4},{"not_picked":["Shade:Premonition","Shade:Frenzy"],"picked":"Shade:Consume","floor":5},{"not_picked":["Shade:Frenzy","Shade:CoffinDance","Shade:BoneShards"],"picked":"SKIP","floor":7},{"not_picked":["Shade:FingerOfDeath","Shade:CommandSoldier"],"picked":"Shade:CloudOfShrapnel","floor":8},{"not_picked":["Shade:CommandSoldier","Shade:ExtraLimbs"],"picked":"Shade:CloudOfShrapnel","floor":10},{"not_picked":["Shade:Premonition","Shade:Brains"],"picked":"Shade:FleshLikeOak","floor":11},{"not_picked":["Shade:Bonestorm","Shade:AncientSpear"],"picked":"Shade:Doomsay","floor":12},{"not_picked":["Shade:CommandSoldier","Shade:Haruspicy"],"picked":"Shade:Coordination","floor":14},{"not_picked":["Shade:UnbarTheGrave","Shade:OfferingToTheBeyond"],"picked":"Shade:SoulPierce","floor":16},{"not_picked":["Shade:Trample","Shade:GreyBargain"],"picked":"Shade:SpontaneousRitual","floor":17},{"not_picked":["Shade:FingerOfDeath","Shade:Bite_Shade"],"picked":"Shade:Premonition+1","floor":18},{"not_picked":["Shade:AblativeArmor","Shade:AncientSpear"],"picked":"Shade:FuneraryArmor+1","floor":21}],"player_experience":1820403,"relics_obtained":[{"floor":0,"key":"Art of War"},{"floor":0,"key":"Pantograph"},{"floor":0,"key":"Dead Branch"},{"floor":7,"key":"White Beast Statue"},{"floor":9,"key":"Bottled Lightning"},{"floor":10,"key":"Vajra"}],"event_choices":[{"damage_healed":0,"gold_gain":0,"player_choice":"Full Heal","damage_taken":0,"max_hp_gain":0,"max_hp_loss":0,"event_name":"Wheel of Change","floor":2,"gold_loss":0},{"damage_healed":0,"gold_gain":0,"player_choice":"1 cards matched","damage_taken":0,"max_hp_gain":0,"max_hp_loss":0,"event_name":"Match and Keep!","floor":13,"gold_loss":0,"cards_obtained":["Shade:SkeletonArmy"]},{"damage_healed":0,"gold_gain":0,"player_choice":"Got Potions","damage_taken":0,"max_hp_gain":0,"max_hp_loss":0,"event_name":"Lab","floor":20,"gold_loss":0}],"is_beta":false,"boss_relics":[{"not_picked":["Runic Pyramid","Empty Cage"],"picked":"Tiny House"}],"items_purged_floors":[],"is_endless":false,"potions_floor_spawned":[1,5,7,8,10,11,12,14,16,18,21],"killed_by":"Shelled Parasite and Fungi","ascension_level":2}}