{"host":"1c52r9kaxdyo25eq","time":1609457805,"event":{"mods":["AchievementEnabler","BaseMod","Minty Spire (QoL Compilation)","Rare Cards Sparkle","SuperFastMode","everything is the same but u backflip on backflip"],"gold_per_floor":[112,131,143,43,43,43,73,83,83,83,102,114,114,127,127,199,199,211,136,154,174,191,191,218,218,245,88,88,88,103,103,103],"floor_reached":31,"playtime":638,"items_purged":["Strike_G"],"score":518,"play_id":"963b3806-e972-40e5-801b-f12fe72bf577","local_time":"20210101083645","is_ascension_mode":true,"campfire_choices":[{"data":"Corpse Explosion","floor":6.0,"key":"SMITH"},{"data":"Crippling Poison","floor":10.0,"key":"SMITH"},{"data":"Poisoned Stab","floor":13.0,"key":"SMITH"},{"floor":15.0,"key":"REST"},{"floor":23.0,"key":"REST"},{"floor":25.0,"key":"REST"}],"circlet_count":0,"master_deck":["AscendersBane","Strike_G","Strike_G","Strike_G","Defend_G","Defend_G","Defend_G","Defend_G","Survivor","Neutralize","Deadly Poison","Corpse Explosion+1","Backstab","Poisoned Stab+1","Dagger Throw","Crippling Poison+1","After Image","Backflip","Blur","Footwork"],"relics":["Ring of the Snake","Pocketwatch","Bag of Marbles","White Beast Statue","Black Star","Ice Cream","Mercury Hourglass","Potion Belt","Orrery"],"acts_visited":["Exordium","TheCity"],"potions_floor_usage":[30],"damage_taken":[{"damage":2.0,"enemies":"2 Louse","floor":1.0,"turns":4.0},{"damage":0.0,"enemies":"Cultist","floor":2.0,"turns":3.0},{"damage":6.0,"enemies":"Jaw Worm","floor":3.0,"turns":3.0},{"damage":8.0,"enemies":"Gremlin Nob","floor":7.0,"turns":3.0},{"damage":7.0,"enemies":"Exordium Wildlife","floor":8.0,"turns":3.0},{"damage":0.0,"enemies":"Looter","floor":11.0,"turns":1.0},{"damage":10.0,"enemies":"Exordium Thugs","floor":12.0,"turns":3.0},{"damage":5.0,"enemies":"Gremlin Gang","floor":14.0,"turns":3.0},{"damage":8.0,"enemies":"The Guardian","floor":16.0,"turns":7.0},{"damage":11.0,"enemies":"Shell Parasite","floor":18.0,"turns":5.0},{"damage":22.0,"enemies":"2 Thieves","floor":20.0,"turns":2.0},{"damage":6.0,"enemies":"Sentry and Sphere","floor":21.0,"turns":3.0},{"damage":0.0,"enemies":"3 Cultists","floor":22.0,"turns":3.0},{"damage":24.0,"enemies":"Gremlin Leader","floor":24.0,"turns":5.0},{"damage":14,"enemies":"Centurion and Healer","floor":30,"turns":4},{"damage":5,"enemies":"Snake Plant","floor":31,"turns":2}],"seed_played":"-939741040334993442","potions_obtained":[{"floor":7.0,"key":"Fire Potion"},{"floor":11.0,"key":"Energy Potion"},{"floor":12.0,"key":"AttackPotion"},{"floor":16.0,"key":"CultistPotion"},{"floor":18.0,"key":"Poison Potion"},{"floor":20.0,"key":"FearPotion"},{"floor":22.0,"key":"CunningPotion"},{"floor":24.0,"key":"Poison Potion"},{"floor":30,"key":"Fire Potion"}],"is_trial":false,"path_per_floor":["M","M","M","$","?","R","E","M","T","R","M","M","R","M","R","B",null,"M","?","M","M","M","R","E","R","T","$","?","$","M","M"],"character_chosen":"THE_SILENT","items_purchased":["Poisoned Stab","Orrery"],"campfire_rested":3,"item_purchase_floors":[4,27],"current_hp_per_floor":[57,57,51,51,51,51,43,36,36,36,36,26,26,21,39,31,53,42,42,20,14,14,32,8,26,26,26,26,26,12,7,7],"gold":103,"neow_bonus":"ONE_RARE_RELIC","is_daily":false,"chose_seed":false,"campfire_upgraded":3,"win_rate":0.0,"timestamp":1609457805,"path_taken":["M","M","M","$","?","R","E","M","T","R","M","M","R","M","R","BOSS","M","?","M","M","M","R","E","R","T","$","?","?","M","M"],"items_purchased_type":["Card","Relic"],"build_version":"2020-12-22","purchased_purges":1,"victory":false,"max_hp_per_floor":[60,60,60,60,60,60,60,60,60,60,60,60,60,60,60,60,60,60,60,60,60,60,60,60,60,60,60,60,60,60,60,60],"card_choices":[{"not_picked":["Outmaneuver","Acrobatics"],"picked":"Deadly Poison","floor":1.0},{"not_picked":["Blade Dance","Riddle With Holes"],"picked":"Corpse Explosion","floor":2.0},{"not_picked":["Flying Knee","Escape Plan","Backstab"],"picked":"SKIP","floor":3.0},{"not_picked":["Flying Knee","Escape Plan"],"picked":"Backstab","floor":3.0},{"not_picked":["Cloak And Dagger","Deflect"],"picked":"Crippling Poison","floor":7.0},{"not_picked":["Infinite Blades","Poisoned Stab","Setup"],"picked":"SKIP","floor":8.0},{"not_picked":["Leg Sweep","Dash","Escape Plan"],"picked":"SKIP","floor":11.0},{"not_picked":["Distraction","Blade Dance","Dagger Throw"],"picked":"SKIP","floor":12.0},{"not_picked":["Slice","Wraith Form v2","PiercingWail"],"picked":"SKIP","floor":14.0},{"not_picked":["Tools of the Trade","Venomology"],"picked":"After Image","floor":16.0},{"not_picked":["Skewer","Cloak And Dagger","Leg Sweep"],"picked":"SKIP","floor":18.0},{"not_picked":["Flying Knee","Endless Agony","Setup"],"picked":"SKIP","floor":20.0},{"not_picked":["Eviscerate","Choke","Poisoned Stab"],"picked":"SKIP","floor":21.0},{"not_picked":["Backflip","Endless Agony","Calculated Gamble"],"picked":"SKIP","floor":22.0},{"not_picked":["Predator","Footwork","Dodge and Roll"],"picked":"SKIP","floor":24.0},{"not_picked":["Concentrate","Deflect"],"picked":"Backflip","floor":27},{"not_picked":["Slice+1","Flechettes"],"picked":"Blur","floor":27},{"not_picked":["Backstab","All Out Attack"],"picked":"Footwork","floor":27},{"not_picked":["Setup","Blade Dance+1","Dodge and Roll"],"picked":"SKIP","floor":30}],"player_experience":535236,"relics_obtained":[{"floor":7.0,"key":"Bag of Marbles"},{"floor":9.0,"key":"White Beast Statue"},{"floor":24.0,"key":"Ice Cream"},{"floor":24.0,"key":"Mercury Hourglass"},{"floor":26.0,"key":"Potion Belt"}],"event_choices":[{"damage_healed":0.0,"max_hp_gain":0.0,"max_hp_loss":0.0,"gold_gain":0.0,"cards_transformed":["Strike_G"],"event_name":"Transmorgrifier","player_choice":"Transformed","floor":5.0,"gold_loss":0.0,"damage_taken":0.0,"cards_obtained":["Dagger Throw"]},{"cards_removed":["Defend_G"],"damage_healed":0.0,"max_hp_gain":0.0,"max_hp_loss":0.0,"gold_gain":0.0,"event_name":"Beggar","player_choice":"Gave Gold","floor":19.0,"gold_loss":75.0,"damage_taken":0.0},{"damage_healed":0,"gold_gain":0,"player_choice":"Ignored","damage_taken":0,"max_hp_gain":0,"max_hp_loss":0,"event_name":"Ghosts","floor":28,"gold_loss":0}],"is_beta":false,"boss_relics":[{"not_picked":["Snecko Eye","Ring of the Serpent"],"picked":"Black Star"}],"items_purged_floors":[4],"is_endless":false,"potions_floor_spawned":[7,11,12,14,16,18,20,21,22,24,30],"killed_by":"Snake Plant","ascension_level":20}}