{"host":"uclt3t1usqzz4m5p","time":1609397078,"event":{"mods":["AchievementEnabler","Arknights The Spire","BaseMod","Better Altar","Better Match","Better Sensory Stone","Better Skull","Better Third Choice","Booster Modes","Card Forge","Colored Powertips","Displayed Cursed Tome","Evolution","GifTheSpireLib","Gremlin Skip","Minty Spire (QoL Compilation)","Permanent Neow","Quick Restart","StSLib","SuperFastMode","The Caster","The Death Knight","The Mystic","WarShipGirlsR/????R mod"],"gold_per_floor":[118,131,4,16,16,43,43,78,157,157,173,173,192,203,203,307,307,326,326,326,344,39,66,66,78,104,52,52,64,64,64,64,164,164,176,29,44,58,58,58,73,73,73,108,108,158,158,176,176,176],"floor_reached":51,"playtime":4148,"items_purged":["Writhe"],"score":705,"play_id":"7ca076f6-16d4-43d1-bcf9-770b22b1285c","local_time":"20201230224438","is_ascension_mode":false,"campfire_choices":[{"data":"DeathKnight:UnholyExperiment","floor":10.0,"key":"SMITH"},{"data":"DeathKnight:RuneTap","floor":12.0,"key":"SMITH"},{"data":"DeathKnight:DeathStrike","floor":15.0,"key":"SMITH"},{"data":"DeathKnight:Runesurge","floor":28.0,"key":"SMITH"},{"data":"DeathKnight:Hysteria","floor":30,"key":"SMITH"},{"data":"DeathKnight:DancingRuneblade","floor":32,"key":"SMITH"},{"data":"DeathKnight:Runesurge","floor":40,"key":"SMITH"},{"data":"DeathKnight:IceboundArmor","floor":42,"key":"SMITH"},{"data":"DeathKnight:ReapingStrike","floor":49,"key":"SMITH"}],"circlet_count":0,"master_deck":["DeathKnight:Strike_DeathKnight","DeathKnight:Strike_DeathKnight","DeathKnight:Strike_DeathKnight","DeathKnight:Strike_DeathKnight","DeathKnight:Strike_DeathKnight","DeathKnight:Defend_DeathKnight","DeathKnight:Defend_DeathKnight","DeathKnight:Defend_DeathKnight","DeathKnight:Defend_DeathKnight","DeathKnight:Defend_DeathKnight","DeathKnight:RuneTap+1","DeathKnight:RuneStrike+1","DeathKnight:WraithWalk","DeathKnight:DreadStrike","DeathKnight:UnholyPresence+1","DeathKnight:DeathCoil","DeathKnight:ShatteringStrikes","DeathKnight:DeathStrike+1","DeathKnight:UnholyExperiment+1","DeathKnight:ThirstingStrike","DeathKnight:BloodBoil","DeathKnight:DeathCoil","DeathKnight:HartStrike","DeathKnight:Runesurge+1","DeathKnight:AntiMagicShell+1","DeathKnight:MindFreeze","DeathKnight:DancingRuneblade+1","DeathKnight:IcyTouch+1","DeathKnight:BladedArmor","DeathKnight:IceboundArmor+1","DeathKnight:Hysteria+1","DeathKnight:Runesurge+1","DeathKnight:ReapingStrike+1","Master of Strategy","Panache"],"relics":["DeathKnight:ReforgedRuneblade","Hammer of Thor","Seething Fire","Anvil of the Gods","EVO:Axolotl","Dead Branch","Ancient Tea Set","Bottled Tornado","DeathKnight:Shadowmourne","DeathKnight:ScourgePlagueSample","Bloody Idol","DeathKnight:SylvanasMusicBox","Tiny Chest","DeathKnight:Scourgestone","SlaversCollar","Lee\u0027s Waffle","Shuriken","Darkstone Periapt","Sundial","Gambling Chip"],"acts_visited":["Exordium","TheCity","TheBeyond"],"potions_floor_usage":[29,29,29,33,33,33,38,41,44,44,46,46,48,48,50],"damage_taken":[{"damage":0.0,"enemies":"2 Louse","floor":1.0,"turns":3.0},{"damage":1.0,"enemies":"Jaw Worm","floor":2.0,"turns":5.0},{"damage":0.0,"enemies":"Small Slimes","floor":4.0,"turns":3.0},{"damage":22.0,"enemies":"Lagavulin","floor":6.0,"turns":7.0},{"damage":20.0,"enemies":"3 Sentries","floor":8.0,"turns":7.0},{"damage":10.0,"enemies":"Looter","floor":11.0,"turns":2.0},{"damage":9.0,"enemies":"2 Fungi Beasts","floor":13.0,"turns":2.0},{"damage":3.0,"enemies":"Exordium Thugs","floor":14.0,"turns":4.0},{"damage":22.0,"enemies":"Slime Boss","floor":16.0,"turns":8.0},{"damage":1.0,"enemies":"Shell Parasite","floor":18.0,"turns":3.0},{"damage":5.0,"enemies":"Chosen","floor":21.0,"turns":3.0},{"damage":18.0,"enemies":"Book of Stabbing","floor":23.0,"turns":4.0},{"damage":0.0,"enemies":"Snecko","floor":25.0,"turns":2.0},{"damage":0,"enemies":"Centurion and Healer","floor":29,"turns":4},{"damage":6,"enemies":"Collector","floor":33,"turns":8},{"damage":15,"enemies":"Orb Walker","floor":35,"turns":4},{"damage":15,"enemies":"3 Darklings","floor":37,"turns":4},{"damage":39,"enemies":"Writhing Mass","floor":38,"turns":6},{"damage":0,"enemies":"Transient","floor":41,"turns":5},{"damage":0,"enemies":"Reptomancer","floor":44,"turns":5},{"damage":0,"enemies":"Mind Bloom Boss Battle","floor":46,"turns":4},{"damage":0,"enemies":"Sphere and 2 Shapes","floor":48,"turns":3},{"damage":8,"enemies":"Awakened One","floor":50,"turns":7}],"seed_played":"-4182310461172983648","potions_obtained":[{"floor":1.0,"key":"Fruit Juice"},{"floor":6.0,"key":"ColorlessPotion"},{"floor":8.0,"key":"PowerPotion"},{"floor":13.0,"key":"DistilledChaos"},{"floor":14.0,"key":"Dexterity Potion"},{"floor":21.0,"key":"Energy Potion"},{"floor":23.0,"key":"PowerPotion"},{"floor":25.0,"key":"Strength Potion"},{"floor":29,"key":"Block Potion"},{"floor":37,"key":"ColorlessPotion"},{"floor":44,"key":"AttackPotion"},{"floor":46,"key":"DeathKnight:RunicPotion"}],"is_trial":false,"path_per_floor":["M","M","$","M","?","E","$","E","T","R","M","R","M","M","R","B",null,"M","?","?","M","$","E","?","M","T","$","R","M","R","?","R","B",null,"M","$","M","M","?","R","M","R","T","E","T","?","?","M","R","B",null],"character_chosen":"DEATH_KNIGHT","items_purchased":["DeathKnight:UnholyPresence","DeathKnight:DeathCoil","DeathKnight:ShatteringStrikes","DeathKnight:SylvanasMusicBox","DeathKnight:DancingRuneblade","DeathKnight:IceboundArmor","Lee\u0027s Waffle"],"campfire_rested":0,"item_purchase_floors":[3,3,3,22,22,27,36],"current_hp_per_floor":[75,74,74,74,74,57,57,45,45,45,35,35,26,23,23,13,80,79,79,39,39,39,26,26,31,36,36,36,53,53,53,53,80,80,70,87,77,56,81,81,81,81,81,81,81,81,81,81,81,76],"gold":176,"neow_bonus":"UPGRADE_CARD","is_daily":false,"chose_seed":false,"campfire_upgraded":9,"win_rate":0.0,"timestamp":1609397078,"path_taken":["M","M","$","M","?","E","$","E","T","R","M","R","M","M","R","BOSS","M","?","?","M","$","E","?","M","T","$","R","M","R","?","R","BOSS","M","$","M","M","?","R","M","R","T","E","?","?","?","M","R","BOSS"],"items_purchased_type":["Card","Card","Card","Relic","Card","Card","Relic"],"build_version":"2020-12-22","purchased_purges":1,"victory":true,"max_hp_per_floor":[75,75,75,75,75,80,80,80,80,80,80,80,80,80,80,80,80,80,80,80,80,80,80,80,80,80,80,80,80,80,80,80,80,80,80,87,87,87,81,81,81,81,81,81,81,81,81,81,81,81],"card_choices":[{"not_picked":["DeathKnight:Hemostasis","DeathKnight:DreadStrike"],"picked":"DeathKnight:WraithWalk","floor":1.0},{"not_picked":["DeathKnight:BloodPact","DeathKnight:ChainsOfIce"],"picked":"DeathKnight:DreadStrike","floor":2.0},{"not_picked":["DeathKnight:Hemostasis","DeathKnight:ShatteringStrikes"],"picked":"DeathKnight:DeathStrike","floor":4.0},{"not_picked":["DeathKnight:ScourgeStrike","DeathKnight:HartStrike"],"picked":"DeathKnight:UnholyExperiment","floor":6.0},{"not_picked":["DeathKnight:UnholyPresence","DeathKnight:HornOfWinter"],"picked":"DeathKnight:ThirstingStrike","floor":8.0},{"not_picked":["DeathKnight:BludPresence","DeathKnight:DeathStrike"],"picked":"DeathKnight:BloodBoil","floor":11.0},{"not_picked":["DeathKnight:BoneSpear","DeathKnight:UnholyFrenzy"],"picked":"DeathKnight:DeathCoil","floor":13.0},{"not_picked":["DeathKnight:Parry","DeathKnight:BloodTap"],"picked":"DeathKnight:HartStrike","floor":14.0},{"not_picked":["DeathKnight:ReapingStrike","DeathKnight:VampiricBlood"],"picked":"DeathKnight:Runesurge","floor":16.0},{"not_picked":["DeathKnight:BloodStrike+1","DeathKnight:RunicCorruption"],"picked":"DeathKnight:AntiMagicShell+1","floor":18.0},{"not_picked":["DeathKnight:Contagion+1","DeathKnight:Runeguard+1"],"picked":"DeathKnight:MindFreeze","floor":21.0},{"not_picked":["DeathKnight:DeathCoil","DeathKnight:DancingRuneblade"],"picked":"DeathKnight:IcyTouch+1","floor":23.0},{"not_picked":["DeathKnight:BloodStrike","DeathKnight:RuneShock"],"picked":"DeathKnight:BladedArmor","floor":25.0},{"not_picked":["DeathKnight:DeathsAdvance","DeathKnight:BloodTap"],"picked":"DeathKnight:Hysteria","floor":29},{"not_picked":["DeathKnight:BoneStorm","DeathKnight:Outbreak"],"picked":"DeathKnight:Runesurge","floor":33},{"not_picked":["DeathKnight:FrostStrike+1","DeathKnight:HornOfWinter","DeathKnight:FesteringStrike"],"picked":"SKIP","floor":35},{"not_picked":["DeathKnight:IcyTouch+1","DeathKnight:BloodTap","DeathKnight:RunicCorruption+1"],"picked":"SKIP","floor":37},{"not_picked":["DeathKnight:DeathAndDecay","DeathKnight:DeathRune","DeathKnight:IcyTouch+1"],"picked":"SKIP","floor":38},{"not_picked":["DeathKnight:RaiseAlly+1","DeathKnight:BloodStrike+1","DeathKnight:Culling"],"picked":"SKIP","floor":41},{"not_picked":["DeathKnight:ShatteringStrikes+1","DeathKnight:GargoyleSkin","DeathKnight:IcyTouch+1"],"picked":"SKIP","floor":44},{"not_picked":["DeathKnight:MutagenicPlague","DeathKnight:Hysteria"],"picked":"DeathKnight:ReapingStrike","floor":46},{"not_picked":["Good Instincts","Trip"],"picked":"Master of Strategy","floor":47},{"not_picked":["Bandage Up","The Bomb"],"picked":"Panache","floor":47},{"not_picked":["DeathKnight:Rot","DeathKnight:Hemostasis","DeathKnight:BloodEchoes"],"picked":"SKIP","floor":48}],"player_experience":581832,"relics_obtained":[{"floor":6.0,"key":"Dead Branch"},{"floor":8.0,"key":"Ancient Tea Set"},{"floor":9.0,"key":"Bottled Tornado"},{"floor":23.0,"key":"Tiny Chest"},{"floor":26.0,"key":"DeathKnight:Scourgestone"},{"floor":43,"key":"Shuriken"},{"floor":44,"key":"Darkstone Periapt"},{"floor":45,"key":"Sundial"},{"floor":46,"key":"Gambling Chip"}],"event_choices":[{"damage_healed":0.0,"max_hp_gain":0.0,"max_hp_loss":0.0,"gold_gain":0.0,"event_name":"Living Wall","player_choice":"Grow","floor":5.0,"gold_loss":0.0,"damage_taken":0.0,"cards_upgraded":["DeathKnight:UnholyPresence"]},{"damage_healed":0.0,"max_hp_gain":0.0,"max_hp_loss":0.0,"gold_gain":0.0,"event_name":"The Mausoleum","player_choice":"Opened","floor":19.0,"gold_loss":0.0,"damage_taken":0.0,"relics_obtained":["DeathKnight:ScourgePlagueSample"],"cards_obtained":["Writhe"]},{"damage_healed":0.0,"max_hp_gain":79.0,"max_hp_loss":39.0,"gold_gain":0.0,"event_name":"betterAltar:BetterAltar","player_choice":" Idol ","floor":20.0,"potions_obtained":[],"relics_lost":[],"gold_loss":0.0,"damage_taken":40.0,"relics_obtained":["Bloody Idol"]},{"damage_healed":0,"gold_gain":0,"player_choice":"Ignored","damage_taken":0,"max_hp_gain":0,"max_hp_loss":0,"event_name":"Ghosts","floor":31,"gold_loss":0},{"damage_healed":0,"gold_gain":0,"player_choice":"Fight","damage_taken":0,"max_hp_gain":0,"max_hp_loss":0,"event_name":"MindBloom","floor":46,"gold_loss":0},{"damage_healed":0,"gold_gain":3,"player_choice":"1","damage_taken":0,"max_hp_gain":0,"max_hp_loss":0,"event_name":"betterStone:BetterStone","floor":47,"gold_loss":0}],"is_beta":false,"boss_relics":[{"not_picked":["Astrolabe","Runic Dome"],"picked":"DeathKnight:Shadowmourne"},{"not_picked":["Runic Pyramid","Black Star"],"picked":"SlaversCollar"}],"items_purged_floors":[22],"is_endless":false,"potions_floor_spawned":[1,6,8,13,14,21,23,25,29,37,41,44,46],"ascension_level":0}}