{"host":"2461dio7vetlq1z3","time":1609410136,"event":{"mods":["2.2 Compatiblity","AchievementEnabler","Aspiration","BaseMod","Better Third Choice","Friendly Minions","Hermit","Minty Spire (QoL Compilation)","Relic Stats","Spicy Shops","StSLib","The Construct","Waifu the Spire"],"gold_per_floor":[110,35,35,35,48,83,107,28,28,28,57,71,71,84,84,162,162,181,181,191,202,216,242,242,271,326,345,99,126,143,143,143,220,220,236,136,147,147,161,190,207,387,387,403,438,452,452,50,50,50,50],"floor_reached":50,"playtime":2355,"items_purged":["Clumsy","Strike_G","Defend_G"],"score":1419,"play_id":"ba2bd702-2012-4fee-b710-62b28a1c3d11","local_time":"20201231112216","is_ascension_mode":true,"campfire_choices":[{"data":"Envenom","floor":10,"key":"SMITH"},{"floor":13,"key":"REST"},{"data":"Strike_G","floor":15,"key":"PURGE"},{"data":"Burst","floor":24,"key":"SMITH"},{"data":"Strike_G","floor":32,"key":"PURGE"},{"floor":47,"key":"REST"},{"floor":49,"key":"RECALL"}],"circlet_count":0,"master_deck":["AscendersBane","Defend_G","Defend_G","Defend_G","Defend_G","Survivor","Neutralize","Masterful Stab","ReachHeaven","Quick Slash","Masterful Stab","Envenom+1","Masterful Stab","Predator","Dash","Burst+1","Corpse Explosion","Backflip","Adrenaline","Escape Plan","Wraith Form v2","Skewer+1","Wraith Form v2","PiercingWail","Dash+1","Well Laid Plans"],"relics":["Ring of the Snake","NeowsBlessing","aspiration:StickyExplosives_weak","Art of War","Sundial","Odd Mushroom","aspiration:VileToxins","Peace Pipe","Cursed Key","Mango","Vajra","aspiration:Lifesprig","Lantern","aspiration:RunicSpoon","PreservedInsect","aspiration:FetidBarrel","Pantograph"],"acts_visited":["Exordium","TheCity","TheBeyond"],"potions_floor_usage":[16,22,23,25,25,29,29,29,33,33,46,50],"damage_taken":[{"damage":0,"enemies":"2 Louse","floor":1,"turns":1},{"damage":0,"enemies":"Jaw Worm","floor":5,"turns":1},{"damage":0,"enemies":"3 Sentries","floor":6,"turns":1},{"damage":4,"enemies":"The Mushroom Lair","floor":7,"turns":4},{"damage":10,"enemies":"Lagavulin","floor":11,"turns":6},{"damage":0,"enemies":"Small Slimes","floor":12,"turns":2},{"damage":0,"enemies":"Exordium Wildlife","floor":14,"turns":2},{"damage":0,"enemies":"Slime Boss","floor":16,"turns":5},{"damage":1,"enemies":"Spheric Guardian","floor":18,"turns":3},{"damage":0,"enemies":"3 Byrds","floor":20,"turns":2},{"damage":12,"enemies":"Shelled Parasite and Fungi","floor":21,"turns":6},{"damage":0,"enemies":"Centurion and Healer","floor":22,"turns":2},{"damage":8,"enemies":"Slavers","floor":23,"turns":2},{"damage":11,"enemies":"Book of Stabbing","floor":25,"turns":4},{"damage":8,"enemies":"Snake Plant","floor":27,"turns":3},{"damage":0,"enemies":"Slavers","floor":29,"turns":2},{"damage":3,"enemies":"Snecko","floor":30,"turns":4},{"damage":18,"enemies":"Collector","floor":33,"turns":10},{"damage":0,"enemies":"Orb Walker","floor":35,"turns":2},{"damage":0,"enemies":"3 Darklings","floor":37,"turns":4},{"damage":2,"enemies":"Transient","floor":39,"turns":6},{"damage":21,"enemies":"Nemesis","floor":40,"turns":7},{"damage":0,"enemies":"Sphere and 2 Shapes","floor":41,"turns":4},{"damage":13,"enemies":"4 Shapes","floor":44,"turns":6},{"damage":6,"enemies":"Reptomancer","floor":45,"turns":4},{"damage":5,"enemies":"Writhing Mass","floor":46,"turns":6},{"damage":75,"enemies":"Awakened One","floor":50,"turns":11}],"seed_played":"-4156426897570388370","potions_obtained":[{"floor":5,"key":"EntropicBrew"},{"floor":6,"key":"Energy Potion"},{"floor":11,"key":"BlessingOfTheForge"},{"floor":18,"key":"Fruit Juice"},{"floor":22,"key":"Strength Potion"},{"floor":23,"key":"CunningPotion"},{"floor":30,"key":"Poison Potion"},{"floor":33,"key":"LiquidMemories"},{"floor":35,"key":"Energy Potion"},{"floor":45,"key":"Weak Potion"},{"floor":46,"key":"construct:ShiftPotion"}],"is_trial":false,"path_per_floor":["M","?","T","?","M","E","?","$","T","R","E","M","R","M","R","B",null,"M","?","M","M","M","E","R","E","T","M","$","E","M","?","R","B",null,"M","$","M","?","M","E","M","?","T","M","E","M","R","$","R","B"],"character_chosen":"THE_SILENT","items_purchased":["Envenom","aspiration:Lifesprig","Pantograph"],"campfire_rested":2,"item_purchase_floors":[8,28,48],"current_hp_per_floor":[59,59,59,38,38,38,34,34,34,34,24,24,43,43,43,43,60,59,59,59,47,52,58,58,47,47,39,39,39,36,24,24,6,65,65,65,65,85,83,62,62,43,43,30,24,19,44,44,44,0,0],"gold":50,"neow_bonus":"THREE_ENEMY_KILL","is_daily":false,"chose_seed":false,"campfire_upgraded":2,"win_rate":0.0,"timestamp":1609410136,"path_taken":["M","?","?","?","M","E","?","$","T","R","E","?","R","M","R","BOSS","M","?","M","M","?","E","R","E","T","M","$","E","M","?","R","BOSS","M","?","M","?","?","E","M","?","T","M","E","M","R","?","R","BOSS"],"items_purchased_type":["Card","Relic","Relic"],"build_version":"2020-12-22","purchased_purges":3,"victory":false,"max_hp_per_floor":[66,66,66,66,66,66,66,66,66,66,66,66,66,66,66,66,66,66,66,66,66,71,85,85,85,85,85,85,85,85,85,85,85,85,85,85,85,85,85,85,85,85,85,85,85,85,85,85,85,85,85],"relic_stats":{"Peace Pipe":2,"counters":[27,109],"Sundial":[10],"aspiration:RunicSpoon":[66],"Pantograph":25,"PreservedInsect":61,"Art of War":[9],"Cursed Key":1,"obtain_stats":[{"aspiration:VileToxins":9,"aspiration:Lifesprig":28,"Lantern":29,"NeowsBlessing":0,"aspiration:FetidBarrel":45,"aspiration:RunicSpoon":34,"Vajra":25,"Mango":23,"PreservedInsect":40,"Odd Mushroom":7,"Cursed Key":17,"aspiration:StickyExplosives_weak":3,"Peace Pipe":11,"Sundial":6,"Pantograph":48,"Art of War":4,"Ring of the Snake":0},{"aspiration:VileToxins":4,"aspiration:Lifesprig":15,"Lantern":16,"NeowsBlessing":0,"aspiration:FetidBarrel":25,"aspiration:RunicSpoon":18,"Vajra":14,"Mango":13,"PreservedInsect":22,"Odd Mushroom":4,"Cursed Key":8,"aspiration:StickyExplosives_weak":1,"Peace Pipe":5,"Sundial":3,"Pantograph":26,"Art of War":1,"Ring of the Snake":0},{"aspiration:VileToxins":7,"aspiration:Lifesprig":44,"Lantern":46,"NeowsBlessing":0,"aspiration:FetidBarrel":92,"aspiration:RunicSpoon":59,"Vajra":41,"Mango":37,"PreservedInsect":78,"Odd Mushroom":7,"Cursed Key":22,"aspiration:StickyExplosives_weak":1,"Peace Pipe":13,"Sundial":3,"Pantograph":98,"Art of War":1,"Ring of the Snake":0}],"Ring of the Snake":[54]},"card_choices":[{"not_picked":["PiercingWail","Deadly Poison"],"picked":"Masterful Stab","floor":1},{"not_picked":["Acrobatics","Bane"],"picked":"Escape Plan","floor":5},{"not_picked":["Deadly Poison","Expertise"],"picked":"Quick Slash","floor":6},{"not_picked":["Quick Slash","Bane"],"picked":"Masterful Stab","floor":7},{"not_picked":["Quick Slash","Terror"],"picked":"Masterful Stab","floor":11},{"not_picked":["Doppelganger","Bouncing Flask"],"picked":"Predator","floor":12},{"not_picked":["Bane","Outmaneuver"],"picked":"Dash","floor":14},{"not_picked":["Envenom","Venomology"],"picked":"Burst","floor":16},{"not_picked":["Deflect","Sucker Punch","Flying Knee"],"picked":"SKIP","floor":18},{"not_picked":["Underhanded Strike","Poisoned Stab+1","Setup"],"picked":"SKIP","floor":20},{"not_picked":["Slice","Quick Slash"],"picked":"Backflip","floor":21},{"not_picked":["Cloak And Dagger","Deadly Poison","All Out Attack"],"picked":"SKIP","floor":22},{"not_picked":["Catalyst","Prepared"],"picked":"Adrenaline","floor":23},{"not_picked":["Dodge and Roll","Caltrops"],"picked":"Escape Plan","floor":25},{"not_picked":["Bane","Choke+1","Deadly Poison+1"],"picked":"SKIP","floor":27},{"not_picked":["Poisoned Stab","Dagger Throw"],"picked":"Wraith Form v2","floor":29},{"not_picked":["Bane+1","Deadly Poison"],"picked":"Skewer+1","floor":30},{"not_picked":["Phantasmal Killer","Unload"],"picked":"Wraith Form v2","floor":33},{"not_picked":["Prepared","Flechettes"],"picked":"PiercingWail","floor":35},{"not_picked":["Poisoned Stab+1","Quick Slash+1"],"picked":"Dash+1","floor":37},{"not_picked":["Expertise","Catalyst","Bouncing Flask+1"],"picked":"SKIP","floor":39},{"not_picked":["Underhanded Strike","Dodge and Roll","Quick Slash+1"],"picked":"SKIP","floor":40},{"not_picked":["Predator","Deadly Poison+1","Bane"],"picked":"SKIP","floor":41},{"not_picked":["Dagger Spray+1","Prepared","Burst"],"picked":"SKIP","floor":44},{"not_picked":["All Out Attack","Slice"],"picked":"Well Laid Plans","floor":45},{"not_picked":["Acrobatics","Dagger Spray+1","Dash"],"picked":"SKIP","floor":46}],"player_experience":1027889,"relics_obtained":[{"floor":3,"key":"aspiration:StickyExplosives_weak"},{"floor":6,"key":"Sundial"},{"floor":7,"key":"Odd Mushroom"},{"floor":9,"key":"aspiration:VileToxins"},{"floor":11,"key":"Peace Pipe"},{"floor":23,"key":"Mango"},{"floor":25,"key":"Vajra"},{"floor":29,"key":"Lantern"},{"floor":40,"key":"PreservedInsect"},{"floor":45,"key":"aspiration:FetidBarrel"}],"event_choices":[{"cards_removed":["Strike_G"],"damage_healed":0,"gold_gain":0,"player_choice":"Card Removal","damage_taken":0,"max_hp_gain":0,"max_hp_loss":0,"event_name":"The Cleric","floor":2,"gold_loss":75},{"damage_healed":0,"gold_gain":0,"player_choice":"Fought Mushrooms","damage_taken":0,"max_hp_gain":0,"max_hp_loss":0,"event_name":"Mushrooms","floor":7,"gold_loss":0},{"damage_healed":0,"gold_gain":0,"cards_transformed":["Strike_G"],"player_choice":"Transformed","damage_taken":0,"max_hp_gain":0,"max_hp_loss":0,"event_name":"Transmorgrifier","floor":19,"gold_loss":0,"cards_obtained":["Corpse Explosion"]},{"damage_healed":0,"gold_gain":0,"player_choice":"Damaged","damage_taken":12,"max_hp_gain":0,"max_hp_loss":0,"event_name":"Wheel of Change","floor":31,"gold_loss":0},{"cards_removed":["Escape Plan"],"damage_healed":20,"gold_gain":0,"player_choice":"Offered Uncommon","damage_taken":0,"max_hp_gain":0,"max_hp_loss":0,"event_name":"Bonfire Elementals","floor":38,"gold_loss":0},{"damage_healed":0,"gold_gain":0,"player_choice":"Random: Green","damage_taken":0,"max_hp_gain":0,"max_hp_loss":0,"event_name":"betterThird:BetterPortal","floor":42,"gold_loss":0},{"damage_healed":0,"gold_gain":180,"player_choice":"GOLD GOLD ","damage_taken":19,"max_hp_gain":0,"max_hp_loss":0,"event_name":"Knowing Skull","floor":42,"potions_obtained":[],"gold_loss":0,"cards_obtained":[]}],"is_beta":false,"boss_relics":[{"not_picked":["aspiration:SecretTechniqueScroll","Runic Dome"],"picked":"Cursed Key"},{"not_picked":["Pandora\u0027s Box","Busted Crown"],"picked":"aspiration:RunicSpoon"}],"items_purged_floors":[28,36,48],"is_endless":false,"potions_floor_spawned":[5,6,11,12,18,22,23,25,30,33,35,41,45,46],"killed_by":"Awakened One","ascension_level":20}}