{"host":"be3r5d8qs4ku9xfy","time":1609401451,"event":{"mods":["AchievementEnabler","Act Like it!","Aspiration","BaseMod","BetterRewards","Colored Map","Colored Powertips","Downfall","Gensokyo","Highlight Path","Hubris","Infinite Spire","Lobotomy","Minty Spire (QoL Compilation)","Quick Restart","Replay The Spire","Shop Mod","StSLib","SuperFastMode","The Construct"],"gold_per_floor":[15,25,25,25,49,83,258,258,258,267,267,305,318,341,341,463,463,487,505,505,523,544,544,557,584,611,654,654,690,699,743,752,865,865,883,910,1010,1019,1042,1060,1109,1118,1118,1144,1153,1253,1295,1310,1319,1319,1319],"floor_reached":50,"playtime":4914,"items_purged":[],"score":621,"play_id":"367c2533-d53d-4b2e-817a-1142ed649042","local_time":"20201231025731","daily_mods":["Specialized","Vintage","Heirloom","Time Dilation","Flight","downfall:Jewelcrafting","downfall:Lament","Diverse","Colorless Cards"],"is_ascension_mode":false,"campfire_choices":[{"floor":15,"key":"DIG"},{"floor":23,"key":"REST"},{"floor":40,"key":"REST"},{"floor":42,"key":"REST"}],"circlet_count":0,"master_deck":["Defend_R","Defend_G","Defend_B","hubris:Defend_Merchant","hubris:MerchantsHand+1","hubris:MerchantsHand","Guardian:ExploitGems","Guardian:ExploitGems","Beam Cell","champ:Shatter","Beam Cell","construct:LongRangeLance+1","Guardian:Gem_Synthetic","Guardian:Gem_Synthetic","Slimebound:Tackle+1","Slimebound:Tackle+1","Slimebound:Tackle+1","Deflect","Pot Of Greed","Pot Of Greed","sneckomod:SerpentIdol","Dagger Spray","champ:MurderStrike","Madness","Madness","Pot Of Greed","infinitespire:Starlight","Consecrate","construct:Boost+1","infinitespire:Fortify+1","Consecrate+1","ReplayTheSpireMod:Limb From Limb+1","hubris:Defend_Merchant","sneckomod:Unknown1Cost","construct:BatteryAcid+1"],"relics":["Smiling Mask","hubris:NiceRug","replay:Trail_Library","Guardian:PickAxe","NeowsBlessing","Tough Bandages","ReplayTheSpireMod:Lightbulb","Guardian:PocketSentry","NeowsBlessing","hexamod:BolsterEngine","ReplayTheSpireMod:Shallot","CeramicFish","Regal Pillow","MealTicket","Garlic","aspiration:HiddenCompartment","ChewingGum","hubris:ToyBattleship","Replay:Wax Seal","Quantum Egg","ReplayTheSpireMod:Ninjato","hubris:SlimyHat","Dream Catcher","NeowsBlessing","Grinning Jar","aspiration:Lifesprig","hubris:ScarierMask","Prayer Wheel","Vampiric Spirits","Ancient Tea Set","Centennial Puzzle","Thread and Needle","Anchor","Replay:Mystery Machine","Juzu Bracelet"],"acts_visited":["Exordium","TheCity","TheBeyond"],"potions_floor_usage":[16,22,41,47,47],"damage_taken":[{"damage":0,"enemies":"Cultist","floor":1,"turns":1},{"damage":0,"enemies":"Jaw Worm","floor":2,"turns":1},{"damage":0,"enemies":"Small Slimes","floor":5,"turns":1},{"damage":0,"enemies":"Gremlin Nob","floor":6,"turns":1},{"damage":0,"enemies":"3 Sentries","floor":12,"turns":1},{"damage":0,"enemies":"Red Slaver","floor":13,"turns":2},{"damage":0,"enemies":"3 Louse","floor":14,"turns":2},{"damage":38,"enemies":"The Guardian","floor":16,"turns":6},{"damage":0,"enemies":"3 Byrds","floor":18,"turns":3},{"damage":0,"enemies":"Spheric Guardian","floor":19,"turns":3},{"damage":4,"enemies":"Centurion and Healer","floor":22,"turns":3},{"damage":0,"enemies":"Snecko","floor":24,"turns":3},{"damage":14,"enemies":"Nightmare","floor":27,"turns":5},{"damage":0,"enemies":"Snake Plant","floor":29,"turns":1},{"damage":0,"enemies":"Slavers","floor":31,"turns":1},{"damage":0,"enemies":"Champ","floor":33,"turns":1},{"damage":35,"enemies":"3 Shapes","floor":35,"turns":3},{"damage":18,"enemies":"Nightmare","floor":41,"turns":6},{"damage":3,"enemies":"3 Darklings","floor":44,"turns":2},{"damage":18,"enemies":"Nemesis","floor":47,"turns":5},{"damage":0,"enemies":"Transient","floor":48,"turns":5},{"damage":82,"enemies":"LordOfAnnihilation","floor":50,"turns":7}],"seed_played":"-8470446075500753494","potions_obtained":[{"floor":5,"key":"champ:CounterPotion"},{"floor":12,"key":"champ:CounterPotion"},{"floor":13,"key":"FearPotion"},{"floor":18,"key":"Reflective Coating"},{"floor":19,"key":"Adrenaline Potion"},{"floor":29,"key":"PowerPotion"},{"floor":31,"key":"Death Potion"},{"floor":44,"key":"CunningPotion"},{"floor":47,"key":"Venom Potion"}],"is_trial":true,"path_per_floor":["M","M","WH","WH","M","E","?","WH","T","?","?","E","M","M","R_BF","B",null,"M","M","?","WH","M","R","M","?","T","NM","WH","M","WH","E","R_BF","B",null,"M","?","WH","?","T","R","NM","R","T","M","WH","WH","E","M","R_BF","B"],"character_chosen":"THE_SILENT","items_purchased":[],"campfire_rested":3,"item_purchase_floors":[],"current_hp_per_floor":[75,75,75,75,75,75,75,82,82,82,82,82,82,82,82,44,82,82,82,82,58,54,82,82,82,82,68,68,68,68,68,82,82,82,47,37,37,18,18,57,50,82,82,82,82,82,64,75,82,0,0],"gold":1319,"neow_bonus":"HUNDRED_GOLD","is_daily":false,"chose_seed":false,"campfire_upgraded":0,"win_rate":0.0,"timestamp":1609401451,"path_taken":["M","M","WH","WH","M","E","?","WH","T","?","?","E","M","M","R_BF","BOSS","M","M","?","WH","M","R","M","?","T","NM","WH","M","WH","E","R_BF","BOSS","M","?","WH","?","?","R","NM","R","T","M","WH","WH","E","M","R_BF","BOSS"],"items_purchased_type":[],"build_version":"2020-12-22","purchased_purges":0,"victory":false,"max_hp_per_floor":[75,75,75,75,75,75,75,82,82,82,82,82,82,82,82,82,82,82,82,82,82,82,82,82,82,82,82,82,82,82,82,82,82,82,82,82,82,82,82,82,82,82,82,82,82,82,82,82,82,82,82],"card_choices":[{"not_picked":["FlurryOfBlows","hexamod:RetreatToShadows"],"picked":"Beam Cell","floor":4},{"not_picked":["Turbo","JustLucky"],"picked":"FlurryOfBlows","floor":6},{"not_picked":["construct:ElectricArmor","Deep Breath"],"picked":"Beam Cell","floor":12},{"not_picked":["Chrysalis","Barricade"],"picked":"construct:LongRangeLance","floor":16},{"not_picked":["Metallicize+1","Slimebound:RallyTheTroops"],"picked":"Deflect","floor":27},{"not_picked":["construct:ShiftGuard","hexamod:ShieldOfDarkness+1"],"picked":"sneckomod:SerpentIdol","floor":31},{"not_picked":["Wild Strike","Cloak And Dagger"],"picked":"Dagger Spray","floor":32},{"not_picked":["Wraith Form v2","Guardian:FastForward"],"picked":"champ:MurderStrike","floor":33},{"not_picked":["infinitespire:FutureSight","infinitespire:FinalStrike"],"picked":"infinitespire:Starlight","floor":38},{"not_picked":["Vengeance","ReplayTheSpireMod:Strike From Hell"],"picked":"construct:Boost+1","floor":40},{"not_picked":["infinitespire:SealOfDarkness+","infinitespire:Punishment"],"picked":"infinitespire:Fortify","floor":41},{"not_picked":["BowlingBash+1","Omniscience"],"picked":"Consecrate+1","floor":41},{"not_picked":["sneckomod:QuickBite","champ:PreciseThrust"],"picked":"ReplayTheSpireMod:Limb From Limb+1","floor":42},{"not_picked":["JustLucky","champ:AdrenalArmor"],"picked":"sneckomod:Unknown1Cost","floor":47},{"not_picked":["hexamod:PhantomFireball","Guardian:PrimingBeam"],"picked":"construct:BatteryAcid+1","floor":49}],"player_experience":14012,"relics_obtained":[{"floor":1,"key":"ReplayTheSpireMod:Lightbulb"},{"floor":2,"key":"Guardian:PocketSentry"},{"floor":5,"key":"hexamod:BolsterEngine"},{"floor":6,"key":"ReplayTheSpireMod:Shallot"},{"floor":9,"key":"CeramicFish"},{"floor":12,"key":"Regal Pillow"},{"floor":13,"key":"MealTicket"},{"floor":14,"key":"Garlic"},{"floor":15,"key":"aspiration:HiddenCompartment"},{"floor":18,"key":"hubris:ToyBattleship"},{"floor":19,"key":"Replay:Wax Seal"},{"floor":22,"key":"Quantum Egg"},{"floor":24,"key":"ReplayTheSpireMod:Ninjato"},{"floor":26,"key":"hubris:SlimyHat"},{"floor":27,"key":"Dream Catcher"},{"floor":29,"key":"Grinning Jar"},{"floor":31,"key":"aspiration:Lifesprig"},{"floor":35,"key":"Vampiric Spirits"},{"floor":39,"key":"Ancient Tea Set"},{"floor":41,"key":"Centennial Puzzle"},{"floor":43,"key":"Thread and Needle"},{"floor":44,"key":"Anchor"},{"floor":47,"key":"Replay:Mystery Machine"},{"floor":48,"key":"Juzu Bracelet"}],"event_choices":[{"damage_healed":0,"gold_gain":175,"player_choice":"AGREE","damage_taken":0,"max_hp_gain":0,"max_hp_loss":0,"event_name":"Liars Game","floor":7,"gold_loss":0,"cards_obtained":["Doubt"]},{"cards_removed":["Doubt"],"damage_healed":0,"gold_gain":0,"player_choice":"Forget","damage_taken":0,"max_hp_gain":0,"max_hp_loss":0,"event_name":"Living Wall","floor":10,"gold_loss":0},{"damage_healed":0,"gold_gain":0,"player_choice":"Upgraded","damage_taken":0,"max_hp_gain":0,"max_hp_loss":0,"event_name":"Upgrade Shrine","floor":11,"gold_loss":0,"cards_upgraded":["hubris:MerchantsHand"]},{"damage_healed":0,"gold_gain":0,"player_choice":"Embrace Madness","damage_taken":10,"max_hp_gain":0,"max_hp_loss":0,"event_name":"Winding Halls","floor":36,"gold_loss":0,"cards_obtained":["Madness","Madness"]}],"is_beta":false,"boss_relics":[{"not_picked":["Snecko Eye","hubris:RunicObelisk"],"picked":"ChewingGum"},{"not_picked":["ReplayTheSpireMod:SealedPack","aspiration:DefectSkillbook"],"picked":"hubris:ScarierMask"}],"items_purged_floors":[],"is_endless":false,"potions_floor_spawned":[5,12,13,18,19,29,31,44,47],"killed_by":"LordOfAnnihilation","ascension_level":0}}