{"host":"8qkhzo0jjkmvsb7l","time":1609419833,"event":{"mods":["BaseMod","Conspire","Downfall","Marisa????????","Minty Spire (QoL Compilation)","Replay The Spire","StSLib"],"gold_per_floor":[115,115,115,128,53,53,53,66,93,93,93,104,179,211,211,312,312,324,324,79,79,89,89,124,24,24,24,38,52,52,68,68,168,168,185,239,239,252,271,271,296,296,296,311,326,56,56,69,69,69],"floor_reached":51,"playtime":2815,"items_purged":["Doubt","Strike_P","Defend_P"],"score":834,"play_id":"143acca5-7319-430f-82e9-e3e1b08f8406","local_time":"20201231160353","is_ascension_mode":true,"campfire_choices":[{"data":"Replay:DivineShield","floor":6,"key":"SMITH"},{"data":"ForeignInfluence","floor":11,"key":"SMITH"},{"data":"ForeignInfluence","floor":15,"key":"SMITH"},{"floor":23,"key":"REST"},{"floor":27,"key":"REST"},{"floor":30,"key":"REST"},{"floor":32,"key":"REST"},{"floor":40,"key":"REST"},{"floor":42,"key":"REST"},{"floor":47,"key":"REST"},{"floor":49,"key":"REST"}],"circlet_count":0,"master_deck":["Strike_P","Defend_P+1","Defend_P","Eruption+1","Vigilance+1","Replay:DivineShield+1","ForeignInfluence+1","Steam+1","ForeignInfluence+1","TalkToTheHand+1","Halt+1","Devotion","DeusExMachina+1","expansioncontent:CaCaw+1","MentalFortress","EmptyFist","Prostrate+1","Brilliance","Replay:Battleflow","Fasting2","WheelKick+1","Vault","Swivel+1"],"relics":["HolyWater","ReplayTheSpireMod:Lightbulb","Gremlin Food","Mummified Hand","Letter Opener","Nilry\u0027s Codex","Garlic","conspire:DeflatedDodgeball","conspire:TopHat","SlaversCollar","Bird Faced Urn","Turnip","InkBottle","Bronze Scales"],"acts_visited":["Exordium","TheCity","TheBeyond"],"potions_floor_usage":[14,14,24,33,36,36,38,39,50,50,50],"damage_taken":[{"damage":0,"enemies":"Small Slimes","floor":1,"turns":4},{"damage":0,"enemies":"Jaw Worm","floor":4,"turns":3},{"damage":1,"enemies":"2 Louse","floor":8,"turns":4},{"damage":0,"enemies":"conspire:2 RoseBushes","floor":12,"turns":3},{"damage":5,"enemies":"Lagavulin","floor":14,"turns":6},{"damage":0,"enemies":"Slime Boss","floor":16,"turns":6},{"damage":21,"enemies":"2 Thieves","floor":18,"turns":4},{"damage":5,"enemies":"3 Byrds","floor":22,"turns":5},{"damage":40,"enemies":"conspire:SneckoGhost","floor":24,"turns":7},{"damage":0,"enemies":"Centurion and Healer","floor":28,"turns":3},{"damage":0,"enemies":"Snecko","floor":29,"turns":4},{"damage":0,"enemies":"Snake Plant","floor":31,"turns":5},{"damage":2,"enemies":"Pondfish","floor":33,"turns":9},{"damage":6,"enemies":"3 Darklings","floor":35,"turns":5},{"damage":20,"enemies":"2 Orb Walkers","floor":36,"turns":6},{"damage":6,"enemies":"Orb Walker","floor":38,"turns":3},{"damage":35,"enemies":"Writhing Mass","floor":39,"turns":4},{"damage":34,"enemies":"R_Hoarder","floor":41,"turns":5},{"damage":14,"enemies":"Transient","floor":44,"turns":5},{"damage":4,"enemies":"Jaw Worm Horde","floor":45,"turns":4},{"damage":0,"enemies":"Sphere and 2 Shapes","floor":48,"turns":3},{"damage":20,"enemies":"conspire:OrnateMirror","floor":50,"turns":8}],"seed_played":"-8994949343113612519","potions_obtained":[{"floor":1,"key":"Dexterity Potion"},{"floor":4,"key":"BottledMiracle"},{"floor":12,"key":"Swift Potion"},{"floor":16,"key":"Fire Potion"},{"floor":18,"key":"DuplicationPotion"},{"floor":24,"key":"SpeedPotion"},{"floor":29,"key":"Weak Potion"},{"floor":35,"key":"Adrenaline Potion"},{"floor":36,"key":"AttackPotion"},{"floor":38,"key":"Strength Potion"},{"floor":44,"key":"Block Potion"},{"floor":48,"key":"ColorlessPotion"}],"is_trial":false,"path_per_floor":["M","?","?","M","$","R","$","M","T","$","R","M","T","E","R","B",null,"M","?","$","?","M","R","E","$","T","R","M","M","R","M","R","B",null,"M","?","?","M","M","R","E","R","T","M","M","$","R","M","R","B",null],"character_chosen":"WATCHER","items_purchased":["Garlic","Bronze Scales"],"campfire_rested":8,"item_purchase_floors":[20,46],"current_hp_per_floor":[72,72,72,72,72,72,72,71,71,71,71,71,71,66,66,66,72,51,35,35,35,30,51,11,11,11,32,32,32,53,53,72,70,72,66,46,46,44,15,36,12,33,33,25,25,25,46,52,72,52],"gold":69,"neow_bonus":"RANDOM_COMMON_RELIC","is_daily":false,"chose_seed":false,"campfire_upgraded":3,"win_rate":0.0,"timestamp":1609419833,"path_taken":["M","?","?","M","$","R","$","M","T","?","R","M","?","E","R","BOSS","M","?","$","?","M","R","E","$","T","R","M","M","R","M","R","BOSS","M","?","?","M","?","R","E","R","T","M","M","$","R","M","R","BOSS"],"items_purchased_type":["Relic","Relic"],"build_version":"2020-12-22","purchased_purges":3,"victory":true,"max_hp_per_floor":[72,72,72,72,72,72,72,72,72,72,72,72,72,72,72,72,72,72,72,72,72,72,72,72,72,72,72,72,72,72,72,72,72,72,72,72,72,72,72,72,72,72,72,72,72,72,72,72,72,72],"card_choices":[{"not_picked":["Pray","Protect"],"picked":"Replay:DivineShield","floor":1},{"not_picked":["Consecrate","Replay:AtTheReady"],"picked":"ForeignInfluence","floor":4},{"not_picked":["FlurryOfBlows","BattleHymn"],"picked":"TalkToTheHand","floor":8},{"not_picked":["EmptyFist","Replay:AtTheReady","Fasting2"],"picked":"SKIP","floor":12},{"not_picked":["Replay:Vibes","Replay:AtTheReady"],"picked":"Halt","floor":14},{"not_picked":["Vault","Brilliance"],"picked":"Devotion","floor":16},{"not_picked":["CarveReality+1","Fasting2+1","Replay:BluntJabs"],"picked":"SKIP","floor":18},{"not_picked":["CrushJoints","SashWhip"],"picked":"MentalFortress","floor":22},{"not_picked":["ThirdEye","Alpha","Evaluate+1"],"picked":"SKIP","floor":24},{"not_picked":["PathToVictory+1","Evaluate"],"picked":"EmptyFist","floor":28},{"not_picked":["Perseverance+1","SashWhip"],"picked":"Prostrate+1","floor":29},{"not_picked":["Replay:ManipulateFuture","PathToVictory","WreathOfFlame"],"picked":"SKIP","floor":31},{"not_picked":["Blasphemy","Judgement"],"picked":"Brilliance","floor":33},{"not_picked":["TalkToTheHand+1","EmptyMind+1"],"picked":"Replay:Battleflow","floor":35},{"not_picked":["FlyingSleeves+1","BowlingBash"],"picked":"WheelKick+1","floor":38},{"not_picked":["Prostrate","Halt","EmptyFist"],"picked":"SKIP","floor":39},{"not_picked":["BattleHymn+1","WindmillStrike","ClearTheMind"],"picked":"SKIP","floor":41},{"not_picked":["Sanctity","BowlingBash"],"picked":"Vault","floor":44},{"not_picked":["Halt","Conclude+1","FearNoEvil"],"picked":"SKIP","floor":45},{"not_picked":["Tantrum+1","Halt"],"picked":"Swivel+1","floor":48}],"player_experience":216020,"relics_obtained":[{"floor":9,"key":"Gremlin Food"},{"floor":13,"key":"Mummified Hand"},{"floor":14,"key":"Letter Opener"},{"floor":19,"key":"Nilry\u0027s Codex"},{"floor":24,"key":"conspire:DeflatedDodgeball"},{"floor":26,"key":"conspire:TopHat"},{"floor":36,"key":"Bird Faced Urn"},{"floor":41,"key":"Turnip"},{"floor":43,"key":"InkBottle"}],"event_choices":[{"damage_healed":0,"gold_gain":0,"player_choice":"Obtained Book","damage_taken":16,"max_hp_gain":0,"max_hp_loss":0,"event_name":"Cursed Tome","floor":19,"gold_loss":0},{"damage_healed":0,"gold_gain":0,"player_choice":"2 cards matched","damage_taken":0,"max_hp_gain":0,"max_hp_loss":0,"event_name":"Match and Keep!","floor":21,"gold_loss":0,"cards_obtained":["DeusExMachina","expansioncontent:CaCaw"]},{"damage_healed":0,"gold_gain":0,"player_choice":"Fight","damage_taken":0,"max_hp_gain":0,"max_hp_loss":0,"event_name":"Mysterious Sphere","floor":36,"gold_loss":0},{"damage_healed":0,"gold_gain":0,"cards_transformed":["Strike_P"],"player_choice":"Transformed","damage_taken":0,"max_hp_gain":0,"max_hp_loss":0,"event_name":"Transmorgrifier","floor":37,"gold_loss":0,"cards_obtained":["Fasting2"]}],"is_beta":false,"boss_relics":[{"not_picked":["Runic Dome","Sozu"],"picked":"HolyWater"},{"not_picked":["Fusion Hammer","Velvet Choker"],"picked":"SlaversCollar"}],"items_purged_floors":[5,25,46],"is_endless":false,"potions_floor_spawned":[1,4,12,16,18,24,29,35,36,38,44,48],"ascension_level":1}}