{"host":"31s8hzukbhz1k6i6","time":1609433340,"event":{"mods":["AchievementEnabler","BaseMod","Bestiary","Colored Map","Filter the Spire","Minty Spire (QoL Compilation)","Relic Stats","UnlockEverythingMod","ojb\u0027s Info Mod"],"gold_per_floor":[116,116,136,236,247,277,277,309,309,309,319,346,361,371,371,472,472,483,398,417,417,60,60,92,106,131,163,182,182,182,193,193,292,292,303,303,316,316,316,316,346,47,47,81,131,131,154,181,181,181,181,181,10,41,41],"floor_reached":56,"playtime":2441,"items_purged":["Strike_G","Pain","Strike_G"],"score":1912,"play_id":"d597f3bd-c24d-4c87-baf3-ee9df6a64110","local_time":"20201231084900","is_ascension_mode":true,"campfire_choices":[{"data":"Bouncing Flask","floor":7,"key":"SMITH"},{"floor":10,"key":"REST"},{"data":"Finisher","floor":15,"key":"SMITH"},{"floor":23,"key":"DIG"},{"floor":29,"key":"DIG"},{"floor":32,"key":"DIG"},{"floor":40,"key":"DIG"},{"floor":46,"key":"DIG"},{"floor":49,"key":"RECALL"},{"floor":52,"key":"DIG"}],"circlet_count":0,"master_deck":["AscendersBane","Strike_G","Strike_G","Strike_G+1","Defend_G","Defend_G","Defend_G","Defend_G","Defend_G","Survivor","Neutralize","Endless Agony","Finisher+1","Adrenaline","Bouncing Flask+1","Die Die Die+1","Terror","Blade Dance","Burst","Die Die Die","Blade Dance","Malaise","Concentrate+1","Footwork+1","Adrenaline","Cloak And Dagger+1","Calculated Gamble","Reflex+1","Cloak And Dagger","Calculated Gamble+1","Acrobatics","Footwork","PiercingWail","Wraith Form v2"],"relics":["Ring of the Snake","NeowsBlessing","Regal Pillow","Shovel","Bottled Lightning","Nunchaku","Fusion Hammer","Shuriken","HornCleat","Snake Skull","Whetstone","Ice Cream","MealTicket","Mercury Hourglass","WarpedTongs","Anchor","Runic Pyramid","Toy Ornithopter","Lantern","Pen Nib","Boot","Pear","Calipers","Darkstone Periapt","Strawberry","Ninja Scroll","Mummified Hand","Bag of Preparation"],"acts_visited":["Exordium","TheCity","TheBeyond","TheEnding"],"potions_floor_usage":[8,8,20,24,33,41,55],"damage_taken":[{"damage":0,"enemies":"Jaw Worm","floor":1,"turns":1},{"damage":0,"enemies":"Cultist","floor":3,"turns":1},{"damage":0,"enemies":"Small Slimes","floor":5,"turns":2},{"damage":32,"enemies":"Gremlin Nob","floor":6,"turns":5},{"damage":19,"enemies":"3 Sentries","floor":8,"turns":9},{"damage":2,"enemies":"Red Slaver","floor":11,"turns":3},{"damage":16,"enemies":"Gremlin Nob","floor":12,"turns":3},{"damage":3,"enemies":"Looter","floor":13,"turns":2},{"damage":0,"enemies":"2 Fungi Beasts","floor":14,"turns":1},{"damage":25,"enemies":"The Guardian","floor":16,"turns":9},{"damage":0,"enemies":"3 Byrds","floor":18,"turns":6},{"damage":7,"enemies":"2 Thieves","floor":20,"turns":2},{"damage":10,"enemies":"Slavers","floor":24,"turns":3},{"damage":9,"enemies":"Centurion and Healer","floor":25,"turns":4},{"damage":0,"enemies":"Gremlin Leader","floor":27,"turns":3},{"damage":0,"enemies":"Chosen and Byrds","floor":28,"turns":3},{"damage":1,"enemies":"3 Cultists","floor":31,"turns":3},{"damage":23,"enemies":"Collector","floor":33,"turns":6},{"damage":0,"enemies":"3 Shapes","floor":35,"turns":3},{"damage":22,"enemies":"3 Darklings","floor":37,"turns":3},{"damage":21,"enemies":"Reptomancer","floor":41,"turns":4},{"damage":6,"enemies":"Nemesis","floor":44,"turns":3},{"damage":0,"enemies":"Mind Bloom Boss Battle","floor":45,"turns":2},{"damage":0,"enemies":"Giant Head","floor":48,"turns":3},{"damage":10,"enemies":"Time Eater","floor":50,"turns":5},{"damage":0,"enemies":"Shield and Spear","floor":54,"turns":3},{"damage":46,"enemies":"The Heart","floor":55,"turns":8}],"seed_played":"215462898757259088","potions_obtained":[{"floor":1,"key":"EssenceOfSteel"},{"floor":6,"key":"Poison Potion"},{"floor":8,"key":"DuplicationPotion"},{"floor":12,"key":"Ancient Potion"},{"floor":14,"key":"Energy Potion"},{"floor":18,"key":"AttackPotion"},{"floor":25,"key":"Weak Potion"},{"floor":35,"key":"FearPotion"},{"floor":44,"key":"Poison Potion"},{"floor":45,"key":"LiquidBronze"}],"is_trial":false,"path_per_floor":["M","$","M","?","M","E","R","E","T","R","M","E","M","M","R","B",null,"M","?","M","?","$","R","E","M","T","E","M","R","?","M","R","B",null,"M","?","M","?","?","R","E","$","T","E","?","R","T","E","R","B",null,"R","$","E","B",null],"character_chosen":"THE_SILENT","items_purchased":["Snake Skull","AttackPotion","Die Die Die","Pen Nib","Cloak And Dagger","PiercingWail"],"campfire_rested":1,"item_purchase_floors":[22,22,22,42,42,53],"current_hp_per_floor":[63,63,63,63,63,31,31,12,12,48,46,30,27,27,27,2,53,53,53,46,46,46,46,36,27,27,27,27,27,27,26,26,3,53,53,53,31,61,58,58,42,57,57,61,61,61,68,68,68,58,71,71,75,75,34],"gold":41,"neow_bonus":"THREE_ENEMY_KILL","is_daily":false,"chose_seed":false,"campfire_upgraded":2,"win_rate":0.0,"timestamp":1609433340,"path_taken":["M","$","M","?","?","E","R","E","T","R","M","E","M","M","R","BOSS","M","?","M","?","$","R","E","M","T","E","M","R","?","M","R","BOSS","M","?","M","?","?","R","E","$","T","E","?","R","?","E","R","BOSS","R","$","E","BOSS"],"items_purchased_type":["Relic","Potion","Card","Relic","Card","Card"],"build_version":"2020-12-22","purchased_purges":3,"victory":true,"max_hp_per_floor":[70,70,70,70,70,70,70,70,70,70,70,70,70,70,70,70,70,70,70,70,70,70,70,70,70,70,70,70,70,70,70,70,70,70,70,70,70,61,58,58,58,58,58,68,68,68,75,75,75,75,75,75,75,75,75],"relic_stats":{"Darkstone Periapt":0,"Regal Pillow":15,"counters":[27,98],"Snake Skull":[44],"Pen Nib":[12],"Bag of Preparation":[0],"Whetstone":["Die Die Die","Strike_G"],"Boot":[17],"Mercury Hourglass":[172],"WarpedTongs":[41],"Nunchaku":[30],"Shovel":6,"Shuriken":[67],"Mummified Hand":[5],"MealTicket":19,"obtain_stats":[{"Ice Cream":24,"Darkstone Periapt":46,"Regal Pillow":6,"Lantern":41,"Calipers":45,"Snake Skull":22,"Bag of Preparation":54,"Whetstone":23,"Boot":43,"Nunchaku":12,"Shovel":8,"HornCleat":21,"Ninja Scroll":48,"Mummified Hand":52,"Strawberry":47,"MealTicket":27,"Fusion Hammer":17,"Ring of the Snake":0,"Runic Pyramid":34,"Pear":44,"NeowsBlessing":0,"Pen Nib":42,"Mercury Hourglass":29,"WarpedTongs":30,"Anchor":32,"Shuriken":19,"Bottled Lightning":9,"Toy Ornithopter":40},{"Ice Cream":13,"Darkstone Periapt":23,"Regal Pillow":4,"Lantern":21,"Calipers":23,"Snake Skull":12,"Bag of Preparation":26,"Whetstone":12,"Boot":21,"Nunchaku":7,"Shovel":5,"HornCleat":12,"Ninja Scroll":24,"Mummified Hand":25,"Strawberry":23,"MealTicket":15,"Fusion Hammer":10,"Ring of the Snake":0,"Runic Pyramid":18,"Pear":22,"NeowsBlessing":0,"Pen Nib":21,"Mercury Hourglass":16,"WarpedTongs":16,"Anchor":17,"Shuriken":11,"Bottled Lightning":5,"Toy Ornithopter":20},{"Ice Cream":47,"Darkstone Periapt":79,"Regal Pillow":9,"Lantern":75,"Calipers":79,"Snake Skull":44,"Bag of Preparation":90,"Whetstone":44,"Boot":75,"Nunchaku":24,"Shovel":18,"HornCleat":44,"Ninja Scroll":82,"Mummified Hand":87,"Strawberry":79,"MealTicket":54,"Fusion Hammer":36,"Ring of the Snake":0,"Runic Pyramid":66,"Pear":78,"NeowsBlessing":0,"Pen Nib":75,"Mercury Hourglass":57,"WarpedTongs":57,"Anchor":60,"Shuriken":42,"Bottled Lightning":18,"Toy Ornithopter":71}],"Toy Ornithopter":10,"Ring of the Snake":[56]},"card_choices":[{"not_picked":["Eviscerate","Cloak And Dagger"],"picked":"Endless Agony","floor":1},{"not_picked":["Prepared","Bane"],"picked":"Finisher","floor":3},{"not_picked":["Flying Knee","Bane"],"picked":"Adrenaline","floor":5},{"not_picked":["Outmaneuver","Flechettes"],"picked":"Bouncing Flask","floor":6},{"not_picked":["Sucker Punch","Poisoned Stab"],"picked":"Die Die Die","floor":8},{"not_picked":["Sucker Punch","Accuracy","Reflex"],"picked":"SKIP","floor":11},{"not_picked":["Night Terror","Blur"],"picked":"Terror","floor":12},{"not_picked":["Blur","Dagger Throw"],"picked":"Blade Dance","floor":13},{"not_picked":["Deadly Poison","Dagger Throw","Dagger Spray"],"picked":"SKIP","floor":14},{"not_picked":["Venomology","Unload"],"picked":"Burst","floor":16},{"not_picked":["Flechettes","Flying Knee+1","Quick Slash"],"picked":"SKIP","floor":18},{"not_picked":["Catalyst","Dagger Spray"],"picked":"Infinite Blades","floor":20},{"not_picked":["Backflip","Dagger Spray+1"],"picked":"Blade Dance","floor":24},{"not_picked":["Poisoned Stab+1","Sucker Punch","Predator"],"picked":"SKIP","floor":25},{"not_picked":["Flechettes","Backstab"],"picked":"Malaise","floor":27},{"not_picked":["Bane","Deflect"],"picked":"Concentrate+1","floor":28},{"not_picked":["Slice+1","Dagger Throw"],"picked":"Footwork+1","floor":31},{"not_picked":["Grand Finale","Bullet Time"],"picked":"Adrenaline","floor":33},{"not_picked":["Poisoned Stab+1","Slice"],"picked":"Cloak And Dagger+1","floor":35},{"not_picked":["Finisher","Well Laid Plans+1"],"picked":"Calculated Gamble","floor":37},{"not_picked":["Blade Dance","Bullet Time"],"picked":"Reflex+1","floor":41},{"not_picked":["Slice","Dodge and Roll"],"picked":"Calculated Gamble+1","floor":44},{"not_picked":["Calculated Gamble","Dash"],"picked":"Acrobatics","floor":45},{"not_picked":["Poisoned Stab","Deadly Poison"],"picked":"Footwork","floor":48},{"not_picked":["Distraction+1","Backflip"],"picked":"Wraith Form v2","floor":54}],"player_experience":108980,"relics_obtained":[{"floor":6,"key":"Regal Pillow"},{"floor":8,"key":"Shovel"},{"floor":9,"key":"Bottled Lightning"},{"floor":12,"key":"Nunchaku"},{"floor":23,"key":"Whetstone"},{"floor":24,"key":"Ice Cream"},{"floor":27,"key":"MealTicket"},{"floor":29,"key":"Mercury Hourglass"},{"floor":32,"key":"Anchor"},{"floor":40,"key":"Toy Ornithopter"},{"floor":41,"key":"Lantern"},{"floor":43,"key":"Boot"},{"floor":44,"key":"Pear"},{"floor":45,"key":"Calipers"},{"floor":46,"key":"Darkstone Periapt"},{"floor":47,"key":"Strawberry"},{"floor":48,"key":"Ninja Scroll"},{"floor":52,"key":"Mummified Hand"},{"floor":54,"key":"Bag of Preparation"}],"event_choices":[{"damage_healed":0,"gold_gain":100,"player_choice":"Pray","damage_taken":0,"max_hp_gain":0,"max_hp_loss":0,"event_name":"Golden Shrine","floor":4,"gold_loss":0},{"damage_healed":0,"gold_gain":0,"player_choice":"Obtained Relic","damage_taken":0,"relics_obtained":["Shuriken"],"max_hp_gain":0,"max_hp_loss":0,"event_name":"Addict","floor":19,"gold_loss":85},{"damage_healed":0,"gold_gain":0,"player_choice":"Opened","damage_taken":0,"relics_obtained":["HornCleat"],"max_hp_gain":0,"max_hp_loss":0,"event_name":"The Mausoleum","floor":21,"gold_loss":0},{"damage_healed":0,"gold_gain":0,"player_choice":"Rummage","damage_taken":0,"relics_obtained":["WarpedTongs"],"max_hp_gain":0,"max_hp_loss":0,"event_name":"Accursed Blacksmith","floor":30,"gold_loss":0,"cards_obtained":["Pain"]},{"cards_removed":["Infinite Blades"],"damage_healed":0,"gold_gain":0,"player_choice":"Removed Power","damage_taken":0,"max_hp_gain":0,"max_hp_loss":0,"event_name":"Falling","floor":36,"gold_loss":0},{"damage_healed":61,"gold_gain":0,"player_choice":"Heal","damage_taken":0,"max_hp_gain":0,"max_hp_loss":9,"event_name":"The Moai Head","floor":38,"gold_loss":0},{"damage_healed":0,"gold_gain":0,"player_choice":"Max HP","damage_taken":0,"max_hp_gain":0,"max_hp_loss":3,"event_name":"Winding Halls","floor":39,"gold_loss":0},{"damage_healed":0,"gold_gain":0,"player_choice":"Fight","damage_taken":0,"max_hp_gain":0,"max_hp_loss":0,"event_name":"MindBloom","floor":45,"gold_loss":0}],"is_beta":false,"boss_relics":[{"not_picked":["Busted Crown","Coffee Dripper"],"picked":"Fusion Hammer"},{"not_picked":["Runic Dome","Pandora\u0027s Box"],"picked":"Runic Pyramid"}],"items_purged_floors":[22,42,53],"is_endless":false,"potions_floor_spawned":[1,6,8,12,14,18,25,27,28,31,35,44,45,48],"ascension_level":10}}