{"host":"y0hoofe7zdp41twi","time":1609423790,"event":{"mods":["BaseMod","Conspire","Downfall","Minty Spire (QoL Compilation)","Replay The Spire","Shop Mod","StSLib","Waifu the Spire"],"gold_per_floor":[112,112,132,132,150,150,5,17,17,34,34,49,49,49,49,68,68,171,171,188,204,219,159,159,159],"floor_reached":24,"playtime":2248,"items_purged":[],"score":190,"play_id":"6a8b0236-78ac-463e-b004-1f48cfd28b05","local_time":"20201231090950","is_ascension_mode":false,"campfire_choices":[{"data":"Flex","floor":6,"key":"SMITH"},{"floor":11,"key":"REST"},{"data":"Life Link","floor":17,"key":"SMITH"}],"circlet_count":0,"master_deck":["Strike_R","Strike_R","Strike_R","Strike_R","Strike_R","Defend_R","Defend_R","Defend_R","Defend_R","Bash","Reckless Charge","Wild Strike","Flex+1","Cleave","Iron Wave","Life Link+1","Thunderclap","conspire:HitWhereItHurts","Flex","Cleave","Anger"],"relics":["Burning Blood","Meat on the Bone","Regal Pillow","InkBottle","White Beast Statue"],"acts_visited":["Exordium","TheCity"],"potions_floor_usage":[18,18,20,24,24,24],"damage_taken":[{"damage":6,"enemies":"Jaw Worm","floor":1,"turns":3},{"damage":9,"enemies":"Cultist","floor":3,"turns":4},{"damage":17,"enemies":"Small Slimes","floor":5,"turns":3},{"damage":17,"enemies":"conspire:2 RoseBushes","floor":8,"turns":3},{"damage":0,"enemies":"Large Slime","floor":10,"turns":2},{"damage":7,"enemies":"Blue Slaver","floor":12,"turns":2},{"damage":5,"enemies":"Looter","floor":16,"turns":2},{"damage":75,"enemies":"Fading Forest","floor":18,"turns":11},{"damage":35,"enemies":"Shell Parasite","floor":20,"turns":5},{"damage":10,"enemies":"conspire:FuzzyDice","floor":21,"turns":4},{"damage":43,"enemies":"3 Cultists","floor":22,"turns":5},{"damage":35,"enemies":"Snake Plant","floor":24,"turns":2}],"seed_played":"3175057268133081526","potions_obtained":[{"floor":1,"key":"PowerPotion"},{"floor":12,"key":"Explosive Potion"},{"floor":16,"key":"Fruit Juice"},{"floor":18,"key":"Toxic Potion"},{"floor":20,"key":"Swift Potion"},{"floor":21,"key":"Energy Potion"},{"floor":22,"key":"CultistPotion"}],"is_trial":false,"path_per_floor":["M","?","M","T","M","R","$","M","T","M","R","M","PTL","PTL","?","M","R","B",null,"M","M","M","?","M"],"character_chosen":"IRONCLAD","items_purchased":["Regal Pillow"],"campfire_rested":1,"item_purchase_floors":[7],"current_hp_per_floor":[88,88,85,85,74,74,74,63,63,69,88,87,87,87,87,88,88,46,93,64,60,35,35,0,0],"gold":159,"neow_bonus":"TEN_PERCENT_HP_BONUS","is_daily":false,"chose_seed":false,"campfire_upgraded":2,"win_rate":0.0,"timestamp":1609423790,"path_taken":["M","?","M","?","M","R","$","?","T","M","R","M","PTL","PTL","?","?","R","BOSS","M","M","M","?","M"],"items_purchased_type":["Relic"],"build_version":"2020-12-22","purchased_purges":0,"victory":false,"max_hp_per_floor":[88,88,88,88,88,88,88,88,88,88,88,88,88,88,88,88,88,93,93,93,93,93,93,93,93],"card_choices":[{"not_picked":["Sword Boomerang","Battle Trance"],"picked":"Reckless Charge","floor":1},{"not_picked":["Bloodletting","Armaments"],"picked":"Wild Strike","floor":3},{"not_picked":["ReplayReversal","True Grit"],"picked":"Flex","floor":5},{"not_picked":["Entrench","Searing Blow"],"picked":"Cleave","floor":8},{"not_picked":["Carnage","Thunderclap"],"picked":"Iron Wave","floor":10},{"not_picked":["Run Through","conspire:ExplosiveBarrier"],"picked":"Life Link","floor":12},{"not_picked":["Clothesline","Havoc"],"picked":"Thunderclap","floor":16},{"not_picked":["Exhume","conspire:Purge"],"picked":"conspire:HitWhereItHurts","floor":18},{"not_picked":["Clash","Clothesline"],"picked":"Flex","floor":20},{"not_picked":["Pummel","ReplayTheSpireMod:LeadingStrike"],"picked":"Cleave","floor":21},{"not_picked":["Ghostly Armor","Thunderclap"],"picked":"Anger","floor":22}],"player_experience":117068,"relics_obtained":[{"floor":4,"key":"Meat on the Bone"},{"floor":9,"key":"InkBottle"}],"event_choices":[{"damage_healed":0,"gold_gain":0,"player_choice":"Ignored","damage_taken":0,"max_hp_gain":0,"max_hp_loss":0,"event_name":"Liars Game","floor":2,"gold_loss":0},{"damage_healed":0,"gold_gain":0,"player_choice":"Gave Potion","damage_taken":0,"relics_obtained":["White Beast Statue"],"max_hp_gain":0,"max_hp_loss":0,"event_name":"WeMeetAgain","floor":15,"gold_loss":0}],"is_beta":false,"boss_relics":[{"not_picked":["Replay:Ancient Bell","conspire:RoyalGoblet","Painkiller Herb"]}],"items_purged_floors":[],"is_endless":false,"potions_floor_spawned":[1,12,16,18,20,21,22],"killed_by":"Snake Plant","ascension_level":0}}