{"host":"dhyczjm99amxd3qx","time":1609385699,"event":{"mods":["BaseMod","Colored Map","Googly Eyes","Highlight Path","Minty Spire (QoL Compilation)","Quick Restart","StSLib"],"gold_per_floor":[114,114,189,189,200,235,235,270,270,270,43,43,43],"floor_reached":12,"playtime":555,"items_purged":["Regret"],"score":122,"play_id":"371b3410-6e4c-4b7a-9dbd-935a9495d83c","local_time":"20201230223459","is_ascension_mode":true,"campfire_choices":[{"data":"Zap","floor":7.0,"key":"SMITH"},{"data":"Echo Form","floor":10.0,"key":"SMITH"}],"circlet_count":0,"master_deck":["Strike_B","Strike_B","Strike_B","Strike_B","Defend_B","Defend_B","Defend_B","Defend_B","Zap+1","Dualcast","Echo Form+1","Ball Lightning"],"relics":["Cracked Core","Singing Bowl","Meat on the Bone","Strawberry","Girya","Pen Nib","Anchor"],"acts_visited":["Exordium"],"potions_floor_usage":[],"damage_taken":[{"damage":1.0,"enemies":"Jaw Worm","floor":1.0,"turns":4.0},{"damage":6.0,"enemies":"2 Louse","floor":5.0,"turns":3.0},{"damage":49.0,"enemies":"3 Sentries","floor":6.0,"turns":9.0},{"damage":16.0,"enemies":"Gremlin Nob","floor":8.0,"turns":3.0},{"damage":26,"enemies":"Lagavulin","floor":12,"turns":7}],"seed_played":"4698922439204806133","potions_obtained":[{"floor":1.0,"key":"LiquidBronze"},{"floor":5.0,"key":"Fire Potion"}],"is_trial":false,"path_per_floor":["M","?","?","?","M","E","R","E","T","R","$","E"],"character_chosen":"DEFECT","items_purchased":["Anchor"],"campfire_rested":0,"item_purchase_floors":[11],"current_hp_per_floor":[81,81,70,58,52,22,22,20,20,20,20,0,0],"gold":43,"neow_bonus":"TEN_PERCENT_HP_BONUS","is_daily":false,"chose_seed":false,"campfire_upgraded":2,"win_rate":0.0,"timestamp":1609385699,"path_taken":["M","?","?","?","M","E","R","E","T","R","?","E"],"items_purchased_type":["Relic"],"build_version":"2020-12-22","purchased_purges":1,"victory":false,"max_hp_per_floor":[82,82,82,82,82,89,89,91,91,91,91,91,91],"card_choices":[{"not_picked":["Heatsinks","Leap","Blizzard"],"picked":"SKIP","floor":1.0},{"not_picked":["Sweeping Beam","Turbo"],"picked":"Echo Form","floor":5.0},{"not_picked":["Hologram","Conserve Battery"],"picked":"Ball Lightning","floor":6.0},{"not_picked":["Lockon","Compile Driver","Consume"],"picked":"Singing Bowl","floor":8.0}],"player_experience":242351,"relics_obtained":[{"floor":6.0,"key":"Strawberry"},{"floor":8.0,"key":"Girya"},{"floor":9.0,"key":"Pen Nib"}],"event_choices":[{"damage_healed":0.0,"max_hp_gain":0.0,"max_hp_loss":0.0,"gold_gain":0.0,"event_name":"Big Fish","player_choice":"Box","floor":2.0,"gold_loss":0.0,"damage_taken":0.0,"relics_obtained":["Singing Bowl"],"cards_obtained":["Regret"]},{"damage_healed":0.0,"max_hp_gain":0.0,"max_hp_loss":0.0,"gold_gain":75.0,"event_name":"World of Goop","player_choice":"Gather Gold","floor":3.0,"gold_loss":0.0,"damage_taken":11.0},{"damage_healed":0.0,"max_hp_gain":0.0,"max_hp_loss":0.0,"gold_gain":0.0,"event_name":"Scrap Ooze","player_choice":"Success","floor":4.0,"gold_loss":0.0,"damage_taken":12.0,"relics_obtained":["Meat on the Bone"]}],"is_beta":false,"boss_relics":[],"items_purged_floors":[11],"is_endless":false,"potions_floor_spawned":[1,5],"killed_by":"Lagavulin","ascension_level":3}}