{"host":"dcj2yvrgcvh5dl2s","time":1609409219,"event":{"mods":["BaseMod","Better Note","Block Reminder","Colored Powertips","DeckTracker","Minty Spire (QoL Compilation)","Quick Restart","Rare Cards Sparkle","Relic Stats","StSLib"],"gold_per_floor":[368,80,98,19,38,38,72,72,72,106,106,124,51,70,70,146,146,156,165,174,200,210,210,210],"floor_reached":23,"playtime":682,"items_purged":["Normality"],"score":382,"play_id":"5933529c-43cc-43f5-a359-3acff1f236bc","local_time":"20201231200659","is_ascension_mode":true,"campfire_choices":[{"data":"Carnage","floor":6,"key":"SMITH"},{"floor":8,"key":"REST"},{"floor":15,"key":"REST"}],"circlet_count":0,"master_deck":["AscendersBane","Strike_R","Strike_R","Strike_R","Strike_R","Strike_R","Defend_R","Defend_R","Defend_R","Defend_R","Bash","Inflame","Flex","Carnage+1","Twin Strike","Whirlwind","Battle Trance","Flex","Double Tap","Immolate","Heavy Blade","Writhe","Flex","Intimidate"],"relics":["Burning Blood","Bag of Marbles","StrikeDummy","Eternal Feather","Boot","Gremlin Horn","SacredBark","CeramicFish"],"acts_visited":["Exordium","TheCity"],"potions_floor_usage":[7,18],"damage_taken":[{"damage":17,"enemies":"Cultist","floor":1,"turns":5},{"damage":12,"enemies":"Jaw Worm","floor":3,"turns":2},{"damage":0,"enemies":"Small Slimes","floor":5,"turns":1},{"damage":38,"enemies":"3 Sentries","floor":7,"turns":10},{"damage":25,"enemies":"Lagavulin","floor":10,"turns":5},{"damage":0,"enemies":"3 Louse","floor":12,"turns":1},{"damage":0,"enemies":"Gremlin Gang","floor":14,"turns":1},{"damage":60,"enemies":"The Guardian","floor":16,"turns":7},{"damage":13,"enemies":"3 Byrds","floor":18,"turns":3},{"damage":17,"enemies":"2 Thieves","floor":21,"turns":3},{"damage":39,"enemies":"Chosen and Byrds","floor":22,"turns":5},{"damage":19,"enemies":"Book of Stabbing","floor":23,"turns":1}],"seed_played":"4527839543815799059","potions_obtained":[{"floor":3,"key":"ElixirPotion"},{"floor":5,"key":"Block Potion"},{"floor":16,"key":"SneckoOil"}],"is_trial":false,"path_per_floor":["M","$","M","$","M","R","E","R","T","E","?","M","?","M","R","B",null,"M","?","?","M","M","E"],"character_chosen":"IRONCLAD","items_purchased":["Bag of Marbles","Inflame","Carnage"],"campfire_rested":2,"item_purchase_floors":[2,2,4],"current_hp_per_floor":[57,57,51,51,57,57,25,47,47,28,28,34,34,40,71,17,61,54,54,54,43,10,0,0],"gold":210,"neow_bonus":"TWO_FIFTY_GOLD","is_daily":false,"chose_seed":false,"campfire_upgraded":1,"win_rate":0.0,"timestamp":1609409219,"path_taken":["M","$","M","?","?","R","E","R","T","E","?","?","?","M","R","BOSS","M","?","?","M","M","E"],"items_purchased_type":["Relic","Card","Card"],"build_version":"2020-12-22","purchased_purges":1,"victory":false,"max_hp_per_floor":[75,75,75,75,75,75,75,75,75,75,75,75,75,75,75,75,75,75,75,75,75,75,75,75],"relic_stats":{"Gremlin Horn":[2,6],"counters":[12,44],"CeramicFish":27,"Eternal Feather":9,"Boot":[6],"obtain_stats":[{"Gremlin Horn":13,"SacredBark":17,"CeramicFish":19,"Eternal Feather":9,"Bag of Marbles":2,"StrikeDummy":7,"Boot":10,"Burning Blood":0},{"Gremlin Horn":6,"SacredBark":8,"CeramicFish":9,"Eternal Feather":4,"Bag of Marbles":1,"StrikeDummy":4,"Boot":5,"Burning Blood":0},{"Gremlin Horn":24,"SacredBark":32,"CeramicFish":35,"Eternal Feather":18,"Bag of Marbles":5,"StrikeDummy":18,"Boot":23,"Burning Blood":0}],"Burning Blood":66},"card_choices":[{"not_picked":["Perfected Strike","Spot Weakness","Anger"],"picked":"SKIP","floor":1},{"not_picked":["Hemokinesis","Cleave"],"picked":"Flex","floor":3},{"not_picked":["Clothesline","Blood for Blood","Perfected Strike"],"picked":"SKIP","floor":5},{"not_picked":["Impervious","Entrench"],"picked":"Twin Strike","floor":7},{"not_picked":["Havoc","Ghostly Armor"],"picked":"Whirlwind","floor":10},{"not_picked":["Perfected Strike","Body Slam"],"picked":"Flex","floor":12},{"not_picked":["Dual Wield","Disarm"],"picked":"Double Tap","floor":14},{"not_picked":["Barricade","Double Tap"],"picked":"Immolate","floor":16},{"not_picked":["Armaments","Iron Wave"],"picked":"Heavy Blade","floor":18},{"not_picked":["Warcry+1","Fire Breathing"],"picked":"Intimidate","floor":21},{"not_picked":["Shockwave+1","Pommel Strike","Perfected Strike"],"picked":"SKIP","floor":22}],"player_experience":2126677,"relics_obtained":[{"floor":7,"key":"StrikeDummy"},{"floor":9,"key":"Eternal Feather"},{"floor":10,"key":"Boot"}],"event_choices":[{"damage_healed":0,"gold_gain":0,"player_choice":"1 cards matched","damage_taken":0,"max_hp_gain":0,"max_hp_loss":0,"event_name":"Match and Keep!","floor":11,"gold_loss":0,"cards_obtained":["Battle Trance"]},{"damage_healed":0,"gold_gain":0,"player_choice":"Paid Gold","damage_taken":0,"relics_obtained":["Gremlin Horn"],"max_hp_gain":0,"max_hp_loss":0,"event_name":"WeMeetAgain","floor":13,"gold_loss":73},{"damage_healed":0,"gold_gain":0,"player_choice":"Opened","damage_taken":0,"relics_obtained":["CeramicFish"],"max_hp_gain":0,"max_hp_loss":0,"event_name":"The Mausoleum","floor":19,"gold_loss":0,"cards_obtained":["Writhe"]},{"damage_healed":0,"gold_gain":0,"player_choice":"Read","damage_taken":0,"max_hp_gain":0,"max_hp_loss":0,"event_name":"The Library","floor":20,"gold_loss":0,"cards_obtained":["Flex"]}],"is_beta":false,"boss_relics":[{"not_picked":["Runic Pyramid","Snecko Eye"],"picked":"SacredBark"}],"items_purged_floors":[2],"is_endless":false,"potions_floor_spawned":[3,5,16],"killed_by":"Book of Stabbing","ascension_level":18}}