{"host":"znvnxllcillb3rtw","time":1609389328,"event":{"mods":["BaseMod","DeckTracker","Minty Spire (QoL Compilation)","Relic Stats","StSLib","SuperFastMode","everything is the same but u backflip on backflip"],"gold_per_floor":[119,99,118,128,128,128,159,159,159,159,192,192,215,229,229,325,325,339,319,369,369,144,144,144],"floor_reached":23,"playtime":639,"items_purged":["Strike_B+1"],"score":398,"play_id":"0acca26e-7965-4cef-a669-b7b163dc2a97","local_time":"20201231133528","is_ascension_mode":true,"campfire_choices":[{"data":"Streamline","floor":6.0,"key":"SMITH"},{"floor":10.0,"key":"REST"},{"data":"Consume","floor":12.0,"key":"SMITH"},{"data":"Blizzard","floor":15.0,"key":"SMITH"}],"circlet_count":0,"master_deck":["AscendersBane","Strike_B+1","Strike_B+1","Strike_B+1","Defend_B+1","Defend_B+1","Defend_B+1","Defend_B+1","Zap","Dualcast","Glacier","Streamline+1","Conserve Battery","Consume+1","Go for the Eyes","Turbo","Blizzard+1","Echo Form","Capacitor","Blizzard"],"relics":["Cracked Core","NeowsBlessing","Golden Idol","Mercury Hourglass","Toy Ornithopter","PreservedInsect","Happy Flower","Runic Pyramid"],"acts_visited":["Exordium","TheCity"],"potions_floor_usage":[19,23],"damage_taken":[{"damage":0.0,"enemies":"Small Slimes","floor":1.0,"turns":1.0},{"damage":0.0,"enemies":"Cultist","floor":3.0,"turns":1.0},{"damage":0.0,"enemies":"Jaw Worm","floor":4.0,"turns":1.0},{"damage":24.0,"enemies":"Lagavulin","floor":7.0,"turns":7.0},{"damage":11.0,"enemies":"Gremlin Nob","floor":11.0,"turns":3.0},{"damage":8.0,"enemies":"Large Slime","floor":13.0,"turns":7.0},{"damage":7.0,"enemies":"Lots of Slimes","floor":14.0,"turns":3.0},{"damage":11.0,"enemies":"Hexaghost","floor":16.0,"turns":14.0},{"damage":20.0,"enemies":"3 Byrds","floor":18.0,"turns":4.0},{"damage":29,"enemies":"2 Thieves","floor":19,"turns":4},{"damage":29,"enemies":"Book of Stabbing","floor":23,"turns":3}],"seed_played":"-1696907025964306460","potions_obtained":[{"floor":1.0,"key":"EssenceOfSteel"},{"floor":2.0,"key":"Strength Potion"},{"floor":11.0,"key":"Regen Potion"},{"floor":14.0,"key":"Fruit Juice"},{"floor":16.0,"key":"GamblersBrew"},{"floor":18.0,"key":"FearPotion"},{"floor":19,"key":"BlessingOfTheForge"}],"is_trial":false,"path_per_floor":["M","?","M","M","?","R","E","?","T","R","E","R","M","M","R","B",null,"M","M","?","?","$","E"],"character_chosen":"DEFECT","items_purchased":["Capacitor","Blizzard"],"campfire_rested":1,"item_purchase_floors":[22,22],"current_hp_per_floor":[64,64,64,64,40,40,16,16,16,37,26,26,38,31,31,20,58,43,24,24,24,24,0,0],"gold":144,"neow_bonus":"THREE_ENEMY_KILL","is_daily":false,"chose_seed":false,"campfire_upgraded":3,"win_rate":0.0,"timestamp":1609389328,"path_taken":["M","?","M","?","?","R","E","?","T","R","E","R","?","M","R","BOSS","M","M","?","?","$","E"],"items_purchased_type":["Card","Card"],"build_version":"2020-12-22","purchased_purges":1,"victory":false,"max_hp_per_floor":[71,71,71,71,71,71,71,71,71,71,71,71,71,71,71,71,71,71,76,76,76,76,76,76],"relic_stats":{"Happy Flower":[11],"counters":[11,47],"Golden Idol":47,"PreservedInsect":65,"obtain_stats":[{"NeowsBlessing":0,"Happy Flower":11,"Golden Idol":5,"PreservedInsect":9,"Cracked Core":0,"Toy Ornithopter":8,"Mercury Hourglass":7,"Runic Pyramid":17},{"NeowsBlessing":0,"Happy Flower":5,"Golden Idol":3,"PreservedInsect":4,"Cracked Core":0,"Toy Ornithopter":4,"Mercury Hourglass":4,"Runic Pyramid":8},{"NeowsBlessing":0,"Happy Flower":13,"Golden Idol":3,"PreservedInsect":10,"Cracked Core":0,"Toy Ornithopter":10,"Mercury Hourglass":10,"Runic Pyramid":36}],"Toy Ornithopter":20,"Mercury Hourglass":[152]},"card_choices":[{"not_picked":["Heatsinks","Streamline"],"picked":"Glacier","floor":1.0},{"not_picked":["Conserve Battery","Steam"],"picked":"Streamline","floor":3.0},{"not_picked":["Loop","Barrage"],"picked":"Conserve Battery","floor":4.0},{"not_picked":["Sweeping Beam","Undo"],"picked":"Consume","floor":7.0},{"not_picked":["Loop","Rip and Tear"],"picked":"Go for the Eyes","floor":11.0},{"not_picked":["Tempest","Barrage"],"picked":"Turbo","floor":13.0},{"not_picked":["Melter","Barrage"],"picked":"Blizzard","floor":14.0},{"not_picked":["Reboot","Hyperbeam"],"picked":"Echo Form","floor":16.0},{"not_picked":["Storm","Sweeping Beam","FTL"],"picked":"SKIP","floor":18.0},{"not_picked":["White Noise","Ball Lightning","Leap"],"picked":"SKIP","floor":19}],"player_experience":2877953,"relics_obtained":[{"floor":7.0,"key":"Mercury Hourglass"},{"floor":9.0,"key":"PreservedInsect"},{"floor":11.0,"key":"Happy Flower"}],"event_choices":[{"damage_healed":0.0,"max_hp_gain":0.0,"max_hp_loss":0.0,"gold_gain":0.0,"event_name":"The Woman in Blue","player_choice":"Bought 1 Potion","floor":2.0,"gold_loss":0.0,"damage_taken":0.0},{"damage_healed":0.0,"max_hp_gain":0.0,"max_hp_loss":0.0,"gold_gain":0.0,"event_name":"Golden Idol","player_choice":"Take Damage","floor":5.0,"gold_loss":0.0,"damage_taken":24.0,"relics_obtained":["Golden Idol"]},{"damage_healed":0.0,"max_hp_gain":0.0,"max_hp_loss":0.0,"gold_gain":0.0,"event_name":"WeMeetAgain","player_choice":"Gave Potion","floor":8.0,"gold_loss":0.0,"damage_taken":0.0,"relics_obtained":["Toy Ornithopter"]},{"damage_healed":0,"gold_gain":50,"player_choice":"Stole From Cult","damage_taken":0,"max_hp_gain":0,"max_hp_loss":0,"event_name":"Nest","floor":20,"gold_loss":0},{"damage_healed":0,"gold_gain":0,"player_choice":"Simplicity","damage_taken":0,"max_hp_gain":0,"max_hp_loss":0,"event_name":"Back to Basics","floor":21,"gold_loss":0,"cards_upgraded":["Strike_B","Strike_B","Strike_B","Strike_B","Defend_B","Defend_B","Defend_B","Defend_B"]}],"is_beta":false,"boss_relics":[{"not_picked":["Astrolabe","Nuclear Battery"],"picked":"Runic Pyramid"}],"items_purged_floors":[22],"is_endless":false,"potions_floor_spawned":[1,3,11,14,16,18,19],"killed_by":"Book of Stabbing","ascension_level":20}}