{"host":"ELF","time":1609413451,"event":{"mods":["BaseMod","Minty Spire (QoL Compilation)"],"gold_per_floor":[116,131,131,142,64,98,78,78,102,116,116,132,132,156,156,250,250,265,265,97,115,115,115,156,175,226,226,250,37,57,75,75,75,75],"floor_reached":33,"playtime":2048,"items_purged":[],"score":613,"play_id":"42734d59-aadb-4ab3-9344-5bce650692b4","local_time":"20201231051731","is_ascension_mode":true,"campfire_choices":[{"floor":8.0,"key":"REST"},{"floor":15.0,"key":"REST"},{"floor":23.0,"key":"REST"},{"floor":27.0,"key":"REST"},{"floor":32.0,"key":"REST"}],"circlet_count":0,"master_deck":["AscendersBane","Strike_G","Strike_G","Strike_G","Defend_G","Defend_G","Defend_G","Defend_G","Survivor","Neutralize","Storm of Steel+1","Backstab+1","Sucker Punch+1","Acrobatics","Bouncing Flask","Underhanded Strike","Footwork","Crippling Poison","Dagger Throw","Prepared","Injury","Blade Dance","Acrobatics","Dagger Throw","Night Terror","Catalyst","Dash","Corpse Explosion","Footwork","Crippling Poison+1","Setup","Deadly Poison","Noxious Fumes","Heel Hook+1","Apotheosis","Eviscerate","Adrenaline","Underhanded Strike"],"relics":["Astrolabe","Dream Catcher","Bag of Preparation","Golden Idol","HoveringKite","MutagenicStrength","Boot","Ancient Tea Set"],"acts_visited":["Exordium","TheCity"],"potions_floor_usage":[33,33],"damage_taken":[{"damage":0.0,"enemies":"Cultist","floor":1.0,"turns":3.0},{"damage":0.0,"enemies":"Small Slimes","floor":2.0,"turns":2.0},{"damage":7.0,"enemies":"2 Louse","floor":4.0,"turns":2.0},{"damage":24.0,"enemies":"Gremlin Nob","floor":6.0,"turns":4.0},{"damage":1.0,"enemies":"Looter","floor":10.0,"turns":2.0},{"damage":6.0,"enemies":"Exordium Wildlife","floor":12.0,"turns":4.0},{"damage":5.0,"enemies":"Blue Slaver","floor":14.0,"turns":3.0},{"damage":21.0,"enemies":"Slime Boss","floor":16.0,"turns":10.0},{"damage":0.0,"enemies":"Chosen","floor":18.0,"turns":3.0},{"damage":8.0,"enemies":"Spheric Guardian","floor":21.0,"turns":5.0},{"damage":34.0,"enemies":"Gremlin Leader","floor":24.0,"turns":9.0},{"damage":6.0,"enemies":"Snecko","floor":25.0,"turns":4.0},{"damage":3.0,"enemies":"Snake Plant","floor":28.0,"turns":3.0},{"damage":26.0,"enemies":"Centurion and Healer","floor":30.0,"turns":3.0},{"damage":0.0,"enemies":"3 Cultists","floor":31.0,"turns":2.0},{"damage":63,"enemies":"Collector","floor":33,"turns":8}],"seed_played":"3191250355646812829","potions_obtained":[{"floor":2.0,"key":"Energy Potion"},{"floor":6.0,"key":"ColorlessPotion"},{"floor":7.0,"key":"SteroidPotion"},{"floor":14.0,"key":"Strength Potion"},{"floor":16.0,"key":"Dexterity Potion"},{"floor":25.0,"key":"GhostInAJar"},{"floor":30.0,"key":"Swift Potion"}],"is_trial":false,"path_per_floor":["M","M","$","M","$","E","?","R","T","M","?","M","?","M","R","B",null,"M","?","$","M","?","R","E","M","T","R","M","$","M","M","R","B"],"character_chosen":"THE_SILENT","items_purchased":["Footwork","Corpse Explosion","Footwork","Apotheosis"],"campfire_rested":5,"item_purchase_floors":[5,20,20,29],"current_hp_per_floor":[59,59,59,52,52,28,28,47,47,46,46,40,40,35,54,33,58,58,58,58,50,50,66,32,26,26,45,42,42,16,16,35,0,0],"gold":75,"neow_bonus":"BOSS_RELIC","is_daily":false,"chose_seed":false,"campfire_upgraded":0,"win_rate":0.0,"timestamp":1609413451,"path_taken":["M","M","$","M","$","E","?","R","T","?","?","M","?","M","R","BOSS","M","?","$","M","?","R","E","M","T","R","M","$","?","M","R","BOSS"],"items_purchased_type":["Card","Card","Card","Card"],"build_version":"2020-12-18","purchased_purges":0,"victory":false,"max_hp_per_floor":[66,66,66,66,66,66,66,66,66,66,66,66,66,66,66,66,66,66,66,66,66,66,66,66,66,66,66,66,66,66,66,66,66,66],"card_choices":[{"not_picked":["Poisoned Stab","Choke"],"picked":"Acrobatics","floor":1.0},{"not_picked":["Bane","Deflect"],"picked":"Bouncing Flask","floor":2.0},{"not_picked":["Cloak And Dagger","A Thousand Cuts"],"picked":"Underhanded Strike","floor":4.0},{"not_picked":["Poisoned Stab","PiercingWail"],"picked":"Crippling Poison","floor":6.0},{"not_picked":["Deadly Poison","Choke"],"picked":"Dagger Throw","floor":8.0},{"not_picked":["Bane","Flechettes"],"picked":"Prepared","floor":10.0},{"not_picked":["Flying Knee","Masterful Stab"],"picked":"Blade Dance","floor":12.0},{"not_picked":["Underhanded Strike","Finisher"],"picked":"Acrobatics","floor":14.0},{"not_picked":["Heel Hook","Acrobatics"],"picked":"Dagger Throw","floor":15.0},{"not_picked":["Storm of Steel","Die Die Die"],"picked":"Night Terror","floor":16.0},{"not_picked":["Deadly Poison","Dodge and Roll"],"picked":"Catalyst","floor":18.0},{"not_picked":["Dodge and Roll","Deflect"],"picked":"Crippling Poison+1","floor":21.0},{"not_picked":["Bouncing Flask","Escape Plan"],"picked":"Setup","floor":23.0},{"not_picked":["Predator","Dodge and Roll+1"],"picked":"Deadly Poison","floor":24.0},{"not_picked":["Bouncing Flask","Predator"],"picked":"Noxious Fumes","floor":25.0},{"not_picked":["Dagger Spray","Choke"],"picked":"Heel Hook+1","floor":27.0},{"not_picked":["Accuracy","Slice","Riddle With Holes"],"picked":"SKIP","floor":28.0},{"not_picked":["Flying Knee","Bane"],"picked":"Eviscerate","floor":30.0},{"not_picked":["Infinite Blades","Deflect"],"picked":"Adrenaline","floor":31.0},{"not_picked":["Bane","Dagger Spray"],"picked":"Underhanded Strike","floor":32.0}],"player_experience":3122970,"relics_obtained":[{"floor":6.0,"key":"Dream Catcher"},{"floor":9.0,"key":"Bag of Preparation"},{"floor":24.0,"key":"Boot"},{"floor":26.0,"key":"Ancient Tea Set"}],"event_choices":[{"damage_healed":0.0,"max_hp_gain":0.0,"max_hp_loss":0.0,"gold_gain":0.0,"event_name":"The Woman in Blue","player_choice":"Bought 1 Potion","floor":7.0,"gold_loss":0.0,"damage_taken":0.0},{"damage_healed":0.0,"max_hp_gain":0.0,"max_hp_loss":0.0,"gold_gain":0.0,"event_name":"Golden Idol","player_choice":"Take Wound","floor":11.0,"gold_loss":0.0,"damage_taken":0.0,"relics_obtained":["Golden Idol"],"cards_obtained":["Injury"]},{"damage_healed":0.0,"max_hp_gain":0.0,"max_hp_loss":0.0,"gold_gain":0.0,"event_name":"Liars Game","player_choice":"Ignored","floor":13.0,"gold_loss":0.0,"damage_taken":0.0},{"damage_healed":0.0,"max_hp_gain":0.0,"max_hp_loss":0.0,"gold_gain":0.0,"event_name":"The Library","player_choice":"Read","floor":19.0,"gold_loss":0.0,"damage_taken":0.0,"cards_obtained":["Dash"]},{"damage_healed":0.0,"max_hp_gain":0.0,"max_hp_loss":0.0,"gold_gain":0.0,"event_name":"Drug Dealer","player_choice":"Inject Mutagens","floor":22.0,"gold_loss":0.0,"damage_taken":0.0,"relics_obtained":["MutagenicStrength"]}],"is_beta":true,"boss_relics":[{"not_picked":["Philosopher\u0027s Stone","Empty Cage"],"picked":"HoveringKite"}],"items_purged_floors":[],"is_endless":false,"potions_floor_spawned":[2,6,14,16,25,30,31],"killed_by":"Collector","ascension_level":20}}