{"host":"tfkz8stxzb1up54p","time":1609422595,"event":{"mods":["AchievementEnabler","BaseMod","Block Reminder","Colored Powertips","Curses Come First","Disable Question Mark Monsters","Emptier Cage","Evolution","Gold Saver","Gremlin Skip","Highlight Path","Minty Spire (QoL Compilation)","Permanent Neow","StSLib"],"gold_per_floor":[2057,1481,1481,1497,1510,1839,1839,1865,1935,1935,1885,1913,1965,1279,1279,1384,1384,1395,667,678,678,678,712,732,287,314,328,328,328,358,370,370,474,474,494,541,97,97,97,125,125,125,150,183,183,210,210,245,245,245],"floor_reached":51,"playtime":5861,"items_purged":["Strike_R","Strike_R","Strike_R","Defend_R","Writhe"],"score":1335,"play_id":"55b494bd-274c-4df5-ad3f-0f63166eee83","local_time":"20201231134955","is_ascension_mode":true,"campfire_choices":[{"data":"Disarm","floor":7,"key":"SMITH"},{"data":"Disarm","floor":10,"key":"SMITH"},{"data":"Berserk","floor":15,"key":"SMITH"},{"data":"Chrysalis","floor":32,"key":"SMITH"},{"floor":45,"key":"REST"},{"data":"Barricade","floor":47,"key":"SMITH"},{"data":"Rampage","floor":49,"key":"SMITH"}],"circlet_count":0,"master_deck":["AscendersBane","Defend_R","Defend_R","Bash","Disarm+1","Blind","Disarm+1","Anger","Cleave","Pommel Strike","Berserk+1","Ghostly Armor","Good Instincts","Rampage+1","Limit Break+1","Blood for Blood+1","Battle Trance+1","Sever Soul+1","Anger","Chrysalis+1","Pommel Strike","Cleave+1","Berserk+1","Ghostly Armor+1","Pummel+1","Barricade+1","Shrug It Off","Flash of Steel","Dramatic Entrance","Mayhem+1"],"relics":["Burning Blood","EVO:Axolotl","Smiling Mask","Anchor","Shuriken","Old Coin","Juzu Bracelet","Gremlin Horn","Potion Belt","Orichalcum","Oddly Smooth Stone","HornCleat","Astrolabe","Bronze Scales","Art of War","ClockworkSouvenir","Meat on the Bone","Sling","Mummified Hand","Centennial Puzzle","Sundial","Enchiridion","War Paint","Runic Cube","WingedGreaves","Letter Opener","Happy Flower","Bag of Marbles","Ginger","Dream Catcher","Gambling Chip"],"acts_visited":["Exordium","TheCity","TheBeyond"],"potions_floor_usage":[6,8,8,8,12,16,20,30,31,33,33,36,36,40],"damage_taken":[{"damage":0,"enemies":"Small Slimes","floor":1,"turns":3},{"damage":7,"enemies":"Cultist","floor":4,"turns":5},{"damage":2,"enemies":"Jaw Worm","floor":5,"turns":5},{"damage":2,"enemies":"Lagavulin","floor":6,"turns":7},{"damage":8,"enemies":"Gremlin Nob","floor":8,"turns":4},{"damage":12,"enemies":"3 Sentries","floor":12,"turns":7},{"damage":37,"enemies":"Slime Boss","floor":16,"turns":10},{"damage":2,"enemies":"Shell Parasite","floor":18,"turns":4},{"damage":3,"enemies":"3 Byrds","floor":20,"turns":5},{"damage":24,"enemies":"Slavers","floor":23,"turns":6},{"damage":0,"enemies":"Snecko","floor":24,"turns":5},{"damage":0,"enemies":"Snake Plant","floor":27,"turns":5},{"damage":0,"enemies":"Book of Stabbing","floor":30,"turns":3},{"damage":2,"enemies":"Sentry and Sphere","floor":31,"turns":3},{"damage":10,"enemies":"Automaton","floor":33,"turns":8},{"damage":1,"enemies":"Orb Walker","floor":35,"turns":3},{"damage":33,"enemies":"2 Orb Walkers","floor":36,"turns":6},{"damage":10,"enemies":"Reptomancer","floor":40,"turns":5},{"damage":22,"enemies":"Nemesis","floor":44,"turns":7},{"damage":15,"enemies":"Reptomancer","floor":46,"turns":4},{"damage":4,"enemies":"Giant Head","floor":48,"turns":5},{"damage":8,"enemies":"Time Eater","floor":50,"turns":10}],"seed_played":"-5920362982763258403","potions_obtained":[{"floor":1,"key":"PowerPotion"},{"floor":5,"key":"Block Potion"},{"floor":6,"key":"EntropicBrew"},{"floor":12,"key":"Swift Potion"},{"floor":18,"key":"ColorlessPotion"},{"floor":23,"key":"DuplicationPotion"},{"floor":24,"key":"EntropicBrew"},{"floor":27,"key":"Fire Potion"}],"is_trial":false,"path_per_floor":["M","$","?","M","M","E","R","E","T","R","?","E","T","$","R","B",null,"M","$","M","?","?","E","M","$","T","M","?","?","E","M","R","B",null,"M","?","$","?","?","E","?","?","T","E","R","E","R","E","R","B",null],"character_chosen":"IRONCLAD","items_purchased":["Anchor","Shuriken","Blind","Disarm","Oddly Smooth Stone","HornCleat","Ghostly Armor","Good Instincts","Rampage","Bronze Scales","Art of War","ClockworkSouvenir","Chrysalis","Pommel Strike","Sling","Mummified Hand","Shrug It Off","Letter Opener","Fruit Juice"],"campfire_rested":1,"item_purchase_floors":[2,2,2,2,14,14,14,14,14,19,19,19,19,19,25,25,37,37,37],"current_hp_per_floor":[78,78,78,77,80,80,80,78,78,78,78,72,72,72,72,41,70,74,74,77,62,62,44,50,50,50,56,56,40,58,62,62,58,78,83,73,73,73,63,64,64,64,64,60,87,78,78,80,80,78],"gold":245,"neow_bonus":"RANDOM_COMMON_RELIC","is_daily":false,"chose_seed":false,"campfire_upgraded":6,"win_rate":0.0,"timestamp":1609422595,"path_taken":["M","$","?","M","?","E","R","E","T","R","?","E","?","?","R","BOSS","M","$","M","?","?","E","M","$","T","M","?","?","E","M","R","BOSS","M","?","$","?","?","E","?","?","T","E","R","E","R","E","R","BOSS"],"items_purchased_type":["Relic","Relic","Card","Card","Relic","Relic","Card","Card","Card","Relic","Relic","Relic","Card","Card","Relic","Relic","Card","Relic","Potion"],"build_version":"2020-12-22","purchased_purges":5,"victory":true,"max_hp_per_floor":[80,80,80,80,80,80,80,80,80,80,80,80,80,80,80,80,80,80,80,80,85,85,85,85,85,85,85,85,85,85,85,85,85,85,85,85,85,85,85,90,90,90,90,90,90,90,90,90,90,90],"card_choices":[{"not_picked":["Bloodletting","Combust"],"picked":"Disarm","floor":1},{"not_picked":["Blood for Blood","Headbutt"],"picked":"Anger","floor":4},{"not_picked":["Wild Strike","Fire Breathing"],"picked":"Anger","floor":5},{"not_picked":["Rupture","Headbutt"],"picked":"Cleave","floor":6},{"not_picked":["Combust","True Grit"],"picked":"Pommel Strike","floor":8},{"not_picked":["Barricade","Sword Boomerang"],"picked":"Berserk","floor":12},{"not_picked":["Bludgeon","Juggernaut"],"picked":"Limit Break","floor":16},{"not_picked":["Headbutt","Iron Wave"],"picked":"Anger","floor":18},{"not_picked":["Heavy Blade","Thunderclap"],"picked":"Cleave+1","floor":20},{"not_picked":["Heavy Blade+1","Havoc"],"picked":"Ghostly Armor","floor":23},{"not_picked":["Perfected Strike","Spot Weakness","Warcry"],"picked":"SKIP","floor":24},{"not_picked":["Havoc","Reckless Charge"],"picked":"Pummel+1","floor":27},{"not_picked":["Evolve+1","Pommel Strike","Searing Blow"],"picked":"SKIP","floor":30},{"not_picked":["Searing Blow+1","Fire Breathing","Cleave"],"picked":"SKIP","floor":31},{"not_picked":["Immolate","Fiend Fire"],"picked":"Barricade","floor":33},{"not_picked":["Blood for Blood+1","Cleave","Warcry+1"],"picked":"SKIP","floor":35},{"not_picked":["Madness","Dark Shackles"],"picked":"Flash of Steel","floor":39},{"not_picked":["Deep Breath","Mind Blast"],"picked":"Dramatic Entrance","floor":39},{"not_picked":["Violence","Secret Weapon"],"picked":"Mayhem","floor":39},{"not_picked":["Flex+1","Thunderclap","Clash"],"picked":"SKIP","floor":40},{"not_picked":["Spot Weakness","Sever Soul+1","Clash+1"],"picked":"SKIP","floor":44},{"not_picked":["Sword Boomerang+1","Battle Trance+1","Pummel+1"],"picked":"SKIP","floor":46},{"not_picked":["Pommel Strike+1","Uppercut+1","Immolate"],"picked":"SKIP","floor":48}],"player_experience":1277119,"relics_obtained":[{"floor":6,"key":"Old Coin"},{"floor":8,"key":"Juzu Bracelet"},{"floor":9,"key":"Gremlin Horn"},{"floor":12,"key":"Potion Belt"},{"floor":13,"key":"Orichalcum"},{"floor":23,"key":"Meat on the Bone"},{"floor":26,"key":"Centennial Puzzle"},{"floor":29,"key":"Enchiridion"},{"floor":30,"key":"War Paint"},{"floor":36,"key":"WingedGreaves"},{"floor":40,"key":"Happy Flower"},{"floor":43,"key":"Bag of Marbles"},{"floor":44,"key":"Ginger"},{"floor":46,"key":"Dream Catcher"},{"floor":48,"key":"Gambling Chip"}],"event_choices":[{"damage_healed":0,"gold_gain":0,"player_choice":"Cursed","damage_taken":0,"max_hp_gain":0,"max_hp_loss":0,"event_name":"Wheel of Change","floor":3,"gold_loss":0,"cards_obtained":["Decay"]},{"cards_removed":["Decay"],"damage_healed":0,"gold_gain":0,"player_choice":"Card Removal","damage_taken":0,"max_hp_gain":0,"max_hp_loss":0,"event_name":"The Cleric","floor":11,"gold_loss":50},{"damage_healed":0,"gold_gain":0,"player_choice":"Shed Blood","damage_taken":20,"max_hp_gain":5,"max_hp_loss":0,"event_name":"Forgotten Altar","floor":21,"gold_loss":0},{"damage_healed":0,"gold_gain":0,"player_choice":"Copied","damage_taken":0,"max_hp_gain":0,"max_hp_loss":0,"event_name":"Duplicator","floor":22,"gold_loss":0,"cards_obtained":["Berserk"]},{"damage_healed":0,"gold_gain":0,"player_choice":"Opened","damage_taken":0,"relics_obtained":["Sundial"],"max_hp_gain":0,"max_hp_loss":0,"event_name":"The Mausoleum","floor":28,"gold_loss":0,"cards_obtained":["Writhe"]},{"damage_healed":0,"gold_gain":0,"player_choice":"Obtained Book","damage_taken":16,"max_hp_gain":0,"max_hp_loss":0,"event_name":"Cursed Tome","floor":29,"gold_loss":0},{"damage_healed":0,"gold_gain":0,"player_choice":"Fight","damage_taken":0,"max_hp_gain":0,"max_hp_loss":0,"event_name":"Mysterious Sphere","floor":36,"gold_loss":0},{"cards_removed":["Anger"],"damage_healed":0,"gold_gain":0,"player_choice":"Removed Attack","damage_taken":0,"max_hp_gain":0,"max_hp_loss":0,"event_name":"Falling","floor":38,"gold_loss":0},{"damage_healed":0,"gold_gain":0,"player_choice":"Memory 3","damage_taken":10,"max_hp_gain":0,"max_hp_loss":0,"event_name":"SensoryStone","floor":39,"gold_loss":0},{"damage_healed":0,"gold_gain":0,"player_choice":"Forge","damage_taken":0,"max_hp_gain":0,"max_hp_loss":0,"event_name":"Accursed Blacksmith","floor":41,"gold_loss":0,"cards_upgraded":["Mayhem"]},{"damage_healed":0,"gold_gain":0,"player_choice":"0 cards matched","damage_taken":0,"max_hp_gain":0,"max_hp_loss":0,"event_name":"Match and Keep!","floor":42,"gold_loss":0,"cards_obtained":[]}],"is_beta":false,"boss_relics":[{"not_picked":["Ectoplasm","Velvet Choker"],"picked":"Astrolabe"},{"not_picked":["Philosopher\u0027s Stone","Snecko Eye"],"picked":"Runic Cube"}],"items_purged_floors":[2,14,19,25,37],"is_endless":false,"potions_floor_spawned":[1,5,6,12,18,23,24,27],"ascension_level":11}}