{"host":"wd6rqtfuac3imub6","time":1609450894,"event":{"mods":["ATMod(°¢èªMod)","Act Like it!","BaseMod","Gensokyo","Lobotomy","Minty Spire (QoL Compilation)","Quick Restart","StSLib"],"gold_per_floor":[109,109,109,125,144,175,191,191,237,237,257,289,289,312,312,412,412,423,423],"floor_reached":18,"playtime":585,"items_purged":[],"score":172,"play_id":"a0fb453f-9687-440b-a611-a68096dbe0a4","local_time":"20210101054134","is_ascension_mode":false,"campfire_choices":[{"data":"AT_FamilyPortrait","floor":8,"key":"SMITH"},{"data":"Searing Blow","floor":13,"key":"SMITH"},{"data":"Searing Blow+1","floor":15,"key":"SMITH"}],"circlet_count":0,"master_deck":["Bash","AT_FamilyPortrait+1","Perfected Strike","Twin Strike","Twin Strike","Searing Blow+2","AT_GerminateFire","Corruption","Demon Form","Wild Strike","Battle Trance","Sword Boomerang","Rupture","Barricade","Feel No Pain"],"relics":["Burning Blood","AT_ATBox","Happy Flower","Matryoshka","Juzu Bracelet","Toy Ornithopter","Orichalcum","Odd Mushroom","Pandora\u0027s Box"],"acts_visited":["Exordium","Gensokyo:Gensokyoer"],"potions_floor_usage":[16,16,16],"damage_taken":[{"damage":10,"enemies":"Jaw Worm","floor":1,"turns":4},{"damage":0,"enemies":"2 Louse","floor":4,"turns":1},{"damage":6,"enemies":"Cultist","floor":5,"turns":3},{"damage":11,"enemies":"Gremlin Nob","floor":6,"turns":3},{"damage":9,"enemies":"Red Slaver","floor":7,"turns":2},{"damage":6,"enemies":"2 Fungi Beasts","floor":11,"turns":2},{"damage":34,"enemies":"Lagavulin","floor":12,"turns":6},{"damage":11,"enemies":"The Mushroom Lair","floor":14,"turns":3},{"damage":21,"enemies":"Hexaghost","floor":16,"turns":10},{"damage":10,"enemies":"Gensokyo:2_Gloops","floor":18,"turns":4}],"seed_played":"7109183194391767840","potions_obtained":[{"floor":6,"key":"Swift Potion"},{"floor":7,"key":"EssenceOfSteel"},{"floor":12,"key":"Energy Potion"},{"floor":16,"key":"Explosive Potion"}],"is_trial":false,"path_per_floor":["M","?","?","M","M","E","M","R","T","?","M","E","R","?","R","B",null,"M"],"character_chosen":"IRONCLAD","items_purchased":[],"campfire_rested":0,"item_purchase_floors":[],"current_hp_per_floor":[76,81,81,85,85,80,77,77,77,60,60,32,32,27,27,27,85,81,81],"gold":423,"neow_bonus":"RANDOM_COMMON_RELIC","is_daily":false,"chose_seed":false,"campfire_upgraded":3,"win_rate":0.0,"timestamp":1609450894,"path_taken":["M","?","?","M","M","E","?","R","T","?","M","E","R","?","R","BOSS","M"],"items_purchased_type":[],"build_version":"2020-12-22","purchased_purges":0,"victory":false,"max_hp_per_floor":[80,85,85,85,85,85,85,85,85,85,85,85,85,85,85,85,85,85,85],"card_choices":[{"not_picked":["Twin Strike","Carnage","Thunderclap"],"picked":"SKIP","floor":1},{"not_picked":["Anger","Uppercut","Sever Soul"],"picked":"SKIP","floor":4},{"not_picked":["Battle Trance","Iron Wave"],"picked":"Perfected Strike","floor":5},{"not_picked":["Whirlwind","AT_Dispersion","Havoc"],"picked":"SKIP","floor":6},{"not_picked":["Power Through","Sword Boomerang"],"picked":"Twin Strike","floor":7},{"not_picked":["Bloodletting","Blood for Blood"],"picked":"Twin Strike","floor":11},{"not_picked":["Iron Wave","Headbutt"],"picked":"Searing Blow","floor":12}],"player_experience":83697,"relics_obtained":[{"floor":6,"key":"Matryoshka"},{"floor":9,"key":"Juzu Bracelet"},{"floor":9,"key":"Toy Ornithopter"},{"floor":12,"key":"Orichalcum"},{"floor":14,"key":"Odd Mushroom"}],"event_choices":[{"damage_healed":0,"gold_gain":0,"player_choice":"Donut","damage_taken":0,"max_hp_gain":5,"max_hp_loss":0,"event_name":"Big Fish","floor":2,"gold_loss":0},{"damage_healed":0,"gold_gain":0,"player_choice":"Ignored","damage_taken":0,"max_hp_gain":0,"max_hp_loss":0,"event_name":"Liars Game","floor":3,"gold_loss":0},{"damage_healed":0,"gold_gain":0,"player_choice":"Entered Light","damage_taken":17,"max_hp_gain":0,"max_hp_loss":0,"event_name":"Shining Light","floor":10,"gold_loss":0,"cards_upgraded":["Defend_R","Strike_R"]},{"damage_healed":0,"gold_gain":0,"player_choice":"Fought Mushrooms","damage_taken":0,"max_hp_gain":0,"max_hp_loss":0,"event_name":"Mushrooms","floor":14,"gold_loss":0}],"is_beta":false,"boss_relics":[{"not_picked":["Philosopher\u0027s Stone","Astrolabe"],"picked":"Pandora\u0027s Box"}],"items_purged_floors":[],"is_endless":false,"potions_floor_spawned":[6,7,12,14,16],"killed_by":"Gensokyo:2_Gloops","ascension_level":0}}