{"host":"258i9hh742n85m0z","time":1609415273,"event":{"mods":["Act Like it!","Arknights The Spire","BaseMod","CapriCore","Friendly Minions","Gensokyo","HololiveMod","Minty Spire (QoL Compilation)","Quick Restart","Relic Stats","Replay The Spire","RumiaBox-露米娅的神秘盒子","StSLib"],"gold_per_floor":[80,230,265,276,35,86,86,120,120,150,150,184,184,194,194,270,370,390,272,272,283,283,283,314,314,314,314,342,342,373,373,373,479,479,496,526,526,526,576,657,720,823,848,927,990,1068,1089,1089],"floor_reached":47,"playtime":1993,"items_purged":["Pain","Voices"],"score":2476,"play_id":"59a85c87-8114-4768-9c8d-998df17a097e","local_time":"20201231194753","daily_mods":["Draft","Heirloom","Elite Swarm"],"is_ascension_mode":true,"campfire_choices":[{"data":"Hololive_IdolExercise","floor":7.0,"key":"SMITH"},{"data":"Hololive_CallYozoraMel","floor":11.0,"key":"SMITH"},{"data":"Hololive_StrengthChampion","floor":13.0,"key":"SMITH"},{"data":"Hololive_CallFriendA","floor":15.0,"key":"SMITH"},{"data":"Hololive_DDD","floor":23.0,"key":"SMITH"},{"data":"Hololive_DDD","floor":27.0,"key":"SMITH"},{"data":"Hololive_Yoholoon","floor":29.0,"key":"SMITH"}],"circlet_count":0,"master_deck":["AscendersBane","Hololive_CocoNews","Hololive_FlyingPonyTail+1","Hololive_CallShishiroBotan","Hololive_CallMoonaHoshinova","Hololive_StrengthChampion+1","Hololive_CallOkamiMio","Hololive_CallMurasakiShion","Hololive_CallNatsuiroMatsuri","Hololive_CallAiraniIofifteen","Hololive_CandyCastle","Hololive_OvertimeWork","Hololive_CallTsunomakiWatame","Hololive_CallSakuraMiko","Hololive_CallCivia","Hololive_Spy+1","Hololive_CallHimemoriLuna","Doubt","Hololive_CallYozoraMel+1","Hololive_IdolExercise+1","Hololive_MaximGun","Hololive_AWSL","Hololive_DurableLive","Hololive_StarCraft","Hololive_CallFriendA+1","Hololive_CallTokinoSora","Hololive_DDD+1","Hololive_CallOzoraSubaru","Hololive_DDD+1","Hololive_ASMR","Hololive_Thief","Hololive_CallSakuraMiko","Hololive_DiamondStrike","Hololive_CallYuzukiChoco","Regret","Overencumbered","Normality","Pot Of Greed","Pot Of Greed","Pot Of Greed","Pot Of Greed","Voices","Hololive_Spy","Gensokyo:AllTheWorldsEvil","Gensokyo:AllTheWorldsEvil","Clumsy","Clumsy","Spreading Infection","Writhe","ReplayTheSpireMod:IOU","Hololive_Rebirth+1"],"relics":["Hololive_TheStar","Du-Vu Doll","Replay:Ringing Soul","ats:Originium","GodSword1","War Paint","Ccalipers","Question Card","Bronze Scales","Replay:Wanted Poster","ReplayTheSpireMod:CursedCoin","Art of War","Torii","Bottled Flame","Bird Faced Urn","Matryoshka","Coffee Dripper","Gensokyo:EmptyGrave","Ring of Peace","Ring of Greed","Replay:Bandana","Golden Egg","ChaoDraw","Pocketwatch","GodSword7","Ancient Tea Set","Grinning Jar","Oddly Smooth Stone"],"acts_visited":["Exordium","TheCity","Gensokyo:Gensokyoest"],"potions_floor_usage":[],"damage_taken":[{"damage":0.0,"enemies":"2 Louse","floor":1.0,"turns":3.0},{"damage":0.0,"enemies":"Small Slimes","floor":4.0,"turns":2.0},{"damage":0.0,"enemies":"Lagavulin","floor":6.0,"turns":4.0},{"damage":0.0,"enemies":"Gremlin Nob","floor":8.0,"turns":3.0},{"damage":0.0,"enemies":"Lagavulin","floor":10.0,"turns":3.0},{"damage":0.0,"enemies":"Gremlin Nob","floor":12.0,"turns":3.0},{"damage":0.0,"enemies":"Jaw Worm","floor":14.0,"turns":2.0},{"damage":0.0,"enemies":"Slime Boss","floor":16.0,"turns":5.0},{"damage":0.0,"enemies":"Shell Parasite","floor":18.0,"turns":1.0},{"damage":0.0,"enemies":"3 Byrds","floor":21.0,"turns":2.0},{"damage":0.0,"enemies":"Gremlin Leader","floor":24.0,"turns":3.0},{"damage":0.0,"enemies":"Replay:Snechameleon","floor":28.0,"turns":4.0},{"damage":0.0,"enemies":"Gremlin Leader","floor":30.0,"turns":3.0},{"damage":0.0,"enemies":"Collector","floor":33.0,"turns":5.0},{"damage":0.0,"enemies":"Gensokyo:3_Boulders","floor":35.0,"turns":3.0},{"damage":0.0,"enemies":"Gensokyo:AncientGuardian","floor":36.0,"turns":3.0},{"damage":0.0,"enemies":"Gensokyo:Kasen","floor":40.0,"turns":5.0},{"damage":0.0,"enemies":"Gensokyo:AtlasGolem","floor":41.0,"turns":4.0},{"damage":0.0,"enemies":"Gensokyo:Doremy","floor":42.0,"turns":3.0},{"damage":0.0,"enemies":"Gensokyo:Marisa","floor":44.0,"turns":3.0},{"damage":0.0,"enemies":"Gensokyo:Sharpion","floor":45.0,"turns":3.0},{"damage":0.0,"enemies":"Gensokyo:Kasen","floor":46.0,"turns":5.0},{"damage":0,"enemies":"Gensokyo:SeedOfUnknown","floor":47,"turns":3}],"seed_played":"-3896378283730995950","potions_obtained":[{"floor":3.0,"key":"Cursed Concoction"},{"floor":6.0,"key":"CultistPotion"},{"floor":35.0,"key":"Adrenaline Potion"}],"is_trial":true,"path_per_floor":["M","?","?","M","$","E","R","E","T","E","R","E","R","M","R","B",null,"M","$","?","M","?","R","E","T","T","R","E","R","E","?","R","B",null,"M","M","?","?","?","E","M","E","T","E","M","E","M"],"character_chosen":"Hololive_HololiveCharacter","items_purchased":["Hololive_CallYozoraMel","Hololive_IdolExercise","ReplayTheSpireMod:CursedCoin","Hololive_DDD"],"campfire_rested":0,"item_purchase_floors":[5,5,19,19],"current_hp_per_floor":[27,27,30,33,36,39,39,42,42,46,46,53,53,57,57,58,58,62,65,56,60,60,60,64,64,64,64,75,75,81,81,84,88,88,89,93,84,84,87,88,92,93,96,100,104,108,109,109],"gold":1089,"neow_bonus":"","is_daily":false,"chose_seed":false,"campfire_upgraded":7,"win_rate":0.0,"timestamp":1609415273,"path_taken":["M","?","?","?","$","E","R","E","T","E","R","E","R","M","R","BOSS","M","$","?","?","?","R","E","?","T","R","E","R","E","?","R","BOSS","M","M","?","?","?","E","M","E","T","E","?","E","M"],"items_purchased_type":["Card","Card","Relic","Card"],"build_version":"2020-12-22","purchased_purges":2,"victory":false,"max_hp_per_floor":[30,30,33,36,39,42,42,45,45,49,49,53,53,57,57,58,58,62,65,65,69,69,69,73,73,73,73,77,77,81,81,84,88,88,89,93,84,84,87,88,92,93,96,100,104,108,109,109],"relic_stats":{"Torii":0,"counters":[23,74],"Bronze Scales":[200],"Bird Faced Urn":[2],"Art of War":[11],"War Paint":["Hololive_Spy","Hololive_FlyingPonyTail"],"Question Card":19,"obtain_stats":[{"Golden Egg":39,"Torii":25,"Ancient Tea Set":43,"Replay:Wanted Poster":17,"Replay:Ringing Soul":3,"Replay:Bandana":39,"Matryoshka":30,"Ccalipers":9,"Ring of Peace":39,"ReplayTheSpireMod:CursedCoin":19,"Oddly Smooth Stone":46,"Ring of Greed":39,"War Paint":8,"Question Card":10,"ChaoDraw":40,"Du-Vu Doll":0,"Gensokyo:EmptyGrave":37,"Bottled Flame":26,"ats:Originium":6,"Bronze Scales":12,"Bird Faced Urn":28,"Hololive_TheStar":0,"GodSword7":43,"Art of War":24,"Coffee Dripper":34,"Grinning Jar":44,"GodSword1":6,"Pocketwatch":42},{"Golden Egg":16,"Torii":11,"Ancient Tea Set":19,"Replay:Wanted Poster":8,"Replay:Ringing Soul":1,"Replay:Bandana":16,"Matryoshka":13,"Ccalipers":4,"Ring of Peace":16,"ReplayTheSpireMod:CursedCoin":9,"Oddly Smooth Stone":22,"Ring of Greed":16,"War Paint":4,"Question Card":5,"ChaoDraw":17,"Du-Vu Doll":0,"Gensokyo:EmptyGrave":16,"Bottled Flame":11,"ats:Originium":3,"Bronze Scales":6,"Bird Faced Urn":12,"Hololive_TheStar":0,"GodSword7":19,"Art of War":11,"Coffee Dripper":14,"Grinning Jar":20,"GodSword1":3,"Pocketwatch":19},{"Golden Egg":48,"Torii":30,"Ancient Tea Set":60,"Replay:Wanted Poster":25,"Replay:Ringing Soul":3,"Replay:Bandana":48,"Matryoshka":37,"Ccalipers":12,"Ring of Peace":48,"ReplayTheSpireMod:CursedCoin":26,"Oddly Smooth Stone":71,"Ring of Greed":48,"War Paint":12,"Question Card":15,"ChaoDraw":53,"Du-Vu Doll":0,"Gensokyo:EmptyGrave":48,"Bottled Flame":30,"ats:Originium":9,"Bronze Scales":18,"Bird Faced Urn":34,"Hololive_TheStar":0,"GodSword7":60,"Art of War":30,"Coffee Dripper":42,"Grinning Jar":63,"GodSword1":9,"Pocketwatch":60}],"Pocketwatch":[12]},"card_choices":[{"not_picked":["Hololive_Psychosis","Hololive_Trident"],"picked":"Hololive_CocoNews","floor":0.0},{"not_picked":["Hololive_OvertimeWork","Hololive_Trident"],"picked":"Hololive_FlyingPonyTail","floor":0.0},{"not_picked":["Hololive_ManjiGathering","Hololive_Trident"],"picked":"Hololive_CallShishiroBotan","floor":0.0},{"not_picked":["Hololive_Rebound","Hololive_Sequa"],"picked":"Hololive_CallMoonaHoshinova","floor":0.0},{"not_picked":["Hololive_Breathe","Hololive_Psychosis"],"picked":"Hololive_StrengthChampion","floor":0.0},{"not_picked":["Hololive_ILoveYou","Hololive_Spy"],"picked":"Hololive_CallOkamiMio","floor":0.0},{"not_picked":["Hololive_Sequa","Hololive_CallTsunomakiWatame"],"picked":"Hololive_CallMurasakiShion","floor":0.0},{"not_picked":["Hololive_OvertimeWork","Hololive_CallMinatoAqua"],"picked":"Hololive_CallNatsuiroMatsuri","floor":0.0},{"not_picked":["Hololive_RevenueBasedLive","Hololive_Sequa"],"picked":"Hololive_CallAiraniIofifteen","floor":0.0},{"not_picked":["Hololive_Psychosis","Hololive_Trident"],"picked":"Hololive_CandyCastle","floor":0.0},{"not_picked":["Hololive_Drill","Hololive_Sequa"],"picked":"Hololive_OvertimeWork","floor":0.0},{"not_picked":["Hololive_OvertimeWork","Hololive_CocoNews"],"picked":"Hololive_CallTsunomakiWatame","floor":0.0},{"not_picked":["Hololive_HuntDinosaur","Hololive_Trident"],"picked":"Hololive_CallSakuraMiko","floor":0.0},{"not_picked":["Hololive_LuckPotion","Hololive_CallYogiri"],"picked":"Hololive_CallCivia","floor":0.0},{"not_picked":["Hololive_HuntDinosaur","Hololive_Drill"],"picked":"Hololive_Spy","floor":0.0},{"not_picked":["Hololive_SummonFox","Hololive_CocoNews","Hololive_HuntDinosaur"],"picked":"Hololive_CallHimemoriLuna","floor":1.0},{"not_picked":["Hololive_CallTokoyamiTowa","Hololive_Drill","Hololive_Trident"],"picked":"Hololive_CallCivia","floor":3.0},{"not_picked":["Hololive_SummonFox","Hololive_Breathe","Hololive_Sequa"],"picked":"Hololive_Yoholoon","floor":4.0},{"not_picked":["Hololive_Nanodesu","Hololive_WolfAndLamb","Hololive_Recruit"],"picked":"Hololive_MaximGun","floor":6.0},{"not_picked":["Hololive_Recruit","Hololive_IdolExercise","Hololive_StarCraft"],"picked":"Hololive_AWSL","floor":8.0},{"not_picked":["Hololive_OpenUp","Hololive_Recruit","Hololive_ASMR"],"picked":"Hololive_DurableLive","floor":10.0},{"not_picked":["Hololive_MaximGun","Hololive_Recruit","Hololive_DiamondStrike","Hololive_AWSL"],"picked":"Hololive_StarCraft","floor":12.0},{"not_picked":["Hololive_CallMomosuzuNene","Hololive_Drill","Hololive_Breathe","Hololive_CocoNews"],"picked":"Hololive_CallFriendA","floor":14.0},{"not_picked":["Hololive_Trident","Hololive_CallRoboco","Hololive_Breathe","Hololive_CallShirakamiFubuki"],"picked":"Hololive_CallTokinoSora","floor":18.0},{"not_picked":["Hololive_Psychosis","Hololive_FlyingPonyTail+1","Hololive_Breathe","Hololive_CallSakuraMiko"],"picked":"Hololive_CallOzoraSubaru","floor":21.0},{"not_picked":["Hololive_ASMR","Hololive_Recruit","Hololive_IdolExercise","Hololive_Nanodesu"],"picked":"Hololive_DDD","floor":24.0},{"not_picked":["Hololive_MaximGun","Hololive_BeCareful","Hololive_DurableLive","Hololive_WolfAndLamb"],"picked":"Hololive_ASMR","floor":28.0},{"not_picked":["Hololive_ASMR","Hololive_MaximGun","Hololive_DDD","Hololive_FlareMind"],"picked":"Hololive_Thief","floor":30.0},{"not_picked":["Hololive_IdolExercise","Hololive_BeCareful","Hololive_Recruit","Hololive_FlareMind"],"picked":"Hololive_DiamondStrike","floor":33.0},{"not_picked":["Hololive_Drill","Hololive_StrengthChampion","Hololive_RevenueBasedLive","Hololive_CocoNews+1","Hololive_SoulCatcher"],"picked":"SKIP","floor":35.0},{"not_picked":["Hololive_Trident","Hololive_HuntDinosaur","Hololive_OvertimeWork","Hololive_CallShishiroBotan"],"picked":"Hololive_CallYuzukiChoco","floor":36.0},{"not_picked":["Hololive_ScarfAndHalo","Hololive_DiamondStrike","Hololive_ASMR","Hololive_BeCareful","Hololive_Recruit"],"picked":"SKIP","floor":40.0},{"not_picked":["Hololive_Psychosis","Hololive_Drill","Hololive_Rebound","Hololive_CocoNews","Hololive_StrengthChampion+1"],"picked":"SKIP","floor":41.0},{"not_picked":["Hololive_DDD","Hololive_ScarfAndHalo","Hololive_Recruit","Hololive_FlareMind","Hololive_BeCareful"],"picked":"SKIP","floor":42.0},{"not_picked":["Hololive_IdolExercise","Hololive_ASMR","Hololive_MaximGun","Hololive_ScarfAndHalo","Hololive_OpenUp"],"picked":"SKIP","floor":44.0},{"not_picked":["Hololive_RevenueBasedLive","Hololive_ILoveYou","Hololive_CandyCastle","Hololive_Rebound"],"picked":"Hololive_Spy","floor":45.0},{"not_picked":["Hololive_OpenUp","Hololive_BeCareful","Hololive_StarCraft","Hololive_ASMR"],"picked":"Hololive_Rebirth","floor":46}],"player_experience":157108,"relics_obtained":[{"floor":3.0,"key":"Replay:Ringing Soul"},{"floor":6.0,"key":"ats:Originium"},{"floor":6.0,"key":"GodSword1"},{"floor":8.0,"key":"ats:Originium"},{"floor":8.0,"key":"War Paint"},{"floor":9.0,"key":"Ccalipers"},{"floor":10.0,"key":"ats:Originium"},{"floor":10.0,"key":"Question Card"},{"floor":12.0,"key":"Bronze Scales"},{"floor":24.0,"key":"Art of War"},{"floor":25.0,"key":"Torii"},{"floor":26.0,"key":"Bottled Flame"},{"floor":28.0,"key":"Bird Faced Urn"},{"floor":30.0,"key":"Matryoshka"},{"floor":39.0,"key":"Ring of Peace"},{"floor":39.0,"key":"Ring of Greed"},{"floor":39.0,"key":"Replay:Bandana"},{"floor":39.0,"key":"Golden Egg"},{"floor":40.0,"key":"ChaoDraw"},{"floor":42.0,"key":"Pocketwatch"},{"floor":43.0,"key":"GodSword7"},{"floor":43.0,"key":"Ancient Tea Set"},{"floor":44.0,"key":"Grinning Jar"},{"floor":46,"key":"Oddly Smooth Stone"}],"event_choices":[{"damage_healed":0.0,"max_hp_gain":0.0,"max_hp_loss":0.0,"gold_gain":150.0,"event_name":"Liars Game","player_choice":"AGREE","floor":2.0,"gold_loss":0.0,"damage_taken":0.0,"cards_obtained":["Doubt"]},{"damage_healed":0.0,"max_hp_gain":0.0,"max_hp_loss":0.0,"gold_gain":0.0,"event_name":"Wheel of Change","player_choice":"Damaged","floor":20.0,"gold_loss":0.0,"damage_taken":9.0},{"damage_healed":0.0,"max_hp_gain":0.0,"max_hp_loss":0.0,"gold_gain":0.0,"event_name":"Vampires","player_choice":"Ignored","floor":22.0,"gold_loss":0.0,"damage_taken":0.0}],"is_beta":false,"boss_relics":[{"not_picked":["Snecko Eye","Replay:Ancient Bell"],"picked":"Replay:Wanted Poster"},{"not_picked":["Runic Pyramid","Velvet Choker"],"picked":"Coffee Dripper"}],"items_purged_floors":[5,19],"is_endless":true,"potions_floor_spawned":[6,8,12,21,24,28,33,35,42,45],"killed_by":"Gensokyo:SeedOfUnknown","ascension_level":20}}