{"host":"2se5dq1do2gp0x9k","time":1609444534,"event":{"mods":["BaseMod","Block Reminder","Colored Map","Colored Powertips","Minty Spire (QoL Compilation)","Relic Stats","StSLib","SuperFastMode","Synergy Search"],"gold_per_floor":[118,6,16,16,16,56,56,56,56],"floor_reached":8,"playtime":270,"items_purged":[],"score":108,"play_id":"2981a033-6bc4-4f60-a684-fdacee7e1130","local_time":"20201231115534","is_ascension_mode":true,"campfire_choices":[{"floor":7,"key":"REST"}],"circlet_count":0,"master_deck":["AscendersBane","Strike_B","Strike_B","Strike_B+1","Strike_B","Defend_B","Defend_B+1","Defend_B","Defend_B","Zap","Dualcast","Ball Lightning","Steam","Static Discharge","Storm","Self Repair"],"relics":["Sozu","Golden Idol","Juzu Bracelet"],"acts_visited":["Exordium"],"potions_floor_usage":[],"damage_taken":[{"damage":4,"enemies":"Small Slimes","floor":1,"turns":4},{"damage":14,"enemies":"Jaw Worm","floor":3,"turns":4},{"damage":13,"enemies":"3 Sentries","floor":6,"turns":7},{"damage":59,"enemies":"Gremlin Nob","floor":8,"turns":4}],"seed_played":"3510520366221208137","potions_obtained":[],"is_trial":false,"path_per_floor":["M","$","M","?","?","E","R","E"],"character_chosen":"DEFECT","items_purchased":["Steam","Static Discharge"],"campfire_rested":1,"item_purchase_floors":[2,2],"current_hp_per_floor":[60,60,46,25,25,12,31,0,0],"gold":56,"neow_bonus":"BOSS_RELIC","is_daily":false,"chose_seed":false,"campfire_upgraded":0,"win_rate":0.0,"timestamp":1609444534,"path_taken":["M","$","M","?","?","E","R","E"],"items_purchased_type":["Card","Card"],"build_version":"2020-12-22","purchased_purges":0,"victory":false,"max_hp_per_floor":[71,71,71,71,64,64,64,64,64],"relic_stats":{"Sozu":2,"counters":[4,19],"Golden Idol":8,"Juzu Bracelet":0,"obtain_stats":[{"Sozu":0,"Golden Idol":5,"Juzu Bracelet":6,"Cracked Core":0},{"Sozu":0,"Golden Idol":2,"Juzu Bracelet":3,"Cracked Core":0},{"Sozu":0,"Golden Idol":8,"Juzu Bracelet":15,"Cracked Core":0}]},"card_choices":[{"not_picked":["Darkness","Lockon"],"picked":"Ball Lightning","floor":1},{"not_picked":["BootSequence","Blizzard"],"picked":"Storm","floor":3},{"not_picked":["Scrape","Barrage"],"picked":"Self Repair","floor":6}],"player_experience":3663637,"relics_obtained":[{"floor":6,"key":"Juzu Bracelet"}],"event_choices":[{"damage_healed":0,"gold_gain":0,"player_choice":"Entered Light","damage_taken":21,"max_hp_gain":0,"max_hp_loss":0,"event_name":"Shining Light","floor":4,"gold_loss":0,"cards_upgraded":["Defend_B","Strike_B"]},{"damage_healed":0,"gold_gain":0,"player_choice":"Lose Max HP","damage_taken":0,"relics_obtained":["Golden Idol"],"max_hp_gain":0,"max_hp_loss":7,"event_name":"Golden Idol","floor":5,"gold_loss":0}],"is_beta":false,"boss_relics":[],"items_purged_floors":[],"is_endless":false,"potions_floor_spawned":[1,3],"killed_by":"Gremlin Nob","ascension_level":20}}