{"host":"pq8o62wp0h1hflf3","time":1609442623,"event":{"mods":["BaseMod","Minty Spire (QoL Compilation)","Relic Stats","ojb\u0027s Info Mod"],"gold_per_floor":[112,112,112,131,141,175,175,206,206,236,236,251,251,262,262,339,339,355,22,22,33,33,61,61,87,112,112,123,152,162,174,174,253,253,269,269,288,115,133,133,167,167,167,180,214,234,263,283,283,283,283,283,283,30,63,63],"floor_reached":57,"playtime":6884,"items_purged":[],"score":2944,"play_id":"c3d8c05e-940b-48f0-8747-dc781ea6f5d4","local_time":"20201231142343","is_ascension_mode":true,"campfire_choices":[{"data":"Bash","floor":7.0,"key":"SMITH"},{"data":"Armaments","floor":13.0,"key":"SMITH"},{"data":"Disarm","floor":15.0,"key":"SMITH"},{"floor":24,"key":"REST"},{"data":"Barricade","floor":32,"key":"SMITH"},{"floor":40,"key":"RECALL"},{"data":"Impervious","floor":42,"key":"SMITH"},{"floor":49,"key":"REST"},{"data":"Feel No Pain","floor":53,"key":"SMITH"}],"circlet_count":0,"master_deck":["AscendersBane","Bash+1","Wild Strike+1","Iron Wave","Disarm+1","Feed","Shrug It Off","True Grit","Armaments+1","Evolve","Fiend Fire","Impervious","Offering","Flex","Barricade+1","Heavy Blade","Bludgeon","Flex","Infernal Blade","Battle Trance","Headbutt+1","Impervious+1","Thunderclap","Battle Trance","Feed","Body Slam","Exhume","Feel No Pain+1","Flame Barrier","Double Tap","Power Through+1"],"relics":["Burning Blood","NeowsBlessing","Centennial Puzzle","White Beast Statue","Toy Ornithopter","Paper Frog","Pandora\u0027s Box","Gambling Chip","CultistMask","Champion Belt","StrikeDummy","Potion Belt","HornCleat","Snecko Eye","Matryoshka","Strange Spoon","The Courier","Akabeko","InkBottle","CaptainsWheel","Omamori","Incense Burner","Sundial"],"acts_visited":["Exordium","TheCity","TheBeyond","TheEnding"],"potions_floor_usage":[18,23,25,30,33,35,41,47,47,56,56,56],"damage_taken":[{"damage":0.0,"enemies":"Cultist","floor":1.0,"turns":1.0},{"damage":0.0,"enemies":"2 Louse","floor":4.0,"turns":1.0},{"damage":0.0,"enemies":"Jaw Worm","floor":5.0,"turns":1.0},{"damage":26.0,"enemies":"Lagavulin","floor":6.0,"turns":7.0},{"damage":45.0,"enemies":"3 Sentries","floor":8.0,"turns":9.0},{"damage":36.0,"enemies":"Lagavulin","floor":10.0,"turns":6.0},{"damage":0.0,"enemies":"2 Fungi Beasts","floor":12.0,"turns":5.0},{"damage":3.0,"enemies":"Exordium Thugs","floor":14.0,"turns":9.0},{"damage":58.0,"enemies":"Hexaghost","floor":16.0,"turns":16.0},{"damage":3,"enemies":"Spheric Guardian","floor":18,"turns":4},{"damage":6,"enemies":"Chosen","floor":21,"turns":2},{"damage":63,"enemies":"Book of Stabbing","floor":23,"turns":6},{"damage":76,"enemies":"Slavers","floor":25,"turns":5},{"damage":2,"enemies":"Centurion and Healer","floor":28,"turns":8},{"damage":6,"enemies":"Book of Stabbing","floor":29,"turns":1},{"damage":6,"enemies":"Sentry and Sphere","floor":30,"turns":4},{"damage":9,"enemies":"Snake Plant","floor":31,"turns":4},{"damage":48,"enemies":"Automaton","floor":33,"turns":12},{"damage":1,"enemies":"3 Darklings","floor":35,"turns":7},{"damage":0,"enemies":"3 Shapes","floor":37,"turns":7},{"damage":6,"enemies":"Spire Growth","floor":39,"turns":3},{"damage":14,"enemies":"Reptomancer","floor":41,"turns":9},{"damage":0,"enemies":"4 Shapes","floor":44,"turns":7},{"damage":6,"enemies":"Nemesis","floor":45,"turns":15},{"damage":9,"enemies":"Sphere and 2 Shapes","floor":46,"turns":8},{"damage":40,"enemies":"Reptomancer","floor":47,"turns":11},{"damage":6,"enemies":"Maw","floor":48,"turns":7},{"damage":83,"enemies":"Time Eater","floor":50,"turns":17},{"damage":36,"enemies":"Donu and Deca","floor":51,"turns":8},{"damage":2,"enemies":"Shield and Spear","floor":55,"turns":21},{"damage":40,"enemies":"The Heart","floor":56,"turns":17}],"seed_played":"-7593717439597936939","potions_obtained":[{"floor":1.0,"key":"BloodPotion"},{"floor":6.0,"key":"Regen Potion"},{"floor":10.0,"key":"EssenceOfSteel"},{"floor":12.0,"key":"Regen Potion"},{"floor":14.0,"key":"BloodPotion"},{"floor":16.0,"key":"AttackPotion"},{"floor":18,"key":"Strength Potion"},{"floor":23,"key":"BloodPotion"},{"floor":25,"key":"SneckoOil"},{"floor":28,"key":"LiquidMemories"},{"floor":29,"key":"Fire Potion"},{"floor":30,"key":"Fire Potion"},{"floor":33,"key":"BlessingOfTheForge"},{"floor":35,"key":"ColorlessPotion"},{"floor":39,"key":"BloodPotion"},{"floor":41,"key":"Block Potion"},{"floor":47,"key":"BloodPotion"},{"floor":48,"key":"SmokeBomb"}],"is_trial":false,"path_per_floor":["M","?","?","M","M","E","R","E","T","E","T","M","R","M","R","B",null,"M","$","?","M","$","E","R","E","T","?","M","E","M","M","R","B",null,"M","T","M","$","M","R","E","R","T","M","E","M","E","M","R","B","B",null,"R","$","E","B",null],"character_chosen":"IRONCLAD","items_purchased":["Gambling Chip","Strange Spoon","Incense Burner"],"campfire_rested":2,"item_purchase_floors":[19,38,54],"current_hp_per_floor":[74,79,79,80,80,60,60,39,39,9,9,23,23,50,50,21,73,81,81,81,84,84,36,65,23,23,23,30,30,59,60,60,26,91,105,105,118,118,118,118,118,118,118,130,134,137,113,113,143,69,43,123,123,123,134,157],"gold":63,"neow_bonus":"THREE_ENEMY_KILL","is_daily":false,"chose_seed":false,"campfire_upgraded":6,"win_rate":0.0,"timestamp":1609442623,"path_taken":["M","?","?","M","?","E","R","E","T","E","?","M","R","M","R","BOSS","M","$","?","M","?","E","R","E","T","?","M","E","M","M","R","BOSS","M","?","M","$","M","R","E","R","T","M","E","M","E","M","R","BOSS","BOSS","R","$","E","BOSS"],"items_purchased_type":["Relic","Relic","Relic"],"build_version":"2020-12-22","purchased_purges":0,"victory":true,"max_hp_per_floor":[75,80,80,80,80,80,80,83,83,83,83,86,86,90,90,90,90,90,90,90,93,93,97,97,100,100,100,103,103,106,110,110,113,113,117,117,124,124,124,124,127,127,127,133,137,143,143,143,143,146,150,150,150,150,157,157],"relic_stats":{"Strange Spoon":[64],"Centennial Puzzle":[72],"counters":[31,238],"Sundial":[4],"Gambling Chip":[88],"Snecko Eye":[296,289,308,284],"Pandora\u0027s Box":["Impervious","Offering","Flex","Barricade","Heavy Blade","Bludgeon","Searing Blow","Flex","Infernal Blade"],"Champion Belt":[61],"obtain_stats":[{"Potion Belt":26,"NeowsBlessing":0,"The Courier":41,"Omamori":47,"Incense Burner":54,"Burning Blood":0,"White Beast Statue":8,"Akabeko":43,"Strange Spoon":38,"Centennial Puzzle":6,"CaptainsWheel":45,"HornCleat":29,"Matryoshka":36,"Sundial":55,"Gambling Chip":19,"Snecko Eye":34,"Pandora\u0027s Box":17,"CultistMask":20,"Champion Belt":23,"StrikeDummy":25,"Toy Ornithopter":10,"InkBottle":43,"Paper Frog":11},{"Potion Belt":13,"NeowsBlessing":0,"The Courier":22,"Omamori":26,"Incense Burner":29,"Burning Blood":0,"White Beast Statue":5,"Akabeko":22,"Strange Spoon":20,"Centennial Puzzle":4,"CaptainsWheel":24,"HornCleat":15,"Matryoshka":19,"Sundial":30,"Gambling Chip":10,"Snecko Eye":18,"Pandora\u0027s Box":9,"CultistMask":10,"Champion Belt":12,"StrikeDummy":13,"Toy Ornithopter":6,"InkBottle":22,"Paper Frog":6},{"Potion Belt":72,"NeowsBlessing":0,"The Courier":127,"Omamori":168,"Incense Burner":200,"Burning Blood":0,"White Beast Statue":19,"Akabeko":127,"Strange Spoon":115,"Centennial Puzzle":10,"CaptainsWheel":149,"HornCleat":81,"Matryoshka":108,"Sundial":221,"Gambling Chip":59,"Snecko Eye":101,"Pandora\u0027s Box":55,"CultistMask":59,"Champion Belt":67,"StrikeDummy":72,"Toy Ornithopter":25,"InkBottle":127,"Paper Frog":25}],"Burning Blood":169,"Toy Ornithopter":70,"InkBottle":[30]},"card_choices":[{"not_picked":["Dropkick","Sword Boomerang"],"picked":"Wild Strike","floor":1.0},{"not_picked":["Perfected Strike","Clash"],"picked":"Iron Wave","floor":4.0},{"not_picked":["Second Wind","Flex"],"picked":"Disarm","floor":5.0},{"not_picked":["Rampage","Ghostly Armor"],"picked":"Feed","floor":6.0},{"not_picked":["Searing Blow","Flex"],"picked":"Shrug It Off","floor":8.0},{"not_picked":["Body Slam","Sword Boomerang"],"picked":"True Grit","floor":10.0},{"not_picked":["Headbutt","Warcry"],"picked":"Armaments","floor":12.0},{"not_picked":["Armaments","Shrug It Off"],"picked":"Evolve","floor":14.0},{"not_picked":["Demon Form","Juggernaut"],"picked":"Fiend Fire","floor":16.0},{"not_picked":["Warcry+1","Intimidate"],"picked":"Battle Trance","floor":18},{"not_picked":["Metallicize","Armaments"],"picked":"Headbutt+1","floor":21},{"not_picked":["True Grit","Offering"],"picked":"Impervious","floor":23},{"not_picked":["Battle Trance+1","Twin Strike"],"picked":"Thunderclap","floor":25},{"not_picked":["Second Wind","Iron Wave","Twin Strike"],"picked":"SKIP","floor":28},{"not_picked":["Iron Wave+1","Clothesline","Rampage"],"picked":"SKIP","floor":29},{"not_picked":["Heavy Blade","Twin Strike","Armaments"],"picked":"SKIP","floor":30},{"not_picked":["Anger","Metallicize","Seeing Red"],"picked":"SKIP","floor":31},{"not_picked":["Juggernaut","Barricade"],"picked":"Feed","floor":33},{"not_picked":["Twin Strike+1","Heavy Blade+1","Armaments"],"picked":"SKIP","floor":35},{"not_picked":["Anger","Dropkick+1","Warcry"],"picked":"SKIP","floor":37},{"not_picked":["Heavy Blade","Wild Strike"],"picked":"Body Slam","floor":39},{"not_picked":["Dark Embrace","Anger"],"picked":"Exhume","floor":41},{"not_picked":["Inflame","Pommel Strike"],"picked":"Feel No Pain","floor":44},{"not_picked":["Anger","Warcry"],"picked":"Flame Barrier","floor":45},{"not_picked":["True Grit+1","Anger","Sword Boomerang+1"],"picked":"SKIP","floor":46},{"not_picked":["Anger+1","Wild Strike"],"picked":"Double Tap","floor":47},{"not_picked":["Armaments","Sever Soul","Flex"],"picked":"SKIP","floor":48},{"not_picked":["Headbutt","Infernal Blade"],"picked":"Power Through+1","floor":55}],"player_experience":1086135,"relics_obtained":[{"floor":6.0,"key":"Centennial Puzzle"},{"floor":8.0,"key":"White Beast Statue"},{"floor":10.0,"key":"Toy Ornithopter"},{"floor":11.0,"key":"Paper Frog"},{"floor":23,"key":"Champion Belt"},{"floor":25,"key":"StrikeDummy"},{"floor":26,"key":"Potion Belt"},{"floor":29,"key":"HornCleat"},{"floor":36,"key":"Matryoshka"},{"floor":41,"key":"The Courier"},{"floor":43,"key":"Akabeko"},{"floor":43,"key":"InkBottle"},{"floor":45,"key":"CaptainsWheel"},{"floor":47,"key":"Omamori"},{"floor":55,"key":"Sundial"}],"event_choices":[{"damage_healed":0.0,"max_hp_gain":5.0,"max_hp_loss":0.0,"gold_gain":0.0,"event_name":"Big Fish","player_choice":"Donut","floor":2.0,"gold_loss":0.0,"damage_taken":0.0},{"damage_healed":0.0,"max_hp_gain":0.0,"max_hp_loss":0.0,"gold_gain":0.0,"event_name":"Upgrade Shrine","player_choice":"Upgraded","floor":3.0,"gold_loss":0.0,"damage_taken":0.0,"cards_upgraded":["Wild Strike"]},{"damage_healed":0,"gold_gain":0,"player_choice":"Trade","damage_taken":0,"relics_obtained":["CultistMask"],"max_hp_gain":0,"max_hp_loss":0,"event_name":"FaceTrader","floor":20,"gold_loss":0},{"damage_healed":0,"gold_gain":0,"cards_transformed":["Searing Blow"],"player_choice":"Transformed","damage_taken":0,"max_hp_gain":0,"max_hp_loss":0,"event_name":"Transmorgrifier","floor":27,"gold_loss":0,"cards_obtained":["Battle Trance"]}],"is_beta":false,"boss_relics":[{"not_picked":["Ectoplasm","Mark of Pain"],"picked":"Pandora\u0027s Box"},{"not_picked":["Black Star","SlaversCollar"],"picked":"Snecko Eye"}],"items_purged_floors":[],"is_endless":false,"potions_floor_spawned":[1,6,10,12,14,16,18,21,23,25,28,29,30,31,33,35,37,39,41,44,45,46,47,48,55],"ascension_level":20}}