{"host":"dntw6kil9p09eemm","time":1609452998,"event":{"mods":["Alarm Clock","Aspiration","BaseMod","Downfall","Hermit","Hubris","Minty Spire (QoL Compilation)","Permanent Neow","Replay The Spire","Shop Mod","StSLib"],"gold_per_floor":[109,59,75,75,88,115,128,160,208,208,168,168,168,24,24,153,153,173,196,579,579,614,614,639,317,317,347,362,362],"floor_reached":28,"playtime":1667,"items_purged":["hermit:Midnight"],"score":255,"play_id":"6d6b340a-162c-417a-ae40-03d6c5e967dd","local_time":"20210101071638","is_ascension_mode":false,"campfire_choices":[{"floor":10,"key":"REST"},{"floor":13,"key":"REST"},{"floor":23,"key":"REST"}],"circlet_count":0,"master_deck":["hermit:Snapshot","hermit:Covet","hermit:Deadeye","hermit:GhostlyPresence","hermit:Headshot","hermit:Feint","hermit:HoleUp","hermit:DeadOrAlive","hermit:FinalCanter","hermit:HeroicBravado","hermit:TakeAim","hermit:FlashPowder","hermit:DeadMansHand","hermit:Glare+1","hermit:Quickdraw","hermit:Glare","hermit:Headshot+1","hermit:Reprieve"],"relics":["hermit:Momento","Pen Nib","MerchantsRug","Golden Idol","hermit:PetGhost","Replay:Arrowhead","Gremlin Horn"],"acts_visited":["Exordium","TheCity"],"potions_floor_usage":[6,6,8,22],"damage_taken":[{"damage":4,"enemies":"2 Louse","floor":1,"turns":2},{"damage":6,"enemies":"Jaw Worm","floor":3,"turns":2},{"damage":0,"enemies":"Cultist","floor":5,"turns":3},{"damage":16,"enemies":"3 Sentries","floor":6,"turns":6},{"damage":16,"enemies":"Exordium Wildlife","floor":7,"turns":4},{"damage":22,"enemies":"Gremlin Nob","floor":8,"turns":4},{"damage":38,"enemies":"The Guardian","floor":16,"turns":9},{"damage":15,"enemies":"Spheric Guardian","floor":18,"turns":5},{"damage":1,"enemies":"Shell Parasite","floor":19,"turns":6},{"damage":21,"enemies":"Cultist and Chosen","floor":22,"turns":9},{"damage":16,"enemies":"Snake Plant","floor":24,"turns":5},{"damage":0,"enemies":"Snecko","floor":27,"turns":3},{"damage":29,"enemies":"Sentry and Sphere","floor":28,"turns":6}],"seed_played":"-7982717070622168267","potions_obtained":[{"floor":1,"key":"Swift Potion"},{"floor":3,"key":"Fire Potion"},{"floor":5,"key":"SpeedPotion"},{"floor":7,"key":"AttackPotion"},{"floor":8,"key":"Strength Potion"},{"floor":18,"key":"Energy Potion"},{"floor":24,"key":"Languid Potion"}],"is_trial":false,"path_per_floor":["M","?","M","?","M","E","M","E","T","R","$","?","R","$","R","B",null,"M","M","$","?","M","R","M","$","T","M","M"],"character_chosen":"HERMIT","items_purchased":["MerchantsRug","hermit:PetGhost","hermit:Glare","Replay:Arrowhead","hermit:Reprieve"],"campfire_rested":3,"item_purchase_floors":[11,14,20,25,25],"current_hp_per_floor":[71,71,65,65,65,49,33,11,11,33,33,33,53,53,53,15,69,54,53,53,53,32,52,36,36,36,36,11,11],"gold":362,"neow_bonus":"REMOVE_CARD","is_daily":false,"chose_seed":false,"campfire_upgraded":0,"win_rate":0.0,"timestamp":1609452998,"path_taken":["M","?","M","?","M","E","M","E","T","R","$","?","R","$","R","BOSS","M","M","$","?","?","R","M","$","T","M","M"],"items_purchased_type":["Relic","Relic","Card","Relic","Card"],"build_version":"2020-12-22","purchased_purges":1,"victory":false,"max_hp_per_floor":[75,75,75,75,75,75,75,75,75,75,75,69,69,69,69,69,69,69,69,69,69,69,69,69,69,69,69,69,69],"card_choices":[{"not_picked":["hermit:HighCaliber","hermit:Combo"],"picked":"hermit:Deadeye","floor":1},{"not_picked":["hermit:Vantage","hermit:Feint"],"picked":"hermit:GhostlyPresence","floor":3},{"not_picked":["hermit:Dive","hermit:Ricochet","hermit:Spite"],"picked":"SKIP","floor":5},{"not_picked":["hermit:Roulette","hermit:FatalDesire"],"picked":"hermit:Feint","floor":6},{"not_picked":["hermit:HighCaliber","hermit:ShadowCloak"],"picked":"hermit:HoleUp","floor":7},{"not_picked":["hermit:Combo","hermit:CursedWeapon","hermit:SprayPray"],"picked":"SKIP","floor":8},{"not_picked":["hermit:OverwhelmingPower","hermit:HighNoon"],"picked":"hermit:DeadOrAlive","floor":16},{"not_picked":["hermit:Coalescence","hermit:CalledShot"],"picked":"hermit:Glare+1","floor":18},{"not_picked":["hermit:Midnight","hermit:HighCaliber"],"picked":"hermit:Quickdraw","floor":19},{"not_picked":["hermit:TrackingShot+1","hermit:Desperado"],"picked":"hermit:Headshot+1","floor":22},{"not_picked":["hermit:FlashPowder","hermit:Manifest","hermit:FullyLoaded+1"],"picked":"SKIP","floor":24},{"not_picked":["hermit:CursedWeapon","hermit:CalledShot","hermit:Ricochet"],"picked":"SKIP","floor":27},{"not_picked":["hermit:Misfire+1","hermit:Headshot","hermit:Desperado"],"picked":"SKIP","floor":28}],"player_experience":510374,"relics_obtained":[{"floor":6,"key":"Pen Nib"},{"floor":8,"key":"Bag of Preparation"},{"floor":9,"key":"hubris:ToyBattleship"},{"floor":26,"key":"Gremlin Horn"}],"event_choices":[{"cards_removed":["hermit:Strike_Hermit"],"damage_healed":0,"gold_gain":0,"player_choice":"Card Removal","damage_taken":0,"max_hp_gain":0,"max_hp_loss":0,"event_name":"The Cleric","floor":2,"gold_loss":50},{"damage_healed":0,"gold_gain":0,"player_choice":"Lose Max HP","damage_taken":0,"relics_obtained":["Golden Idol"],"max_hp_gain":0,"max_hp_loss":6,"event_name":"Golden Idol","floor":12,"gold_loss":0},{"damage_healed":0,"gold_gain":0,"player_choice":"Ignored","damage_taken":0,"max_hp_gain":0,"max_hp_loss":0,"event_name":"NoteForYourself","floor":21,"gold_loss":0}],"is_beta":false,"boss_relics":[{"not_picked":["Runic Dome","Fusion Hammer"],"picked":"Replay:Grab Bag"},{"not_picked":["hubris:VirtuousBlindfold","hubris:GrandSneckoEye"],"picked":"Cursed Key"},{"not_picked":["Ectoplasm","ReplayTheSpireMod:Onyx Gauntlets"],"picked":"ChewingGum"},{"not_picked":["Astrolabe","expansioncontent:StudyCardRelic"],"picked":"Pandora\u0027s Box"},{"not_picked":["Ring of Chaos","aspiration:PoetsPen_weak"],"picked":"aspiration:SecretTechniqueScroll"}],"items_purged_floors":[20],"is_endless":false,"potions_floor_spawned":[1,3,5,7,8,18,24],"killed_by":"Sentry and Sphere","ascension_level":0}}