{"host":"1eo5f82aifdzd7pr","time":1609441563,"event":{"mods":["AchievementEnabler","BaseMod","Colored Map","Colored Powertips","DeckTracker","Minty Spire (QoL Compilation)","StSLib","SuperFastMode"],"gold_per_floor":[118,137,156,4,15,15,32,50,50,50,50,50,80,95,95,174,174,188,198,217,234,234,234,284,284,284,317,317,329,329,360,360,435,435,448,468,482,497,510,510,520,520,520,80,80,80,111,61,61,61],"floor_reached":51,"playtime":3694,"items_purged":["Strike_P","Defend_P","Defend_P"],"score":1199,"play_id":"5254966f-bea3-4bb9-a58e-81ff4450ea23","local_time":"20201231210603","is_ascension_mode":true,"campfire_choices":[{"data":"TalkToTheHand","floor":6.0,"key":"SMITH"},{"data":"Eruption","floor":10.0,"key":"SMITH"},{"data":"Adaptation","floor":12.0,"key":"SMITH"},{"floor":15.0,"key":"REST"},{"data":"Vault","floor":23.0,"key":"SMITH"},{"data":"EmptyMind","floor":25.0,"key":"SMITH"},{"data":"TalkToTheHand","floor":28.0,"key":"SMITH"},{"floor":32.0,"key":"REST"},{"data":"Wireheading","floor":40,"key":"SMITH"},{"data":"WheelKick","floor":42,"key":"SMITH"},{"data":"Protect","floor":46,"key":"SMITH"},{"floor":49,"key":"REST"}],"circlet_count":0,"master_deck":["AscendersBane","Strike_P","Eruption+1","Vigilance","Protect","Wireheading+1","FlurryOfBlows","TalkToTheHand+1","Adaptation+1","FearNoEvil","FlurryOfBlows","Vault+1","Protect+1","EmptyMind+1","TalkToTheHand+1","WheelKick+1","BattleHymn+1","Fasting2+1","Judgement+1","Ragnarok+1","WheelKick+1","CrushJoints+1","Establishment+1"],"relics":["HolyWater","Akabeko","Meat on the Bone","Regal Pillow","Ice Cream","Frozen Egg 2","Mango","Astrolabe","Ginger","GoldenEye","Smiling Mask"],"acts_visited":["Exordium","TheCity","TheBeyond"],"potions_floor_usage":[38,50,50],"damage_taken":[{"damage":0.0,"enemies":"2 Louse","floor":1.0,"turns":1.0},{"damage":0.0,"enemies":"Jaw Worm","floor":2.0,"turns":6.0},{"damage":0.0,"enemies":"Small Slimes","floor":3.0,"turns":7.0},{"damage":3.0,"enemies":"Gremlin Gang","floor":5.0,"turns":8.0},{"damage":0.0,"enemies":"Large Slime","floor":7.0,"turns":4.0},{"damage":0.0,"enemies":"2 Fungi Beasts","floor":8.0,"turns":3.0},{"damage":33.0,"enemies":"Gremlin Nob","floor":13.0,"turns":4.0},{"damage":3.0,"enemies":"Blue Slaver","floor":14.0,"turns":4.0},{"damage":24.0,"enemies":"Slime Boss","floor":16.0,"turns":7.0},{"damage":2.0,"enemies":"2 Thieves","floor":18.0,"turns":4.0},{"damage":0.0,"enemies":"Spheric Guardian","floor":19.0,"turns":4.0},{"damage":27.0,"enemies":"Snake Plant","floor":20.0,"turns":6.0},{"damage":15.0,"enemies":"Cultist and Chosen","floor":21.0,"turns":8.0},{"damage":14.0,"enemies":"Book of Stabbing","floor":27.0,"turns":6.0},{"damage":0.0,"enemies":"Snecko","floor":29.0,"turns":8.0},{"damage":27.0,"enemies":"Slavers","floor":31.0,"turns":6.0},{"damage":66.0,"enemies":"Automaton","floor":33.0,"turns":9.0},{"damage":10,"enemies":"3 Darklings","floor":35,"turns":4},{"damage":2,"enemies":"Orb Walker","floor":36,"turns":4},{"damage":0,"enemies":"Spire Growth","floor":37,"turns":3},{"damage":9,"enemies":"3 Darklings","floor":38,"turns":3},{"damage":0,"enemies":"Maw","floor":39,"turns":7},{"damage":22,"enemies":"Jaw Worm Horde","floor":41,"turns":5},{"damage":10,"enemies":"Giant Head","floor":47,"turns":6},{"damage":33,"enemies":"Time Eater","floor":50,"turns":9}],"seed_played":"-7955396902495488350","potions_obtained":[{"floor":3.0,"key":"Fire Potion"},{"floor":8.0,"key":"LiquidBronze"},{"floor":13.0,"key":"DistilledChaos"},{"floor":19.0,"key":"BlessingOfTheForge"},{"floor":20.0,"key":"Fire Potion"},{"floor":21.0,"key":"Energy Potion"},{"floor":27.0,"key":"Energy Potion"},{"floor":35,"key":"ColorlessPotion"},{"floor":38,"key":"StancePotion"},{"floor":39,"key":"GamblersBrew"}],"is_trial":false,"path_per_floor":["M","M","M","$","M","R","M","M","T","R","?","R","E","M","R","B",null,"M","M","M","M","?","R","?","R","T","E","R","M","?","E","R","B",null,"M","M","M","M","M","R","M","R","T","$","?","R","E","$","R","B",null],"character_chosen":"WATCHER","items_purchased":["TalkToTheHand","GoldenEye","Dexterity Potion"],"campfire_rested":3,"item_purchase_floors":[4,44,44],"current_hp_per_floor":[67,67,67,67,64,64,64,64,64,64,38,38,17,26,63,39,65,63,63,48,45,45,45,45,45,45,43,43,43,43,42,83,29,73,63,61,61,52,52,52,42,42,42,42,42,42,44,44,85,52],"gold":61,"neow_bonus":"TEN_PERCENT_HP_BONUS","is_daily":false,"chose_seed":false,"campfire_upgraded":9,"win_rate":0.0,"timestamp":1609441563,"path_taken":["M","M","M","$","M","R","M","M","T","R","?","R","E","M","R","BOSS","M","M","M","M","?","R","?","R","T","E","R","M","?","E","R","BOSS","M","M","?","M","M","R","M","R","T","$","?","R","E","$","R","BOSS"],"items_purchased_type":["Card","Relic","Potion"],"build_version":"2020-12-22","purchased_purges":3,"victory":true,"max_hp_per_floor":[74,74,74,74,74,74,74,74,74,74,74,74,74,74,74,74,74,74,74,74,74,74,74,74,74,74,74,74,74,74,88,88,88,88,88,88,88,88,88,88,88,88,88,88,88,88,88,88,88,88],"card_choices":[{"not_picked":["SignatureMove","Vengeance"],"picked":"Protect","floor":1.0},{"not_picked":["WindmillStrike","Protect"],"picked":"Wireheading","floor":2.0},{"not_picked":["Consecrate","CrushJoints"],"picked":"FlurryOfBlows","floor":3.0},{"not_picked":["Crescendo","Protect"],"picked":"Adaptation","floor":5.0},{"not_picked":["Crescendo","FlyingSleeves"],"picked":"FearNoEvil","floor":7.0},{"not_picked":["ClearTheMind","Adaptation","Prostrate"],"picked":"SKIP","floor":8.0},{"not_picked":["FlyingSleeves","SpiritShield"],"picked":"FlurryOfBlows","floor":13.0},{"not_picked":["ThirdEye","CrushJoints","Protect"],"picked":"SKIP","floor":14.0},{"not_picked":["Establishment","LessonLearned"],"picked":"Vault","floor":16.0},{"not_picked":["FlurryOfBlows","EmptyBody","JustLucky"],"picked":"SKIP","floor":18.0},{"not_picked":["EmptyBody","CrushJoints","Pray"],"picked":"SKIP","floor":19.0},{"not_picked":["EmptyBody","JustLucky"],"picked":"Protect","floor":20.0},{"not_picked":["CrushJoints","FlyingSleeves"],"picked":"EmptyMind","floor":21.0},{"not_picked":["Adaptation+1","ThirdEye"],"picked":"TalkToTheHand","floor":27.0},{"not_picked":["BattleHymn+1","DeceiveReality"],"picked":"WheelKick","floor":29.0},{"not_picked":["Crescendo","SashWhip+1","Pray"],"picked":"SKIP","floor":31.0},{"not_picked":["SandsOfTime","FlurryOfBlows","CarveReality"],"picked":"SKIP","floor":35},{"not_picked":["Conclude","Consecrate","EmptyFist"],"picked":"SKIP","floor":36},{"not_picked":["ThirdEye","Perseverance","Crescendo"],"picked":"SKIP","floor":37},{"not_picked":["BattleHymn+1","Evaluate"],"picked":"WheelKick+1","floor":38},{"not_picked":["Consecrate","Crescendo"],"picked":"CrushJoints+1","floor":39},{"not_picked":["Pray+1","Evaluate"],"picked":"Establishment+1","floor":41},{"not_picked":["BowlingBash","JustLucky","Omniscience"],"picked":"SKIP","floor":47}],"player_experience":712651,"relics_obtained":[{"floor":9.0,"key":"Akabeko"},{"floor":13.0,"key":"Regal Pillow"},{"floor":26.0,"key":"Ice Cream"},{"floor":27.0,"key":"Frozen Egg 2"},{"floor":31.0,"key":"Mango"},{"floor":43,"key":"Ginger"},{"floor":47,"key":"Smiling Mask"}],"event_choices":[{"damage_healed":0.0,"max_hp_gain":0.0,"max_hp_loss":0.0,"gold_gain":0.0,"event_name":"Scrap Ooze","player_choice":"Success","floor":11.0,"gold_loss":0.0,"damage_taken":26.0,"relics_obtained":["Meat on the Bone"]},{"damage_healed":0.0,"max_hp_gain":0.0,"max_hp_loss":0.0,"gold_gain":0.0,"event_name":"Ghosts","player_choice":"Ignored","floor":22.0,"gold_loss":0.0,"damage_taken":0.0},{"damage_healed":0.0,"max_hp_gain":0.0,"max_hp_loss":0.0,"gold_gain":50.0,"event_name":"Nest","player_choice":"Stole From Cult","floor":24.0,"gold_loss":0.0,"damage_taken":0.0},{"damage_healed":0.0,"max_hp_gain":0.0,"max_hp_loss":0.0,"gold_gain":0.0,"cards_transformed":["Strike_P"],"event_name":"Transmorgrifier","player_choice":"Transformed","floor":30.0,"gold_loss":0.0,"damage_taken":0.0,"cards_obtained":["BattleHymn"]},{"damage_healed":0,"gold_gain":0,"player_choice":"Memory 1","damage_taken":0,"max_hp_gain":0,"max_hp_loss":0,"event_name":"SensoryStone","floor":45,"gold_loss":0}],"is_beta":false,"boss_relics":[{"not_picked":["Pandora\u0027s Box","Busted Crown"],"picked":"HolyWater"},{"not_picked":["SacredBark","Tiny House"],"picked":"Astrolabe"}],"items_purged_floors":[4,44,48],"is_endless":false,"potions_floor_spawned":[3,8,13,19,20,21,27,35,38,39,47],"ascension_level":15}}