{"host":"wd6rqtfuac3imub6","time":1609457264,"event":{"mods":["ATMod(°¢èªMod)","Act Like it!","BaseMod","Gensokyo","Lobotomy","Minty Spire (QoL Compilation)","Quick Restart","StSLib"],"gold_per_floor":[117,117,2,2,16,41,41,73,96,123,300,225,254,114,114,209,209,228,243,143,143,143,173,173,205,205,233,268,283,283,294,294,397,397,407,457,184,184,27,52,70,198,198,307,317,332,463,588,588,790,790,804,804,824,836,963,990,990,1125,1197,1209,1049,1076,1090,1110,1110,1311,1320,1320],"floor_reached":68,"playtime":1494,"items_purged":["Twin Strike","AT_IchimonjiDouble","AT_IchimonjiDouble"],"score":1842,"play_id":"5d7dfe82-6ff3-4a29-abec-434b6fed4db4","local_time":"20210101072744","daily_mods":["SealedDeck","Heirloom","DeadlyEvents","Elite Swarm","Lethality"],"is_ascension_mode":false,"campfire_choices":[{"data":"Searing Blow","floor":7,"key":"SMITH"},{"data":"Feed","floor":15,"key":"SMITH"},{"data":"Searing Blow+1","floor":24,"key":"SMITH"},{"data":"Searing Blow+2","floor":30,"key":"SMITH"},{"data":"Searing Blow+3","floor":32,"key":"SMITH"},{"data":"Searing Blow+4","floor":49,"key":"SMITH"},{"data":"Searing Blow+5","floor":58,"key":"SMITH"},{"data":"Searing Blow+6","floor":66,"key":"SMITH"}],"circlet_count":0,"master_deck":["Twin Strike","Clash","Clash","Searing Blow+7","Twin Strike","Clash+1","Cleave","Feed+1","Clash+1","Barricade+1","AT_EmpoweredMortalDraw"],"relics":["Unceasing Top","AT_ATBox","Champion Belt","Anchor","WingedGreaves","War Paint","Paper Frog","AT_RedNoBalance","Ginger","Du-Vu Doll","Lizard Tail","Black Star","PreservedInsect","AT_ForceNature","Meat on the Bone","FossilizedHelix","Bag of Marbles","Singing Bowl","Question Card","AT_BladeRuinedKing","Frozen Egg 2","Sozu","AT_GoldPhoenixTree","AT_EbonyIvory","AT_BellDemon","AT_PhaseBoots","AT_TheCollector","Omamori","Orichalcum","AT_ImmortalShieldbow","CeramicFish","AT_ArchangelStaff","Strawberry","Toy Ornithopter","AT_LudenTempest","Pear","Kunai","InkBottle","AT_RabadonDeathcap","HornCleat","Lantern","Bottled Tornado","Gremlin Horn","CaptainsWheel","Turnip","Busted Crown","Akabeko","Gensokyo:OccultBall","AT_TimeSand","AT_SilvercatRing","Self Forming Clay","Nunchaku","Gambling Chip","Mummified Hand","Eternal Feather","Nilry\u0027s Codex","Incense Burner","Pen Nib","Potion Belt","Mango","AT_MortalBlade"],"acts_visited":["Gensokyo:Gensokyo","TheCity","TheBeyond","Gensokyo:Gensokyo","TheCity"],"potions_floor_usage":[],"damage_taken":[{"damage":0,"enemies":"Gensokyo:Python","floor":1,"turns":1},{"damage":0,"enemies":"Gensokyo:2_Kodama","floor":5,"turns":1},{"damage":21,"enemies":"Gensokyo:Mamizou","floor":6,"turns":4},{"damage":20,"enemies":"Gensokyo:Aya","floor":8,"turns":3},{"damage":0,"enemies":"Gensokyo:Cirno","floor":10,"turns":3},{"damage":0,"enemies":"Gensokyo:Mamizou","floor":11,"turns":5},{"damage":0,"enemies":"Gensokyo:Aya","floor":13,"turns":2},{"damage":29,"enemies":"Gensokyo:Yukari","floor":16,"turns":4},{"damage":6,"enemies":"Chosen","floor":18,"turns":2},{"damage":0,"enemies":"Shell Parasite","floor":19,"turns":1},{"damage":35,"enemies":"Book of Stabbing","floor":23,"turns":3},{"damage":0,"enemies":"Gremlin Leader","floor":25,"turns":2},{"damage":0,"enemies":"Book of Stabbing","floor":27,"turns":1},{"damage":0,"enemies":"Slavers","floor":28,"turns":1},{"damage":0,"enemies":"Cultist and Chosen","floor":29,"turns":1},{"damage":0,"enemies":"Snecko","floor":31,"turns":1},{"damage":15,"enemies":"Champ","floor":33,"turns":3},{"damage":0,"enemies":"Orb Walker","floor":35,"turns":1},{"damage":0,"enemies":"Mind Bloom Boss Battle","floor":36,"turns":1},{"damage":0,"enemies":"Nemesis","floor":40,"turns":1},{"damage":0,"enemies":"3 Shapes","floor":41,"turns":1},{"damage":0,"enemies":"Reptomancer","floor":42,"turns":1},{"damage":0,"enemies":"Giant Head","floor":44,"turns":2},{"damage":0,"enemies":"Sphere and 2 Shapes","floor":45,"turns":2},{"damage":0,"enemies":"Spire Growth","floor":46,"turns":1},{"damage":0,"enemies":"Reptomancer","floor":47,"turns":1},{"damage":0,"enemies":"Nemesis","floor":48,"turns":1},{"damage":34,"enemies":"Time Eater","floor":50,"turns":2},{"damage":0,"enemies":"Gensokyo:3_Fairies","floor":52,"turns":2},{"damage":0,"enemies":"Gensokyo:Python","floor":54,"turns":1},{"damage":0,"enemies":"Gensokyo:2_Kodama","floor":55,"turns":1},{"damage":0,"enemies":"Gensokyo:Aya","floor":56,"turns":1},{"damage":0,"enemies":"Gensokyo:Cirno","floor":57,"turns":3},{"damage":0,"enemies":"Gensokyo:Mamizou","floor":59,"turns":2},{"damage":0,"enemies":"Gensokyo:2_Rabbits","floor":61,"turns":1},{"damage":0,"enemies":"Gensokyo:Cirno","floor":63,"turns":3},{"damage":0,"enemies":"Gensokyo:Gryphon_and_Rabbit","floor":64,"turns":1},{"damage":0,"enemies":"Gensokyo:LivingMonolith","floor":65,"turns":1},{"damage":0,"enemies":"Gensokyo:Reimu","floor":67,"turns":1}],"seed_played":"-7075186188759632282","potions_obtained":[{"floor":5,"key":"Regen Potion"},{"floor":6,"key":"Energy Potion"},{"floor":16,"key":"Explosive Potion"}],"is_trial":true,"path_per_floor":["M","$","COS","?","M","E","R","E","T","E","E","$","E","?","R","B",null,"M","M","$","?","?","E","R","E","T","E","E","M","R","M","R","B",null,"M","?","$","?","$","E","M","E","T","E","M","M","E","E","R","B",null,"M","?","M","M","E","E","R","E","T","M","?","E","M","M","R","B",null],"character_chosen":"IRONCLAD","items_purchased":["AT_EbonyIvory","AT_BellDemon"],"campfire_rested":0,"item_purchase_floors":[37,39],"current_hp_per_floor":[80,80,80,80,80,59,59,39,39,39,39,39,40,40,40,11,80,34,44,44,44,44,7,7,46,46,58,59,64,64,70,70,60,108,110,112,112,106,106,112,118,120,127,137,146,151,153,159,159,127,161,163,163,165,167,169,171,171,173,173,175,175,177,183,185,185,201,201,201],"gold":1320,"neow_bonus":"","is_daily":false,"chose_seed":false,"campfire_upgraded":8,"win_rate":0.0,"timestamp":1609457264,"path_taken":["M","?","COS","?","M","E","R","E","T","?","E","$","E","?","R","BOSS","M","M","$","?","?","E","R","E","T","E","?","M","R","M","R","BOSS","M","?","$","?","$","E","M","E","T","E","M","?","?","E","R","BOSS","M","?","?","M","?","E","R","E","T","M","?","?","M","M","R","BOSS"],"items_purchased_type":["Relic","Relic"],"build_version":"2020-12-22","purchased_purges":3,"victory":false,"max_hp_per_floor":[80,80,80,80,80,80,80,80,80,80,80,80,80,80,80,80,80,80,84,84,84,84,84,84,88,88,90,92,97,97,103,103,108,108,110,112,112,106,106,112,118,120,127,137,146,151,153,159,159,161,161,163,163,165,167,169,171,171,173,173,175,175,177,183,185,185,201,201,201],"card_choices":[{"not_picked":["Dual Wield","Iron Wave","Battle Trance"],"picked":"SKIP","floor":1},{"not_picked":["Perfected Strike","Seeing Red","Sentinel"],"picked":"SKIP","floor":5},{"not_picked":["Juggernaut","Demon Form","Fiend Fire"],"picked":"SKIP","floor":6},{"not_picked":["Exhume","Juggernaut","Barricade"],"picked":"SKIP","floor":8},{"not_picked":["Bludgeon","Berserk","Limit Break"],"picked":"SKIP","floor":10},{"not_picked":["Corruption","Immolate"],"picked":"Feed","floor":11},{"not_picked":["Immolate","Offering","Demon Form"],"picked":"SKIP","floor":13},{"not_picked":["Fiend Fire","Brutality"],"picked":"Feed","floor":16},{"not_picked":["Whirlwind","AT_BodySlamDance"],"picked":"Clash+1","floor":18},{"not_picked":["AT_BodySlamDance","Pommel Strike+1","Armaments"],"picked":"SKIP","floor":19},{"not_picked":["Fiend Fire","Bludgeon","Feed"],"picked":"SKIP","floor":23},{"not_picked":["Fiend Fire","Immolate","Double Tap"],"picked":"SKIP","floor":25},{"not_picked":["Reaper","Bludgeon","Brutality"],"picked":"Singing Bowl","floor":27},{"not_picked":["Exhume","Impervious","Berserk+1","AT_Dispersion+1"],"picked":"Singing Bowl","floor":28},{"not_picked":["Dropkick+1","Disarm+1","Ghostly Armor","Spot Weakness"],"picked":"Singing Bowl","floor":29},{"not_picked":["Wild Strike+1","Combust+1","Flex","True Grit"],"picked":"Singing Bowl","floor":31},{"not_picked":["Impervious","Double Tap","Fiend Fire","Barricade+1"],"picked":"Singing Bowl","floor":33},{"not_picked":["AT_IchimonjiDouble+1","Wild Strike+1","AT_GerminateFire+1","AT_BodySlamDance"],"picked":"Singing Bowl","floor":35},{"not_picked":["Iron Wave+1","Cleave","Heavy Blade","Metallicize+1"],"picked":"Singing Bowl","floor":36},{"not_picked":["Offering","Feed","AT_Dispersion+1","Exhume"],"picked":"Singing Bowl","floor":40},{"not_picked":["Pommel Strike","Ghostly Armor+1","AT_BodySlamDance","Warcry"],"picked":"Singing Bowl","floor":41},{"not_picked":["Feed","Reaper","Bludgeon","Brutality+1"],"picked":"Singing Bowl","floor":42},{"not_picked":["Exhume","Berserk+1","Brutality+1"],"picked":"Barricade+1","floor":44},{"not_picked":["Feel No Pain+1","Iron Wave+1","Hemokinesis","Warcry"],"picked":"Singing Bowl","floor":45},{"not_picked":["True Grit+1","Anger","Sword Boomerang","AT_IchimonjiDouble+1"],"picked":"Singing Bowl","floor":46},{"not_picked":["Immolate","Juggernaut+1","AT_Dispersion+1","Corruption+1"],"picked":"Singing Bowl","floor":47},{"not_picked":["Bludgeon","AT_Dispersion+1","Exhume","Corruption+1"],"picked":"Singing Bowl","floor":48},{"not_picked":["Impervious","Fiend Fire","Barricade+1","AT_Dispersion+1"],"picked":"Singing Bowl","floor":50},{"not_picked":["Sword Boomerang","AT_DiedThrough"],"picked":"Singing Bowl","floor":52},{"not_picked":["Perfected Strike","Anger"],"picked":"Singing Bowl","floor":54},{"not_picked":["Cleave","Body Slam"],"picked":"Singing Bowl","floor":55},{"not_picked":["Brutality+1","AT_Dispersion+1"],"picked":"Singing Bowl","floor":56},{"not_picked":["Exhume","Corruption+1"],"picked":"Singing Bowl","floor":57},{"not_picked":["Offering","Berserk+1"],"picked":"Singing Bowl","floor":59},{"not_picked":["Twin Strike","Wild Strike"],"picked":"Singing Bowl","floor":61},{"not_picked":["Barricade+1","Exhume"],"picked":"Singing Bowl","floor":63},{"not_picked":["Spot Weakness","Perfected Strike"],"picked":"Singing Bowl","floor":64},{"not_picked":["Body Slam","Perfected Strike"],"picked":"Singing Bowl","floor":65},{"not_picked":["Berserk+1","Juggernaut+1"],"picked":"Singing Bowl","floor":67}],"player_experience":89222,"relics_obtained":[{"floor":8,"key":"WingedGreaves"},{"floor":9,"key":"War Paint"},{"floor":10,"key":"Paper Frog"},{"floor":11,"key":"Ginger"},{"floor":13,"key":"Du-Vu Doll"},{"floor":23,"key":"PreservedInsect"},{"floor":23,"key":"AT_ForceNature"},{"floor":25,"key":"Meat on the Bone"},{"floor":25,"key":"FossilizedHelix"},{"floor":26,"key":"Bag of Marbles"},{"floor":27,"key":"Singing Bowl"},{"floor":27,"key":"Question Card"},{"floor":28,"key":"AT_BladeRuinedKing"},{"floor":28,"key":"Frozen Egg 2"},{"floor":36,"key":"AT_GoldPhoenixTree"},{"floor":40,"key":"AT_SpeedBoots"},{"floor":40,"key":"AT_TheCollector"},{"floor":40,"key":"Omamori"},{"floor":41,"key":"Orichalcum"},{"floor":42,"key":"AT_ImmortalShieldbow"},{"floor":42,"key":"CeramicFish"},{"floor":42,"key":"AT_ArchangelStaff"},{"floor":43,"key":"Strawberry"},{"floor":44,"key":"Toy Ornithopter"},{"floor":44,"key":"AT_LudenTempest"},{"floor":44,"key":"Pear"},{"floor":45,"key":"Kunai"},{"floor":46,"key":"InkBottle"},{"floor":47,"key":"AT_RabadonDeathcap"},{"floor":47,"key":"HornCleat"},{"floor":47,"key":"Lantern"},{"floor":48,"key":"Bottled Tornado"},{"floor":48,"key":"Gremlin Horn"},{"floor":48,"key":"CaptainsWheel"},{"floor":50,"key":"Turnip"},{"floor":52,"key":"Akabeko"},{"floor":54,"key":"AT_TimeSand"},{"floor":55,"key":"AT_SilvercatRing"},{"floor":56,"key":"Self Forming Clay"},{"floor":57,"key":"Nunchaku"},{"floor":59,"key":"Gambling Chip"},{"floor":60,"key":"Mummified Hand"},{"floor":61,"key":"Eternal Feather"},{"floor":63,"key":"Incense Burner"},{"floor":64,"key":"Pen Nib"},{"floor":65,"key":"Potion Belt"},{"floor":67,"key":"Gensokyo:OccultBall"},{"floor":67,"key":"Mango"}],"event_choices":[{"damage_healed":0,"gold_gain":0,"player_choice":"Ignored","damage_taken":0,"max_hp_gain":0,"max_hp_loss":0,"event_name":"Vampires","floor":21,"gold_loss":0},{"damage_healed":0,"gold_gain":0,"player_choice":"Upgraded","damage_taken":0,"max_hp_gain":0,"max_hp_loss":0,"event_name":"Upgrade Shrine","floor":22,"gold_loss":0,"cards_upgraded":["Clash"]},{"damage_healed":0,"gold_gain":0,"player_choice":"Fight","damage_taken":0,"max_hp_gain":0,"max_hp_loss":0,"event_name":"MindBloom","floor":36,"gold_loss":0},{"damage_healed":0,"gold_gain":0,"player_choice":"Max HP","damage_taken":0,"max_hp_gain":0,"max_hp_loss":6,"event_name":"Winding Halls","floor":38,"gold_loss":0}],"is_beta":false,"boss_relics":[{"not_picked":["Tiny House","Coffee Dripper"],"picked":"Black Star"},{"not_picked":["Cursed Key","Runic Cube"],"picked":"Sozu"},{"not_picked":["Mark of Pain","Runic Dome"],"picked":"Busted Crown"},{"not_picked":["Velvet Choker","SacredBark"],"picked":"AT_MortalBlade"}],"items_purged_floors":[12,20,37],"is_endless":true,"potions_floor_spawned":[5,6,16,18,19,27,28,33,36,41,50,52,59,63,64,65],"ascension_level":0}}