{"host":"mgc7o2tpy0ck407l","time":1609440848,"event":{"mods":["Alarm Clock","AlwaysNeverKeys","BaseMod","Better Altar","Better Match","Better Note","Better Sensory Stone","Better Skull","Better Third Choice","Better Vampires","Block Reminder","Booster Modes","Challenge The Spire","Colored Map","Colored Powertips","Disable Question Mark Monsters","Emptier Cage","Infinite Spire","Minty Spire (QoL Compilation)","Permanent Neow","Quick Restart","Rare Cards Sparkle","Reorder Act Four","Replay The Spire","Spicy Shops","StSLib","Transform Curses","Unceasing Turn Reminder"],"gold_per_floor":[110,110,550,564,584,584,611,621,672,688,688,698,698,698],"floor_reached":13,"playtime":403,"items_purged":[],"score":91,"play_id":"112e3358-b79c-40b3-8820-e681eeabcb72","local_time":"20201231135408","is_ascension_mode":true,"campfire_choices":[{"floor":6,"key":"REST"},{"floor":11,"key":"REST"}],"circlet_count":0,"master_deck":["Strike_B","Strike_B","Strike_B","Defend_B","Defend_B","Defend_B","Zap","Dualcast","White Noise","Skim","ReplayGash","Beam Cell","Seek","Beam Cell","Gash","Ball Lightning","Go for the Eyes"],"relics":["Cracked Core","Bottled Flame","Art of War"],"acts_visited":["Exordium"],"potions_floor_usage":[7,7,12],"damage_taken":[{"damage":1,"enemies":"Cultist","floor":1,"turns":3},{"damage":2,"enemies":"Small Slimes","floor":4,"turns":4},{"damage":18,"enemies":"infinitespire:Voidling","floor":5,"turns":4},{"damage":26,"enemies":"Lagavulin","floor":7,"turns":6},{"damage":17,"enemies":"Exordium Wildlife","floor":8,"turns":4},{"damage":0,"enemies":"Large Slime","floor":10,"turns":3},{"damage":24,"enemies":"Exordium Thugs","floor":12,"turns":4},{"damage":6,"enemies":"Replay:BlueRogue","floor":13,"turns":1}],"seed_played":"-832315806121480694","potions_obtained":[{"floor":4,"key":"Regen Potion"},{"floor":5,"key":"FocusPotion"},{"floor":10,"key":"Block Potion"}],"is_trial":false,"path_per_floor":["M","?","?","M","M","R","E","M","T","M","R","M","E"],"character_chosen":"DEFECT","items_purchased":[],"campfire_rested":2,"item_purchase_floors":[],"current_hp_per_floor":[53,53,22,20,9,31,20,3,3,3,25,1,0,0],"gold":698,"neow_bonus":"TRANSFORM_TWO_CARDS","is_daily":false,"chose_seed":false,"campfire_upgraded":0,"win_rate":0.0,"timestamp":1609440848,"path_taken":["M","?","?","M","M","R","E","M","T","M","R","?","E"],"items_purchased_type":[],"build_version":"2020-12-22","purchased_purges":0,"victory":false,"max_hp_per_floor":[75,75,75,75,75,75,75,75,75,75,75,75,75,75],"card_choices":[{"not_picked":["BootSequence","ReplayTheSpireMod:System Scan"],"picked":"ReplayGash","floor":1},{"not_picked":["White Noise","Streamline"],"picked":"Beam Cell","floor":4},{"not_picked":["Rebound","Compile Driver"],"picked":"Seek","floor":5},{"not_picked":["Go for the Eyes","Lockon"],"picked":"Beam Cell","floor":7},{"not_picked":["Streamline","Glacier"],"picked":"Gash","floor":8},{"not_picked":["Recycle","White Noise"],"picked":"Ball Lightning","floor":10},{"not_picked":["Cold Snap","ReplayTheSpireMod:Repulse"],"picked":"Go for the Eyes","floor":12}],"player_experience":706189,"relics_obtained":[{"floor":7,"key":"Bottled Flame"},{"floor":9,"key":"Art of War"}],"event_choices":[{"damage_healed":0,"gold_gain":440,"player_choice":"GO GO GO GO ","damage_taken":35,"relics_obtained":[],"max_hp_gain":0,"max_hp_loss":0,"event_name":"betterSkull:BetterSkull","floor":3,"gold_loss":0,"cards_upgraded":[]}],"is_beta":false,"boss_relics":[],"items_purged_floors":[],"is_endless":false,"potions_floor_spawned":[4,5,10],"killed_by":"Replay:BlueRogue","ascension_level":1}}