{"host":"flm17o2q7bfjyna6","time":1609425522,"event":{"mods":["2.2 Compatiblity","Act Like it!","BaseMod","Better Altar","Better Match","Better Note","Better Sensory Stone","Better Skull","Better Third Choice","Better Vampires","Colored Map","Colored Powertips","DeckTracker","Hermit","Minty Spire (QoL Compilation)","Quick Restart","Replay The Spire","Reworked Bosses","Spicy Shops","StSLib","Wandering Minibosses"],"gold_per_floor":[111,122,122,138,41,84,97,97,147,147,167,167,197,243,255,267,267],"floor_reached":16,"playtime":662,"items_purged":[],"score":168,"play_id":"f8223611-a2df-468b-980f-18ac139182ad","local_time":"20201231093842","is_ascension_mode":true,"campfire_choices":[{"data":"hermit:Vantage","floor":8,"key":"SMITH"},{"data":"ReplayTheSpireMod:Brewmster","floor":10,"key":"SMITH"},{"data":"hermit:Dive","floor":15,"key":"SMITH"}],"circlet_count":0,"master_deck":["AscendersBane","hermit:Strike_Hermit+1","hermit:Strike_Hermit+1","hermit:Strike_Hermit+1","hermit:Strike_Hermit+1","hermit:Defend_Hermit","hermit:Defend_Hermit","hermit:Defend_Hermit","hermit:Defend_Hermit","hermit:Snapshot","hermit:Covet","Languid","ReplayTheSpireMod:Brewmster+1","hermit:Quickdraw","hermit:Glare","Injury","hermit:WideOpen","Regret","hermit:Horror","hermit:Vantage+1","hermit:Dive+1","hermit:Brawl"],"relics":["hermit:Momento","Golden Idol","ReplayTheSpireMod:CursedCoin","Replay:Bottled Eggs","hermit:Spyglass","Strawberry","MawBank","ReplayTheSpireMod:TigerMarble"],"acts_visited":["Exordium"],"potions_floor_usage":[2,4,6,7,11,13,14,14,14,14,14,16,16,16],"damage_taken":[{"damage":4,"enemies":"Small Slimes","floor":1,"turns":4},{"damage":22,"enemies":"Jaw Worm","floor":2,"turns":5},{"damage":4,"enemies":"Cultist","floor":4,"turns":5},{"damage":2,"enemies":"Gremlin Nob","floor":6,"turns":3},{"damage":0,"enemies":"2 Fungi Beasts","floor":7,"turns":2},{"damage":15,"enemies":"Gremlin Gang","floor":11,"turns":4},{"damage":0,"enemies":"3 Louse","floor":13,"turns":1},{"damage":19,"enemies":"3 Sentries","floor":14,"turns":10},{"damage":30,"enemies":"Slime Boss","floor":16,"turns":11}],"seed_played":"7827899351617737155","potions_obtained":[{"floor":6,"key":"LifebloodPotion"},{"floor":13,"key":"Regen Potion"}],"is_trial":false,"path_per_floor":["M","M","?","M","$","E","M","R","T","R","M","?","M","E","R","B"],"character_chosen":"HERMIT","items_purchased":["ReplayTheSpireMod:CursedCoin","Replay:Bottled Eggs"],"campfire_rested":0,"item_purchase_floors":[5,5],"current_hp_per_floor":[64,42,42,38,38,36,36,36,43,43,28,28,28,24,24,0,0],"gold":267,"neow_bonus":"RANDOM_COLORLESS_2","is_daily":false,"chose_seed":false,"campfire_upgraded":3,"win_rate":0.0,"timestamp":1609425522,"path_taken":["M","M","?","M","$","E","M","R","T","R","M","?","?","E","R","BOSS"],"items_purchased_type":["Relic","Relic"],"build_version":"2020-12-22","purchased_purges":0,"victory":false,"max_hp_per_floor":[75,75,75,75,75,75,75,75,82,82,82,82,82,82,82,82,82],"card_choices":[{"not_picked":["Crow Ritual","Secret Weapon"],"picked":"ReplayTheSpireMod:Brewmster","floor":0},{"not_picked":["hermit:BodyArmor","hermit:LuckOfTheDraw"],"picked":"hermit:Quickdraw","floor":1},{"not_picked":["hermit:Midnight","hermit:TakeAim"],"picked":"hermit:Glare","floor":2},{"not_picked":["hermit:Desperado","hermit:Misfire"],"picked":"hermit:WideOpen","floor":4},{"not_picked":["hermit:FinalCanter","hermit:BodyArmor"],"picked":"hermit:Horror","floor":6},{"not_picked":["hermit:Misfire","hermit:GoldenBullet"],"picked":"hermit:Vantage","floor":7},{"not_picked":["hermit:HoleUp","hermit:Quickdraw"],"picked":"hermit:Dive","floor":11},{"not_picked":["hermit:Roulette","hermit:ItchyTrigger","hermit:HighCaliber"],"picked":"SKIP","floor":13},{"not_picked":["hermit:Coalescence","hermit:Feint"],"picked":"hermit:Brawl","floor":14}],"player_experience":1621047,"relics_obtained":[{"floor":6,"key":"hermit:Spyglass"},{"floor":9,"key":"Strawberry"},{"floor":14,"key":"ReplayTheSpireMod:TigerMarble"}],"event_choices":[{"damage_healed":0,"gold_gain":0,"player_choice":"Take Wound","damage_taken":0,"relics_obtained":["Golden Idol"],"max_hp_gain":0,"max_hp_loss":0,"event_name":"Golden Idol","floor":3,"gold_loss":0,"cards_obtained":["Injury"]},{"damage_healed":0,"gold_gain":0,"player_choice":"Gave Potion","damage_taken":0,"relics_obtained":["MawBank"],"max_hp_gain":0,"max_hp_loss":0,"event_name":"WeMeetAgain","floor":12,"gold_loss":0}],"is_beta":false,"boss_relics":[],"items_purged_floors":[],"is_endless":false,"potions_floor_spawned":[6,13],"killed_by":"Slime Boss","ascension_level":10}}