{"host":"yer03dsd277nstsn","time":1609416939,"event":{"mods":["BaseMod","Colored Powertips","Minty Spire (QoL Compilation)"],"gold_per_floor":[116,126,139,7,7,37,37,65,89,89,107,127,5,23,23,128,128,141,141,159,177,189,222,222,222,222,240,240,240,255,275,275,275,275],"floor_reached":33,"playtime":1874,"items_purged":["Strike_B"],"score":379,"play_id":"da43d690-a151-4f79-aa53-e24cf1dc41a6","local_time":"20201231061539","is_ascension_mode":true,"campfire_choices":[{"floor":7,"key":"REST"},{"data":"Apotheosis","floor":10,"key":"SMITH"},{"floor":15,"key":"REST"},{"floor":24,"key":"REST"},{"floor":32,"key":"REST"}],"circlet_count":0,"master_deck":["Zap","Dualcast","Apotheosis+1","Glacier","Cold Snap","Cold Snap","Doom and Gloom","Conserve Battery","Leap","Turbo","Coolheaded","Ball Lightning","Hologram","Ball Lightning","Fusion","Thunder Strike","Go for the Eyes+1","White Noise+1","Glacier+1","Defragment","Undo","Capacitor","Self Repair","Glacier+1","Chill","Cold Snap","Seek"],"relics":["Cracked Core","Dream Catcher","PreservedInsect","Orichalcum","Astrolabe","Anchor","Blue Candle","Shuriken"],"acts_visited":["Exordium","TheCity"],"potions_floor_usage":[6,20,23,23,31],"damage_taken":[{"damage":0,"enemies":"Small Slimes","floor":1,"turns":3},{"damage":0,"enemies":"Cultist","floor":2,"turns":4},{"damage":0,"enemies":"2 Louse","floor":3,"turns":3},{"damage":13,"enemies":"Gremlin Nob","floor":6,"turns":6},{"damage":12,"enemies":"3 Sentries","floor":8,"turns":5},{"damage":4,"enemies":"Exordium Wildlife","floor":11,"turns":3},{"damage":2,"enemies":"3 Louse","floor":12,"turns":3},{"damage":2,"enemies":"Looter","floor":14,"turns":3},{"damage":12,"enemies":"Slime Boss","floor":16,"turns":11},{"damage":6,"enemies":"Spheric Guardian","floor":18,"turns":5},{"damage":14,"enemies":"3 Byrds","floor":20,"turns":5},{"damage":19,"enemies":"Shelled Parasite and Fungi","floor":21,"turns":6},{"damage":1,"enemies":"Centurion and Healer","floor":22,"turns":9},{"damage":28,"enemies":"Slavers","floor":23,"turns":5},{"damage":15,"enemies":"3 Cultists","floor":27,"turns":7},{"damage":10,"enemies":"Snake Plant","floor":30,"turns":7},{"damage":21,"enemies":"Shelled Parasite and Fungi","floor":31,"turns":10},{"damage":46,"enemies":"Automaton","floor":33,"turns":10}],"seed_played":"5518283518849984158","potions_obtained":[{"floor":1,"key":"Block Potion"},{"floor":3,"key":"Strength Potion"},{"floor":16,"key":"Block Potion"},{"floor":18,"key":"DistilledChaos"},{"floor":20,"key":"Swift Potion"},{"floor":22,"key":"Dexterity Potion"},{"floor":31,"key":"Energy Potion"}],"is_trial":false,"path_per_floor":["M","M","M","$","?","E","R","E","T","R","M","M","$","M","R","B",null,"M","?","M","M","M","E","R","?","T","M","?","?","M","M","R","B"],"character_chosen":"DEFECT","items_purchased":["Doom and Gloom","Conserve Battery","Ball Lightning"],"campfire_rested":4,"item_purchase_floors":[4,4,13],"current_hp_per_floor":[50,50,50,50,50,37,59,47,47,47,43,41,41,39,61,49,69,63,63,49,37,46,18,40,40,40,25,25,25,29,18,40,0,0],"gold":275,"neow_bonus":"RANDOM_COLORLESS_2","is_daily":false,"chose_seed":false,"campfire_upgraded":1,"win_rate":0.0,"timestamp":1609416939,"path_taken":["M","M","M","$","?","E","R","E","T","R","M","M","?","M","R","BOSS","M","?","M","M","M","E","R","?","T","?","?","?","?","M","R","BOSS"],"items_purchased_type":["Card","Card","Card"],"build_version":"2020-12-22","purchased_purges":1,"victory":false,"max_hp_per_floor":[75,75,75,75,75,75,75,75,75,75,75,75,75,75,75,75,75,75,75,75,75,75,75,75,75,75,75,75,75,75,75,75,75,75],"card_choices":[{"not_picked":["Violence","Secret Technique"],"picked":"Apotheosis","floor":0},{"not_picked":["Turbo","Blizzard"],"picked":"Glacier","floor":1},{"not_picked":["Gash","Turbo"],"picked":"Cold Snap","floor":2},{"not_picked":["Rebound","Heatsinks"],"picked":"Cold Snap","floor":3},{"not_picked":["Beam Cell","Stack"],"picked":"Leap","floor":6},{"not_picked":["Compile Driver","Multi-Cast"],"picked":"Turbo","floor":7},{"not_picked":["Leap","Consume"],"picked":"Coolheaded","floor":8},{"not_picked":["Hello World","Double Energy"],"picked":"Ball Lightning","floor":11},{"not_picked":["Barrage","Thunder Strike"],"picked":"Hologram","floor":12},{"not_picked":["Lockon","White Noise","Leap"],"picked":"SKIP","floor":14},{"not_picked":["Go for the Eyes","Stack"],"picked":"Fusion","floor":15},{"not_picked":["Machine Learning","Seek"],"picked":"Thunder Strike","floor":16},{"not_picked":["Hologram","Stack+1"],"picked":"Defragment","floor":18},{"not_picked":["Tempest","Steam"],"picked":"Self Repair","floor":20},{"not_picked":["Self Repair","Barrage"],"picked":"Glacier+1","floor":21},{"not_picked":["Redo+1","Sweeping Beam","Streamline"],"picked":"SKIP","floor":22},{"not_picked":["Biased Cognition","Compile Driver"],"picked":"Chill","floor":23},{"not_picked":["Leap","Redo+1","Skim+1"],"picked":"SKIP","floor":27},{"not_picked":["Streamline","Gash"],"picked":"Cold Snap","floor":30},{"not_picked":["Doom and Gloom","Scrape","Gash"],"picked":"SKIP","floor":31},{"not_picked":["Cold Snap","White Noise"],"picked":"Seek","floor":32}],"player_experience":411428,"relics_obtained":[{"floor":6,"key":"Dream Catcher"},{"floor":8,"key":"PreservedInsect"},{"floor":9,"key":"Orichalcum"},{"floor":23,"key":"Anchor"},{"floor":26,"key":"Blue Candle"}],"event_choices":[{"cards_removed":["Strike_B"],"damage_healed":0,"gold_gain":0,"player_choice":"Purged","damage_taken":0,"max_hp_gain":0,"max_hp_loss":0,"event_name":"Purifier","floor":5,"gold_loss":0},{"damage_healed":0,"gold_gain":0,"cards_transformed":["Defend_B","Defend_B"],"player_choice":"Became Test Subject","damage_taken":0,"max_hp_gain":0,"max_hp_loss":0,"event_name":"Drug Dealer","floor":19,"gold_loss":0,"cards_obtained":["Undo","Capacitor"]},{"damage_healed":0,"gold_gain":0,"player_choice":"Ignored","damage_taken":0,"max_hp_gain":0,"max_hp_loss":0,"event_name":"Vampires","floor":25,"gold_loss":0},{"cards_removed":["Defend_B"],"damage_healed":0,"gold_gain":0,"player_choice":"Elegance","damage_taken":0,"max_hp_gain":0,"max_hp_loss":0,"event_name":"Back to Basics","floor":28,"gold_loss":0},{"damage_healed":0,"gold_gain":0,"player_choice":"Opened","damage_taken":0,"relics_obtained":["Shuriken"],"max_hp_gain":0,"max_hp_loss":0,"event_name":"The Mausoleum","floor":29,"gold_loss":0}],"is_beta":false,"boss_relics":[{"not_picked":["Ectoplasm","Velvet Choker"],"picked":"Astrolabe"}],"items_purged_floors":[13],"is_endless":false,"potions_floor_spawned":[1,3,16,18,20,22,31],"killed_by":"Automaton","ascension_level":7}}