{"host":"f14d6hm2349s9jse","time":1609434321,"event":{"mods":["2.2 Compatiblity","BaseMod","JesterMod","Minty Spire (QoL Compilation)","StSLib"],"gold_per_floor":[119,133,133,58,79,122,122,122,149,165,185,210,245,270,270,401,401,414,414,429,528,546,546,546],"floor_reached":23,"playtime":1712,"items_purged":["jesterMod:Defend"],"score":205,"play_id":"1aa468d5-ebbe-4dc7-aa43-46c5556fdb89","local_time":"20201231120521","is_ascension_mode":false,"campfire_choices":[{"floor":7,"key":"REST"},{"floor":15,"key":"REST"}],"circlet_count":0,"master_deck":["jesterMod:Strike","jesterMod:Strike","jesterMod:Strike","jesterMod:Strike","jesterMod:Sickle","jesterMod:Defend","jesterMod:Defend","jesterMod:Defend","jesterMod:Dodge","jesterMod:LightTheWick","jesterMod:Swiftness","jesterMod:Precipitation","jesterMod:Juggle","jesterMod:Prankster","jesterMod:Precipitation","jesterMod:LightTheWick","jesterMod:Drunkenness","jesterMod:Haste","jesterMod:Precipitation+1"],"relics":["Fusion Hammer","Golden Idol","Omamori","Oddly Smooth Stone","Du-Vu Doll","Snecko Eye"],"acts_visited":["Exordium","TheCity"],"potions_floor_usage":[12,16,23,23],"damage_taken":[{"damage":0,"enemies":"2 Louse","floor":1,"turns":2},{"damage":1,"enemies":"Cultist","floor":2,"turns":4},{"damage":6,"enemies":"Jaw Worm","floor":5,"turns":4},{"damage":9,"enemies":"Lagavulin","floor":6,"turns":7},{"damage":2,"enemies":"Large Slime","floor":10,"turns":7},{"damage":6,"enemies":"3 Louse","floor":11,"turns":3},{"damage":11,"enemies":"Gremlin Gang","floor":12,"turns":4},{"damage":8,"enemies":"3 Sentries","floor":13,"turns":5},{"damage":11,"enemies":"Blue Slaver","floor":14,"turns":4},{"damage":40,"enemies":"The Guardian","floor":16,"turns":11},{"damage":4,"enemies":"Spheric Guardian","floor":18,"turns":5},{"damage":21,"enemies":"2 Thieves","floor":20,"turns":4},{"damage":11,"enemies":"Snecko","floor":22,"turns":5},{"damage":40,"enemies":"Slavers","floor":23,"turns":3}],"seed_played":"-8130864074697630711","potions_obtained":[{"floor":1,"key":"SpeedPotion"},{"floor":6,"key":"Weak Potion"},{"floor":8,"key":"CultistPotion"},{"floor":8,"key":"SkillPotion"},{"floor":8,"key":"Fire Potion"},{"floor":12,"key":"SpeedPotion"},{"floor":13,"key":"DuplicationPotion"},{"floor":20,"key":"ColorlessPotion"}],"is_trial":false,"path_per_floor":["M","M","?","$","M","E","R","?","T","M","M","M","E","M","R","B",null,"M","?","M","?","M","E"],"character_chosen":"THE_JESTER","items_purchased":[],"campfire_rested":2,"item_purchase_floors":[],"current_hp_per_floor":[70,69,52,52,46,37,58,58,58,56,50,39,31,20,41,1,70,66,66,45,45,34,0,0],"gold":546,"neow_bonus":"BOSS_RELIC","is_daily":false,"chose_seed":false,"campfire_upgraded":0,"win_rate":0.0,"timestamp":1609434321,"path_taken":["M","M","?","$","M","E","R","?","T","?","M","M","E","M","R","BOSS","M","?","M","?","M","E"],"items_purchased_type":[],"build_version":"2020-12-22","purchased_purges":1,"victory":false,"max_hp_per_floor":[70,70,70,70,70,70,70,70,70,70,70,70,70,70,70,70,70,70,70,70,70,70,70,70],"card_choices":[{"not_picked":["jesterMod:Feint","jesterMod:HitAndRun"],"picked":"jesterMod:LightTheWick","floor":1},{"not_picked":["jesterMod:Feint","jesterMod:BouncingKnife"],"picked":"jesterMod:Swiftness","floor":2},{"not_picked":["jesterMod:Patience","jesterMod:Twirl"],"picked":"jesterMod:Precipitation","floor":5},{"not_picked":["jesterMod:JugglerBlade","jesterMod:QuickStrike"],"picked":"jesterMod:Juggle","floor":6},{"not_picked":["jesterMod:ButterKnife","jesterMod:Loot"],"picked":"jesterMod:Prankster","floor":10},{"not_picked":["jesterMod:Frenzy","jesterMod:Tinker"],"picked":"jesterMod:Precipitation","floor":11},{"not_picked":["jesterMod:TrickyDodge","jesterMod:DancingMad","jesterMod:Disposophobia"],"picked":"SKIP","floor":12},{"not_picked":["jesterMod:Pause","jesterMod:Loot"],"picked":"jesterMod:LightTheWick","floor":13},{"not_picked":["jesterMod:Talion","jesterMod:Anticipation","jesterMod:DancingMad"],"picked":"SKIP","floor":14},{"not_picked":["jesterMod:Frustration","jesterMod:Encore"],"picked":"jesterMod:Drunkenness","floor":16},{"not_picked":["jesterMod:SmokeScreen","jesterMod:Inspiration","jesterMod:Disposophobia"],"picked":"SKIP","floor":18},{"not_picked":["jesterMod:HitAndRun","jesterMod:Procrastination"],"picked":"jesterMod:Precipitation+1","floor":20},{"not_picked":["jesterMod:DesperateStrike","jesterMod:ButterKnife+1","jesterMod:OblivionStrike"],"picked":"SKIP","floor":22}],"player_experience":2468468,"relics_obtained":[{"floor":6,"key":"Omamori"},{"floor":9,"key":"Oddly Smooth Stone"},{"floor":13,"key":"Du-Vu Doll"}],"event_choices":[{"damage_healed":0,"gold_gain":0,"player_choice":"Take Damage","damage_taken":17,"relics_obtained":["Golden Idol"],"max_hp_gain":0,"max_hp_loss":0,"event_name":"Golden Idol","floor":3,"gold_loss":0},{"damage_healed":0,"gold_gain":0,"player_choice":"Got Potions","damage_taken":0,"max_hp_gain":0,"max_hp_loss":0,"event_name":"Lab","floor":8,"gold_loss":0},{"damage_healed":0,"gold_gain":0,"player_choice":"Read","damage_taken":0,"max_hp_gain":0,"max_hp_loss":0,"event_name":"The Library","floor":19,"gold_loss":0,"cards_obtained":["jesterMod:Haste"]},{"damage_healed":0,"gold_gain":99,"player_choice":"Stole From Cult","damage_taken":0,"max_hp_gain":0,"max_hp_loss":0,"event_name":"Nest","floor":21,"gold_loss":0}],"is_beta":false,"boss_relics":[{"not_picked":["Sozu","Runic Pyramid"],"picked":"Snecko Eye"}],"items_purged_floors":[4],"is_endless":false,"potions_floor_spawned":[1,6,12,13,14,20,22],"killed_by":"Slavers","ascension_level":0}}