{"host":"dcj2yvrgcvh5dl2s","time":1609409851,"event":{"mods":["BaseMod","Better Note","Block Reminder","Colored Powertips","DeckTracker","Minty Spire (QoL Compilation)","Quick Restart","Rare Cards Sparkle","Relic Stats","StSLib"],"gold_per_floor":[118,118,118,43,67,67,67,81,105,30,43,43,62,86,86,177,177,200,200,200],"floor_reached":19,"playtime":628,"items_purged":["Regret"],"score":302,"play_id":"72780159-f41b-47f0-92d9-6d3c7f14ce6c","local_time":"20201231201731","is_ascension_mode":true,"campfire_choices":[{"data":"Uppercut","floor":6,"key":"SMITH"},{"floor":12,"key":"REST"},{"floor":15,"key":"REST"}],"circlet_count":0,"master_deck":["AscendersBane","Bash","Uppercut+1","Body Slam","Pummel","Body Slam","Barricade","Intimidate","Pommel Strike","Rampage","Exhume","Battle Trance","Sentinel","Wild Strike","Fire Breathing","Iron Wave"],"relics":["Burning Blood","Regal Pillow","Golden Idol","Nunchaku","Oddly Smooth Stone","Pandora\u0027s Box"],"acts_visited":["Exordium","TheCity"],"potions_floor_usage":[11,16,16,19],"damage_taken":[{"damage":12,"enemies":"Small Slimes","floor":1,"turns":4},{"damage":6,"enemies":"2 Louse","floor":5,"turns":3},{"damage":9,"enemies":"Jaw Worm","floor":8,"turns":3},{"damage":5,"enemies":"Gremlin Gang","floor":11,"turns":3},{"damage":26,"enemies":"Large Slime","floor":13,"turns":7},{"damage":19,"enemies":"Exordium Wildlife","floor":14,"turns":4},{"damage":59,"enemies":"Slime Boss","floor":16,"turns":12},{"damage":18,"enemies":"3 Byrds","floor":18,"turns":5},{"damage":52,"enemies":"Masked Bandits","floor":19,"turns":4}],"seed_played":"-8738703427889771753","potions_obtained":[{"floor":1,"key":"Explosive Potion"},{"floor":11,"key":"Explosive Potion"},{"floor":14,"key":"ColorlessPotion"},{"floor":16,"key":"Swift Potion"}],"is_trial":false,"path_per_floor":["M","?","?","$","M","R","$","M","T","?","M","R","M","M","R","B",null,"M","?"],"character_chosen":"IRONCLAD","items_purchased":[],"campfire_rested":2,"item_purchase_floors":[],"current_hp_per_floor":[62,36,36,36,36,36,36,33,33,33,34,71,51,38,75,22,62,50,0,0],"gold":200,"neow_bonus":"RANDOM_COMMON_RELIC","is_daily":false,"chose_seed":false,"campfire_upgraded":1,"win_rate":0.0,"timestamp":1609409851,"path_taken":["M","?","?","?","?","R","$","M","T","?","M","R","M","M","R","BOSS","M","?"],"items_purchased_type":[],"build_version":"2020-12-22","purchased_purges":1,"victory":false,"max_hp_per_floor":[75,75,75,75,75,75,75,75,75,75,75,75,75,75,75,75,75,75,75,75],"relic_stats":{"Regal Pillow":30,"Nunchaku":[7],"counters":[9,45],"Golden Idol":51,"Pandora\u0027s Box":["Intimidate","Pommel Strike","Rampage","Exhume","Battle Trance","Sentinel","Wild Strike","Fire Breathing"],"obtain_stats":[{"Regal Pillow":0,"Nunchaku":3,"Golden Idol":2,"Oddly Smooth Stone":9,"Pandora\u0027s Box":17,"Burning Blood":0},{"Regal Pillow":0,"Nunchaku":1,"Golden Idol":1,"Oddly Smooth Stone":3,"Pandora\u0027s Box":7,"Burning Blood":0},{"Regal Pillow":0,"Nunchaku":4,"Golden Idol":4,"Oddly Smooth Stone":10,"Pandora\u0027s Box":36,"Burning Blood":0}],"Burning Blood":48},"card_choices":[{"not_picked":["Rage","Wild Strike","Sever Soul"],"picked":"SKIP","floor":1},{"not_picked":["Shrug It Off","Warcry"],"picked":"Uppercut","floor":5},{"not_picked":["Ghostly Armor","Wild Strike"],"picked":"Body Slam","floor":8},{"not_picked":["Power Through","Bloodletting"],"picked":"Pummel","floor":11},{"not_picked":["Havoc","Combust","Reckless Charge"],"picked":"SKIP","floor":13},{"not_picked":["Corruption","Headbutt"],"picked":"Body Slam","floor":14},{"not_picked":["Demon Form","Double Tap"],"picked":"Barricade","floor":16},{"not_picked":["Carnage+1","Thunderclap"],"picked":"Iron Wave","floor":18}],"player_experience":2126677,"relics_obtained":[{"floor":9,"key":"Oddly Smooth Stone"}],"event_choices":[{"damage_healed":0,"gold_gain":0,"player_choice":"Take Damage","damage_taken":26,"relics_obtained":["Golden Idol"],"max_hp_gain":0,"max_hp_loss":0,"event_name":"Golden Idol","floor":2,"gold_loss":0},{"damage_healed":0,"gold_gain":0,"player_choice":"Box","damage_taken":0,"relics_obtained":["Nunchaku"],"max_hp_gain":0,"max_hp_loss":0,"event_name":"Big Fish","floor":3,"gold_loss":0,"cards_obtained":["Regret"]},{"cards_removed":["Strike_R"],"damage_healed":0,"gold_gain":0,"player_choice":"Card Removal","damage_taken":0,"max_hp_gain":0,"max_hp_loss":0,"event_name":"The Cleric","floor":10,"gold_loss":75},{"damage_healed":0,"gold_gain":0,"player_choice":"Fought Bandits","damage_taken":0,"max_hp_gain":0,"max_hp_loss":0,"event_name":"Masked Bandits","floor":19,"gold_loss":0}],"is_beta":false,"boss_relics":[{"not_picked":["Runic Pyramid","Snecko Eye"],"picked":"Pandora\u0027s Box"}],"items_purged_floors":[4],"is_endless":false,"potions_floor_spawned":[1,11,14,16],"killed_by":"Masked Bandits","ascension_level":18}}