{"host":"wbdly04l9mkn9nrc","time":1609419458,"event":{"mods":["AchievementEnabler","BaseMod","BetterRewards","Minty Spire (QoL Compilation)","StSLib","[IsaacMod]ÒÔÈö¼âËþ"],"gold_per_floor":[114,131,131,145,70,70,70],"floor_reached":6,"playtime":359,"items_purged":["Strike_G"],"score":61,"play_id":"3a4fae88-ddf8-40c4-8cde-4fb52ca5757f","local_time":"20201231205738","is_ascension_mode":true,"campfire_choices":[],"circlet_count":0,"master_deck":["AscendersBane","Strike_G","Strike_G","Strike_G","Defend_G","Defend_G","Defend_G","Defend_G","Defend_G","Survivor","Neutralize","Blade Dance","Poisoned Stab","Catalyst","Infinite Blades","Backflip","Dagger Throw","Stack","Phantasmal Killer"],"relics":["Ring of the Snake","HushsDoor","Chaos","Blood Vial","Prayer Wheel","TheBean","PrismaticShard","Kunai","Medical Kit"],"acts_visited":["Exordium"],"potions_floor_usage":[],"damage_taken":[{"damage":0.0,"enemies":"Cultist","floor":1.0,"turns":3.0},{"damage":8.0,"enemies":"2 Louse","floor":2.0,"turns":2.0},{"damage":2.0,"enemies":"Small Slimes","floor":4.0,"turns":2.0},{"damage":13,"enemies":"Gremlin Nob","floor":6,"turns":2}],"seed_played":"5862911860019466244","potions_obtained":[{"floor":1.0,"key":"Dexterity Potion"}],"is_trial":false,"path_per_floor":["M","M","?","M","$","E"],"character_chosen":"THE_SILENT","items_purchased":["Blood Vial","Prayer Wheel","Blade Dance","TheBean","Poisoned Stab","Catalyst","PrismaticShard","Kunai","Infinite Blades","Backflip","Medical Kit"],"campfire_rested":0,"item_purchase_floors":[0,0,0,0,0,0,0,0,0,0,0],"current_hp_per_floor":[20,14,7,7,7,0,0],"gold":70,"neow_bonus":"","is_daily":false,"chose_seed":false,"campfire_upgraded":0,"win_rate":0.0,"timestamp":1609419458,"path_taken":["M","?","?","?","$","E"],"items_purchased_type":["Relic","Relic","Card","Relic","Card","Card","Relic","Relic","Card","Card","Relic"],"build_version":"2020-12-22","purchased_purges":1,"victory":false,"max_hp_per_floor":[66,66,66,66,66,66,66],"card_choices":[{"not_picked":[],"picked":"Bomb","floor":0.0},{"not_picked":["Backflip","MentalFortress"],"picked":"Dagger Throw","floor":1.0},{"not_picked":["Pummel","Choke","Defragment"],"picked":"SKIP","floor":1.0},{"not_picked":["Power Through","Inflame"],"picked":"Stack","floor":2.0},{"not_picked":["Dagger Spray","Stack","Tempest"],"picked":"SKIP","floor":2.0},{"not_picked":["Protect","Heatsinks"],"picked":"Phantasmal Killer","floor":4.0},{"not_picked":["EmptyFist","Cleave","Pulse"],"picked":"SKIP","floor":4.0}],"player_experience":170772,"relics_obtained":[],"event_choices":[{"cards_removed":["Strike_G"],"damage_healed":0.0,"max_hp_gain":0.0,"max_hp_loss":0.0,"gold_gain":0.0,"event_name":"Golden Wing","player_choice":"Card Removal","floor":3.0,"gold_loss":0.0,"damage_taken":7.0}],"is_beta":false,"boss_relics":[],"items_purged_floors":[5],"is_endless":false,"potions_floor_spawned":[1],"killed_by":"Gremlin Nob","ascension_level":14}}