{"host":"q9718omregw4er46","time":1609443021,"event":{"mods":["BaseMod","Bestiary","Colored Powertips","Minty Spire (QoL Compilation)","Quick Restart","Relic Stats"],"gold_per_floor":[113,113,130,143,158,158,170,170,170,211,211,255,255,279,279,362,362,386,386,386,412,425,425,425],"floor_reached":23,"playtime":607,"items_purged":[],"score":506,"play_id":"c2ece05d-f536-4240-a59a-f959d529a951","local_time":"20210101003021","is_ascension_mode":true,"campfire_choices":[{"data":"SignatureMove","floor":6,"key":"SMITH"},{"floor":8,"key":"REST"},{"floor":15,"key":"REST"}],"circlet_count":0,"master_deck":["AscendersBane","Strike_P+1","Strike_P+1","Strike_P+1","Defend_P+1","Defend_P+1","Defend_P+1","Eruption","Vigilance","DeusExMachina","ClearTheMind","SignatureMove+1","FlurryOfBlows","FearNoEvil+1","EmptyMind+1","ReachHeaven","Blasphemy+1","TalkToTheHand","MentalFortress"],"relics":["PureWater","CeramicFish","Juzu Bracelet","Toxic Egg 2","Ornamental Fan","VioletLotus"],"acts_visited":["Exordium","TheCity"],"potions_floor_usage":[10,14,22],"damage_taken":[{"damage":2,"enemies":"Jaw Worm","floor":1,"turns":5},{"damage":2,"enemies":"2 Louse","floor":3,"turns":2},{"damage":5,"enemies":"Small Slimes","floor":4,"turns":3},{"damage":13,"enemies":"Blue Slaver","floor":5,"turns":2},{"damage":7,"enemies":"Exordium Wildlife","floor":7,"turns":2},{"damage":12,"enemies":"Lagavulin","floor":10,"turns":4},{"damage":4,"enemies":"Gremlin Nob","floor":12,"turns":3},{"damage":0,"enemies":"Looter","floor":14,"turns":1},{"damage":0,"enemies":"Slime Boss","floor":16,"turns":4},{"damage":17,"enemies":"Spheric Guardian","floor":18,"turns":3},{"damage":6,"enemies":"Chosen","floor":21,"turns":4},{"damage":19,"enemies":"Shelled Parasite and Fungi","floor":22,"turns":5},{"damage":18,"enemies":"3 Cultists","floor":23,"turns":3}],"seed_played":"5600089215123660520","potions_obtained":[{"floor":3,"key":"BottledMiracle"},{"floor":7,"key":"Weak Potion"},{"floor":12,"key":"BlessingOfTheForge"},{"floor":14,"key":"SpeedPotion"},{"floor":18,"key":"AttackPotion"}],"is_trial":false,"path_per_floor":["M","?","M","M","M","R","M","R","T","E","?","E","?","M","R","B",null,"M","?","?","M","M","M"],"character_chosen":"WATCHER","items_purchased":[],"campfire_rested":2,"item_purchase_floors":[],"current_hp_per_floor":[41,41,39,34,21,21,14,34,34,22,11,7,7,7,27,27,58,41,41,41,35,16,0,0],"gold":425,"neow_bonus":"TRANSFORM_TWO_CARDS","is_daily":false,"chose_seed":false,"campfire_upgraded":1,"win_rate":0.0,"timestamp":1609443021,"path_taken":["M","?","M","M","M","R","M","R","T","E","?","E","?","M","R","BOSS","M","?","?","M","M","M"],"items_purchased_type":[],"build_version":"2020-12-22","purchased_purges":0,"victory":false,"max_hp_per_floor":[68,68,68,68,68,68,68,68,68,68,68,68,68,68,68,68,68,68,68,68,68,68,68,68],"relic_stats":{"counters":[13,41],"Ornamental Fan":[44],"CeramicFish":54,"VioletLotus":[5],"Juzu Bracelet":0,"obtain_stats":[{"Ornamental Fan":12,"CeramicFish":9,"VioletLotus":17,"Juzu Bracelet":10,"PureWater":0,"Toxic Egg 2":11},{"Ornamental Fan":7,"CeramicFish":5,"VioletLotus":9,"Juzu Bracelet":6,"PureWater":0,"Toxic Egg 2":6},{"Ornamental Fan":21,"CeramicFish":14,"VioletLotus":26,"Juzu Bracelet":18,"PureWater":0,"Toxic Egg 2":18}]},"card_choices":[{"not_picked":["Halt","EmptyBody"],"picked":"SignatureMove","floor":1},{"not_picked":["WaveOfTheHand","Weave","Collect"],"picked":"SKIP","floor":3},{"not_picked":["SandsOfTime","WindmillStrike","Prostrate"],"picked":"SKIP","floor":4},{"not_picked":["Vengeance","PathToVictory","JustLucky"],"picked":"SKIP","floor":5},{"not_picked":["EmptyBody","SpiritShield"],"picked":"FlurryOfBlows","floor":7},{"not_picked":["JustLucky","PathToVictory"],"picked":"FearNoEvil","floor":10},{"not_picked":["Indignation+1","ClearTheMind+1"],"picked":"EmptyMind+1","floor":12},{"not_picked":["CarveReality","EmptyBody+1"],"picked":"ReachHeaven","floor":14},{"not_picked":["Devotion","Ragnarok"],"picked":"Blasphemy+1","floor":16},{"not_picked":["Protect+1","Crescendo+1"],"picked":"TalkToTheHand","floor":18},{"not_picked":["FlyingSleeves","Sanctity+1"],"picked":"MentalFortress","floor":21},{"not_picked":["BattleHymn","FlyingSleeves","CarveReality"],"picked":"SKIP","floor":22}],"player_experience":1143316,"relics_obtained":[{"floor":9,"key":"CeramicFish"},{"floor":10,"key":"Juzu Bracelet"},{"floor":12,"key":"Ornamental Fan"}],"event_choices":[{"damage_healed":0,"gold_gain":0,"player_choice":"Ignored","damage_taken":0,"max_hp_gain":0,"max_hp_loss":0,"event_name":"Liars Game","floor":2,"gold_loss":0},{"damage_healed":0,"gold_gain":0,"player_choice":"Success","damage_taken":11,"relics_obtained":["Toxic Egg 2"],"max_hp_gain":0,"max_hp_loss":0,"event_name":"Scrap Ooze","floor":11,"gold_loss":0},{"damage_healed":0,"gold_gain":0,"player_choice":"Grow","damage_taken":0,"max_hp_gain":0,"max_hp_loss":0,"event_name":"Living Wall","floor":13,"gold_loss":0,"cards_upgraded":["FearNoEvil"]},{"damage_healed":0,"gold_gain":0,"player_choice":"Ignored","damage_taken":0,"max_hp_gain":0,"max_hp_loss":0,"event_name":"Ghosts","floor":19,"gold_loss":0},{"damage_healed":0,"gold_gain":0,"player_choice":"Simplicity","damage_taken":0,"max_hp_gain":0,"max_hp_loss":0,"event_name":"Back to Basics","floor":20,"gold_loss":0,"cards_upgraded":["Strike_P","Strike_P","Strike_P","Defend_P","Defend_P","Defend_P"]}],"is_beta":false,"boss_relics":[{"not_picked":["Tiny House","Pandora\u0027s Box"],"picked":"VioletLotus"}],"items_purged_floors":[],"is_endless":false,"potions_floor_spawned":[3,7,12,14,16,18],"killed_by":"3 Cultists","ascension_level":20}}