{"host":"vfg9szunmpjwj08o","time":1609418533,"event":{"mods":["Act Like it!","BaseMod","Challenge The Spire","Colored Map","Colored Powertips","Minty Spire (QoL Compilation)","StSLib","Waifu the Spire"],"gold_per_floor":[109,129,129,139,139,139,149,178,230,230,242,167,15,15,15,92,92,110,120,130,146,43,43,43,71,94,94,107,124,156,170,170,248,248,268,279,292,292,192,224,224,224,224,236,236,236,236],"floor_reached":46,"playtime":2526,"items_purged":["Strike_B","Defend_B"],"score":959,"play_id":"065d9e33-8d06-46e8-862b-8cb3c4b66aac","local_time":"20201231134213","is_ascension_mode":true,"campfire_choices":[{"data":"Zap","floor":6.0,"key":"SMITH"},{"data":"Buffer","floor":10.0,"key":"SMITH"},{"floor":15.0,"key":"RECALL"},{"data":"Coolheaded","floor":23.0,"key":"SMITH"},{"data":"Seek","floor":27.0,"key":"SMITH"},{"data":"Chaos","floor":32.0,"key":"SMITH"},{"data":"White Noise","floor":42,"key":"SMITH"},{"data":"Chill","floor":45,"key":"SMITH"}],"circlet_count":0,"master_deck":["AscendersBane","Strike_B+1","Defend_B","Defend_B","Defend_B","Zap+1","Dualcast+1","Ball Lightning","Conserve Battery","Compile Driver","BootSequence","Buffer+1","FTL","Seek+1","Glacier","Beam Cell+1","Coolheaded+1","Flash of Steel","Echo Form","Chill+1","Chaos+1","Seek","White Noise+1","Glacier","Hologram+1","Chaos+1","Gash"],"relics":["Cracked Core","Pen Nib","Ornamental Fan","Bag of Preparation","Coffee Dripper","Orichalcum","Bronze Scales","Centennial Puzzle","SacredBark","Art of War"],"acts_visited":["Exordium","TheCity","TheBeyond"],"potions_floor_usage":[],"damage_taken":[{"damage":1.0,"enemies":"Cultist","floor":1.0,"turns":3.0},{"damage":0.0,"enemies":"Small Slimes","floor":2.0,"turns":2.0},{"damage":6.0,"enemies":"2 Louse","floor":4.0,"turns":2.0},{"damage":0.0,"enemies":"2 Fungi Beasts","floor":7.0,"turns":3.0},{"damage":6.0,"enemies":"Lagavulin","floor":8.0,"turns":6.0},{"damage":0.0,"enemies":"Exordium Wildlife","floor":11.0,"turns":3.0},{"damage":13.0,"enemies":"The Guardian","floor":16.0,"turns":8.0},{"damage":0.0,"enemies":"Chosen","floor":18.0,"turns":4.0},{"damage":1.0,"enemies":"Shell Parasite","floor":19.0,"turns":5.0},{"damage":3.0,"enemies":"Snecko","floor":20.0,"turns":5.0},{"damage":12.0,"enemies":"Shelled Parasite and Fungi","floor":21.0,"turns":6.0},{"damage":16.0,"enemies":"Gremlin Leader","floor":25.0,"turns":8.0},{"damage":0.0,"enemies":"Centurion and Healer","floor":28.0,"turns":4.0},{"damage":0.0,"enemies":"Snake Plant","floor":29.0,"turns":2.0},{"damage":6.0,"enemies":"Book of Stabbing","floor":30.0,"turns":5.0},{"damage":10.0,"enemies":"Shelled Parasite and Fungi","floor":31.0,"turns":3.0},{"damage":4.0,"enemies":"Collector","floor":33.0,"turns":7.0},{"damage":0,"enemies":"3 Shapes","floor":35,"turns":5},{"damage":25,"enemies":"3 Darklings","floor":36,"turns":4},{"damage":1,"enemies":"Sphere and 2 Shapes","floor":37,"turns":5},{"damage":8,"enemies":"Giant Head","floor":40,"turns":10},{"damage":0,"enemies":"Transient","floor":44,"turns":6},{"damage":18,"enemies":"Nemesis","floor":46,"turns":9}],"seed_played":"250944575630230264","potions_obtained":[{"floor":4.0,"key":"Dexterity Potion"},{"floor":8.0,"key":"FocusPotion"},{"floor":11.0,"key":"PowerPotion"},{"floor":16.0,"key":"PowerPotion"},{"floor":25.0,"key":"Swift Potion"},{"floor":29.0,"key":"PowerPotion"},{"floor":30.0,"key":"Energy Potion"},{"floor":31.0,"key":"SkillPotion"},{"floor":36,"key":"Fire Potion"},{"floor":37,"key":"FearPotion"},{"floor":44,"key":"Swift Potion"}],"is_trial":false,"path_per_floor":["M","M","?","M","?","R","M","E","T","R","M","?","$","?","R","B",null,"M","M","M","M","$","R","?","E","T","R","M","M","E","M","R","B",null,"M","M","M","?","$","E","?","R","T","M","R","E"],"character_chosen":"DEFECT","items_purchased":["FTL","Flash of Steel"],"campfire_rested":0,"item_purchase_floors":[13,22],"current_hp_per_floor":[63,63,63,57,36,36,36,30,30,30,30,30,30,30,30,17,58,58,57,54,42,42,42,42,26,26,26,26,26,20,10,10,6,55,55,30,29,29,29,21,21,21,21,21,21,3,3],"gold":236,"neow_bonus":"RANDOM_COMMON_RELIC","is_daily":false,"chose_seed":false,"campfire_upgraded":7,"win_rate":0.0,"timestamp":1609418533,"path_taken":["M","M","?","M","?","R","M","E","T","R","M","?","$","?","R","BOSS","M","M","M","M","$","R","?","E","T","R","M","M","E","?","R","BOSS","M","M","?","?","$","E","?","R","T","M","R","E"],"items_purchased_type":["Card","Card"],"build_version":"2020-12-22","purchased_purges":2,"victory":false,"max_hp_per_floor":[71,71,71,71,71,71,71,71,71,71,71,71,71,71,71,71,71,71,71,71,71,71,71,71,71,71,71,71,71,71,71,71,71,71,71,71,71,71,71,71,71,71,71,71,71,71,71],"card_choices":[{"not_picked":["Streamline","Steam"],"picked":"Ball Lightning","floor":1.0},{"not_picked":["Skim","Hello World"],"picked":"Conserve Battery","floor":2.0},{"not_picked":["Redo","Streamline"],"picked":"Compile Driver","floor":4.0},{"not_picked":["Go for the Eyes","Doom and Gloom"],"picked":"BootSequence","floor":7.0},{"not_picked":["Gash","Cold Snap"],"picked":"Buffer","floor":8.0},{"not_picked":["Genetic Algorithm","Redo","Barrage"],"picked":"SKIP","floor":11.0},{"not_picked":["Hyperbeam","Multi-Cast"],"picked":"Seek","floor":16.0},{"not_picked":["Hologram","Static Discharge"],"picked":"Glacier","floor":18.0},{"not_picked":["Sweeping Beam","Leap"],"picked":"Beam Cell","floor":19.0},{"not_picked":["Barrage+1","Streamline"],"picked":"Ball Lightning","floor":20.0},{"not_picked":["Beam Cell+1","Go for the Eyes"],"picked":"Coolheaded","floor":21.0},{"not_picked":["Redo","Meteor Strike"],"picked":"Echo Form","floor":25.0},{"not_picked":["Ball Lightning+1","Steam"],"picked":"Chill","floor":28.0},{"not_picked":["Turbo","Streamline","Conserve Battery"],"picked":"SKIP","floor":29.0},{"not_picked":["Turbo","Streamline","Biased Cognition"],"picked":"SKIP","floor":30.0},{"not_picked":["Beam Cell","BootSequence"],"picked":"Chaos","floor":31.0},{"not_picked":["Biased Cognition","Core Surge"],"picked":"Seek","floor":33.0},{"not_picked":["Loop","Steam"],"picked":"White Noise","floor":35},{"not_picked":["Rebound","White Noise"],"picked":"Glacier","floor":36},{"not_picked":["Blizzard","Steam+1"],"picked":"Hologram+1","floor":37},{"not_picked":["Barrage","Rebound+1"],"picked":"Chaos+1","floor":40},{"not_picked":["Rebound","Barrage"],"picked":"Gash","floor":44}],"player_experience":1022147,"relics_obtained":[{"floor":8.0,"key":"Ornamental Fan"},{"floor":9.0,"key":"Bag of Preparation"},{"floor":25.0,"key":"Orichalcum"},{"floor":26.0,"key":"Bronze Scales"},{"floor":30.0,"key":"Centennial Puzzle"},{"floor":40,"key":"Art of War"}],"event_choices":[{"cards_removed":["Strike_B"],"damage_healed":0.0,"max_hp_gain":0.0,"max_hp_loss":0.0,"gold_gain":0.0,"event_name":"Living Wall","player_choice":"Forget","floor":3.0,"gold_loss":0.0,"damage_taken":0.0},{"damage_healed":0.0,"max_hp_gain":0.0,"max_hp_loss":0.0,"gold_gain":0.0,"event_name":"Shining Light","player_choice":"Entered Light","floor":5.0,"gold_loss":0.0,"damage_taken":21.0,"cards_upgraded":["Strike_B","Dualcast"]},{"cards_removed":["Strike_B"],"damage_healed":0.0,"max_hp_gain":0.0,"max_hp_loss":0.0,"gold_gain":0.0,"event_name":"The Cleric","player_choice":"Card Removal","floor":12.0,"gold_loss":75.0,"damage_taken":0.0},{"damage_healed":0.0,"max_hp_gain":0.0,"max_hp_loss":0.0,"gold_gain":0.0,"event_name":"Liars Game","player_choice":"Ignored","floor":14.0,"gold_loss":0.0,"damage_taken":0.0},{"damage_healed":0.0,"max_hp_gain":0.0,"max_hp_loss":0.0,"gold_gain":0.0,"event_name":"Upgrade Shrine","player_choice":"Upgraded","floor":24.0,"gold_loss":0.0,"damage_taken":0.0,"cards_upgraded":["Beam Cell"]},{"damage_healed":0,"gold_gain":0,"player_choice":"Ignored","damage_taken":0,"max_hp_gain":0,"max_hp_loss":0,"event_name":"Mysterious Sphere","floor":38,"gold_loss":0},{"cards_removed":["Ball Lightning"],"damage_healed":0,"gold_gain":0,"player_choice":"Removed Attack","damage_taken":0,"max_hp_gain":0,"max_hp_loss":0,"event_name":"Falling","floor":41,"gold_loss":0}],"is_beta":false,"boss_relics":[{"not_picked":["Calling Bell","Black Star"],"picked":"Coffee Dripper"},{"not_picked":["Runic Pyramid","FrozenCore"],"picked":"SacredBark"}],"items_purged_floors":[13,39],"is_endless":false,"potions_floor_spawned":[4,8,11,16,21,25,29,30,31,36,37,44],"killed_by":"Nemesis","ascension_level":19}}