{"host":"m6e09adb7fik7oct","time":1609380926,"event":{"mods":["AchievementEnabler","BaseMod","Better Altar","Better Note","Better Sensory Stone","Better Skull","Better Third Choice","Block Reminder","Colored Map","Displayed Cursed Tome","Ironclad Rager","Key Reminder","Mad Scientist","Minty Spire (QoL Compilation)","Permanent Neow","Quick Restart","RNG Fix","Relic Stats","Reorder Act Four","StSLib","Transform Curses","Unceasing Turn Reminder","everything is the same but u backflip on backflip"],"gold_per_floor":[114,114,289,304,8,8,23,23,98,98,373,373,388,403,403,403,403],"floor_reached":16,"playtime":668,"items_purged":["Doubt"],"score":90,"play_id":"2d614e10-4362-4dba-885f-589cfa30dc0e","local_time":"20201230211526","daily_mods":["Heirloom","Time Dilation","Lethality"],"is_ascension_mode":false,"campfire_choices":[{"data":"Undo","floor":6.0,"key":"SMITH"},{"data":"Ball Lightning","floor":8.0,"key":"SMITH"},{"floor":15,"key":"REST"}],"circlet_count":0,"master_deck":["Strike_B","Strike_B","Strike_B","Strike_B","Defend_B","Defend_B","Defend_B","Defend_B","Zap","Dualcast","Ball Lightning+1","Undo+1","ICR:FrostFall","White Noise","Pain","Regret","Regret","Turbo"],"relics":["Cracked Core","Pocketwatch","Sling","InkBottle","WarpedTongs","Juzu Bracelet"],"acts_visited":["Exordium"],"potions_floor_usage":[],"damage_taken":[{"damage":6.0,"enemies":"Jaw Worm","floor":1.0,"turns":4.0},{"damage":0.0,"enemies":"Cultist","floor":4.0,"turns":2.0},{"damage":1.0,"enemies":"Small Slimes","floor":7.0,"turns":3.0},{"damage":15,"enemies":"Blue Slaver","floor":13,"turns":3},{"damage":2,"enemies":"2 Fungi Beasts","floor":14,"turns":2},{"damage":73,"enemies":"Hexaghost","floor":16,"turns":5}],"seed_played":"-5051420239723459148","potions_obtained":[{"floor":4.0,"key":"Weak Potion"},{"floor":14,"key":"BlessingOfTheForge"}],"is_trial":false,"path_per_floor":["M","?","?","M","$","R","M","R","T","?","?","?","M","M","R","B"],"character_chosen":"DEFECT","items_purchased":["Sling","ICR:FrostFall"],"campfire_rested":1,"item_purchase_floors":[5,5],"current_hp_per_floor":[69,69,69,69,69,69,68,68,68,68,68,68,53,51,73,0,0],"gold":403,"neow_bonus":"","is_daily":true,"chose_seed":false,"campfire_upgraded":2,"win_rate":0.0,"timestamp":1609380926,"path_taken":["M","?","?","M","$","R","M","R","T","?","?","?","M","M","R","BOSS"],"items_purchased_type":["Relic","Card"],"build_version":"2020-12-22","purchased_purges":1,"victory":false,"max_hp_per_floor":[75,75,75,75,75,75,75,75,75,75,75,75,75,75,75,75,75],"relic_stats":{"counters":[6,19],"Juzu Bracelet":0,"obtain_stats":[{"Juzu Bracelet":12,"Cracked Core":0,"Sling":5,"InkBottle":9,"Pocketwatch":0,"WarpedTongs":10},{"Juzu Bracelet":3,"Cracked Core":0,"Sling":2,"InkBottle":3,"Pocketwatch":0,"WarpedTongs":3},{"Juzu Bracelet":9,"Cracked Core":0,"Sling":6,"InkBottle":9,"Pocketwatch":0,"WarpedTongs":9}],"InkBottle":[3],"Pocketwatch":[29],"WarpedTongs":[10]},"card_choices":[{"not_picked":["Aggregate","Gash"],"picked":"Ball Lightning","floor":1.0},{"not_picked":["Beam Cell","Cold Snap"],"picked":"Undo","floor":4.0},{"not_picked":["Fusion","Aggregate"],"picked":"White Noise","floor":7.0},{"not_picked":["Leap","Stack"],"picked":"Turbo","floor":13},{"not_picked":["Compile Driver","Lockon","Genetic Algorithm"],"picked":"SKIP","floor":14}],"player_experience":190187,"relics_obtained":[{"floor":9.0,"key":"InkBottle"}],"event_choices":[{"damage_healed":0.0,"max_hp_gain":0.0,"max_hp_loss":0.0,"gold_gain":0.0,"event_name":"The Cleric","player_choice":"Leave","floor":2.0,"gold_loss":0.0,"damage_taken":0.0},{"damage_healed":0.0,"max_hp_gain":0.0,"max_hp_loss":0.0,"gold_gain":175.0,"event_name":"betterThird:BetterSerpent","player_choice":"AGREE","floor":3.0,"gold_loss":0.0,"damage_taken":114.0},{"damage_healed":0.0,"max_hp_gain":0.0,"max_hp_loss":0.0,"gold_gain":0.0,"event_name":"Accursed Blacksmith","player_choice":"Rummage","floor":10.0,"gold_loss":0.0,"damage_taken":0.0,"relics_obtained":["WarpedTongs"],"cards_obtained":["Pain"]},{"damage_healed":0.0,"max_hp_gain":0.0,"max_hp_loss":0.0,"gold_gain":275.0,"event_name":"Golden Shrine","player_choice":"Desecrate","floor":11.0,"gold_loss":0.0,"damage_taken":0.0,"cards_obtained":["Regret"]},{"damage_healed":0.0,"max_hp_gain":0.0,"max_hp_loss":0.0,"gold_gain":0.0,"event_name":"Big Fish","player_choice":"Box","floor":12.0,"gold_loss":0.0,"damage_taken":0.0,"relics_obtained":["Juzu Bracelet"],"cards_obtained":["Regret"]}],"is_beta":false,"boss_relics":[],"items_purged_floors":[5],"is_endless":false,"potions_floor_spawned":[4,14],"killed_by":"Hexaghost","ascension_level":0}}