{"host":"15dd7v8o90xso62x","time":1609456083,"event":{"mods":["BaseMod","Minty Spire (QoL Compilation)","Quick Restart","StSLib","SuperFastMode"],"gold_per_floor":[20,32,32,44,64,64,98,98,152,183,193,206,223,241,241,318,318,336,346,373,32,45,45,70,70,70,88,98,110,127,160,160,234,234,253,264,282,504,139,139,171,171,171,205,205,205,238,85,85,85,85],"floor_reached":52,"playtime":2954,"items_purged":["Strike_B","Strike_B"],"score":2167,"play_id":"1230ea87-9a21-4ccb-ad89-a989acbbc912","local_time":"20210101080803","is_ascension_mode":true,"campfire_choices":[{"data":"Zap","floor":6.0,"key":"SMITH"},{"data":"Consume","floor":8.0,"key":"SMITH"},{"data":"Chaos","floor":15.0,"key":"SMITH"},{"data":"White Noise","floor":23.0,"key":"SMITH"},{"data":"Coolheaded","floor":25.0,"key":"SMITH"},{"data":"Buffer","floor":32.0,"key":"SMITH"},{"data":"Heatsinks","floor":40,"key":"SMITH"},{"data":"Biased Cognition","floor":42,"key":"SMITH"},{"data":"White Noise","floor":45,"key":"SMITH"},{"data":"Defragment","floor":49,"key":"SMITH"}],"circlet_count":0,"master_deck":["AscendersBane","Defend_B","Defend_B","Defend_B","Zap+1","Dualcast","BootSequence","Undo","Cold Snap+1","Turbo","Consume+1","Echo Form","Biased Cognition+1","Coolheaded+1","Chaos+1","White Noise+1","Glacier","Electrodynamics","Self Repair","Compile Driver+1","Hologram+1","Force Field","Buffer+1","White Noise+1","White Noise+1","Storm","Self Repair","Heatsinks+1","Core Surge","Glacier","Defragment+1","Lockon+1"],"relics":["Cracked Core","White Beast Statue","Ancient Tea Set","Potion Belt","SacredBark","Red Mask","Mummified Hand","Nunchaku","Thread and Needle","Whetstone","Black Star","StoneCalendar","Gremlin Horn","Bottled Flame","Molten Egg 2","Mercury Hourglass","Symbiotic Virus","Happy Flower"],"acts_visited":["Exordium","TheCity","TheBeyond"],"potions_floor_usage":[37,44,51,51,51],"damage_taken":[{"damage":1.0,"enemies":"Small Slimes","floor":1.0,"turns":3.0},{"damage":0.0,"enemies":"Cultist","floor":2.0,"turns":4.0},{"damage":1.0,"enemies":"2 Louse","floor":4.0,"turns":2.0},{"damage":0.0,"enemies":"Looter","floor":5.0,"turns":4.0},{"damage":15.0,"enemies":"3 Sentries","floor":7.0,"turns":10.0},{"damage":4.0,"enemies":"Lagavulin","floor":10.0,"turns":7.0},{"damage":3.0,"enemies":"Blue Slaver","floor":11.0,"turns":2.0},{"damage":2.0,"enemies":"Exordium Thugs","floor":12.0,"turns":4.0},{"damage":13.0,"enemies":"Red Slaver","floor":13.0,"turns":4.0},{"damage":0.0,"enemies":"3 Louse","floor":14.0,"turns":3.0},{"damage":13.0,"enemies":"Slime Boss","floor":16.0,"turns":13.0},{"damage":8.0,"enemies":"Chosen","floor":18.0,"turns":5.0},{"damage":11.0,"enemies":"Spheric Guardian","floor":19.0,"turns":6.0},{"damage":37.0,"enemies":"Masked Bandits","floor":20.0,"turns":4.0},{"damage":16.0,"enemies":"Centurion and Healer","floor":22.0,"turns":4.0},{"damage":0.0,"enemies":"Gremlin Leader","floor":24.0,"turns":3.0},{"damage":2.0,"enemies":"Snake Plant","floor":27.0,"turns":3.0},{"damage":0.0,"enemies":"3 Cultists","floor":28.0,"turns":3.0},{"damage":0.0,"enemies":"Cultist and Chosen","floor":29.0,"turns":5.0},{"damage":0.0,"enemies":"Snecko","floor":30.0,"turns":4.0},{"damage":13.0,"enemies":"Slavers","floor":31.0,"turns":3.0},{"damage":21.0,"enemies":"Collector","floor":33.0,"turns":8.0},{"damage":0.0,"enemies":"3 Shapes","floor":35.0,"turns":4.0},{"damage":23.0,"enemies":"3 Darklings","floor":36.0,"turns":4.0},{"damage":0,"enemies":"Transient","floor":37,"turns":6},{"damage":1,"enemies":"Giant Head","floor":41,"turns":8},{"damage":17,"enemies":"Nemesis","floor":44,"turns":9},{"damage":0,"enemies":"Giant Head","floor":47,"turns":7},{"damage":42,"enemies":"Awakened One","floor":50,"turns":11},{"damage":0,"enemies":"Time Eater","floor":51,"turns":11}],"seed_played":"4388719015304186207","potions_obtained":[{"floor":7.0,"key":"ColorlessPotion"},{"floor":10.0,"key":"EssenceOfDarkness"},{"floor":11.0,"key":"Fire Potion"},{"floor":12.0,"key":"SmokeBomb"},{"floor":13.0,"key":"SpeedPotion"},{"floor":14.0,"key":"EssenceOfSteel"},{"floor":16.0,"key":"LiquidMemories"},{"floor":18.0,"key":"Regen Potion"},{"floor":19.0,"key":"FearPotion"},{"floor":20.0,"key":"EssenceOfDarkness"},{"floor":22.0,"key":"AttackPotion"},{"floor":24.0,"key":"Ancient Potion"},{"floor":27.0,"key":"SkillPotion"},{"floor":28.0,"key":"LiquidMemories"},{"floor":29.0,"key":"DuplicationPotion"},{"floor":30.0,"key":"SmokeBomb"},{"floor":31.0,"key":"FairyPotion"},{"floor":33.0,"key":"Explosive Potion"},{"floor":35.0,"key":"Dexterity Potion"},{"floor":37,"key":"Swift Potion"},{"floor":47,"key":"Dexterity Potion"}],"is_trial":false,"path_per_floor":["M","M","?","M","M","R","E","R","T","E","M","M","M","M","R","B",null,"M","M","?","$","M","R","E","R","T","M","M","M","M","E","R","B",null,"M","M","M","?","$","R","E","R","T","E","R","?","E","$","R","B","B",null],"character_chosen":"DEFECT","items_purchased":["Mummified Hand","Heatsinks","Core Surge","Defragment","Lockon+1"],"campfire_rested":0,"item_purchase_floors":[21,39,39,48,48],"current_hp_per_floor":[63,63,63,62,62,62,47,47,47,43,40,38,25,25,25,12,56,48,71,41,41,32,32,46,46,46,44,51,58,71,71,71,57,68,71,48,55,55,55,55,71,71,71,68,68,81,81,81,81,53,60],"gold":85,"neow_bonus":"TRANSFORM_TWO_CARDS","is_daily":false,"chose_seed":false,"campfire_upgraded":10,"win_rate":0.0,"timestamp":1609456083,"path_taken":["M","M","?","M","M","R","E","R","T","E","M","M","?","M","R","BOSS","M","M","?","$","M","R","E","R","T","M","M","M","M","E","R","BOSS","M","M","M","?","$","R","E","R","T","E","R","?","E","$","R","BOSS","BOSS"],"items_purchased_type":["Relic","Card","Card","Card","Card"],"build_version":"2020-12-22","purchased_purges":2,"victory":true,"max_hp_per_floor":[71,71,71,71,71,71,71,71,71,71,71,71,71,71,71,71,71,71,71,71,71,71,71,71,71,71,71,71,71,71,71,71,71,71,71,71,71,71,71,71,71,71,71,71,71,81,81,81,81,81,81],"card_choices":[{"not_picked":["Compile Driver","Turbo"],"picked":"Cold Snap","floor":1.0},{"not_picked":["Gash","Reprogram"],"picked":"Turbo","floor":2.0},{"not_picked":["Barrage","Redo","Undo"],"picked":"SKIP","floor":4.0},{"not_picked":["Consume","Turbo","Rip and Tear"],"picked":"SKIP","floor":5.0},{"not_picked":["Reinforced Body","Capacitor"],"picked":"Echo Form","floor":7.0},{"not_picked":["Sweeping Beam","Capacitor"],"picked":"Biased Cognition","floor":10.0},{"not_picked":["Heatsinks","Hologram"],"picked":"Coolheaded","floor":11.0},{"not_picked":["Hologram","Streamline"],"picked":"Chaos","floor":12.0},{"not_picked":["Streamline","Coolheaded"],"picked":"White Noise","floor":13.0},{"not_picked":["Rip and Tear","FTL"],"picked":"Glacier","floor":14.0},{"not_picked":["Core Surge","Machine Learning"],"picked":"Electrodynamics","floor":16.0},{"not_picked":["Tempest","Steam Power"],"picked":"Self Repair","floor":18.0},{"not_picked":["Redo","Gash","Stack"],"picked":"SKIP","floor":19.0},{"not_picked":["Barrage","Stack"],"picked":"Compile Driver","floor":20.0},{"not_picked":["Beam Cell","Turbo"],"picked":"Hologram+1","floor":22.0},{"not_picked":["Darkness","Turbo+1"],"picked":"Force Field","floor":24.0},{"not_picked":["Beam Cell","Sweeping Beam"],"picked":"Buffer","floor":27.0},{"not_picked":["Barrage+1","Steam","Cold Snap"],"picked":"SKIP","floor":28.0},{"not_picked":["Coolheaded+1","Compile Driver+1"],"picked":"White Noise+1","floor":29.0},{"not_picked":["Doom and Gloom","Compile Driver","Leap"],"picked":"SKIP","floor":30.0},{"not_picked":["Darkness","Sweeping Beam","Gash"],"picked":"SKIP","floor":31.0},{"not_picked":["Multi-Cast","Thunder Strike"],"picked":"Amplify","floor":33.0},{"not_picked":["Hologram","Steam"],"picked":"White Noise","floor":35.0},{"not_picked":["Chill+1","Streamline"],"picked":"Storm","floor":36},{"not_picked":["Redo","Sweeping Beam"],"picked":"Self Repair","floor":37},{"not_picked":["Hyperbeam","Steam","Rebound"],"picked":"SKIP","floor":41},{"not_picked":["Hologram","Leap"],"picked":"Glacier","floor":44},{"not_picked":["Melter+1","Barrage+1","Hologram"],"picked":"SKIP","floor":47}],"player_experience":979184,"relics_obtained":[{"floor":7.0,"key":"White Beast Statue"},{"floor":9.0,"key":"Ancient Tea Set"},{"floor":10.0,"key":"Potion Belt"},{"floor":20.0,"key":"Red Mask"},{"floor":24.0,"key":"Nunchaku"},{"floor":26.0,"key":"Thread and Needle"},{"floor":31.0,"key":"Whetstone"},{"floor":41,"key":"StoneCalendar"},{"floor":41,"key":"Gremlin Horn"},{"floor":43,"key":"Bottled Flame"},{"floor":44,"key":"Molten Egg 2"},{"floor":44,"key":"Mercury Hourglass"},{"floor":47,"key":"Symbiotic Virus"},{"floor":47,"key":"Happy Flower"}],"event_choices":[{"damage_healed":0.0,"max_hp_gain":0.0,"max_hp_loss":0.0,"gold_gain":0.0,"cards_transformed":["Strike_B"],"event_name":"Transmorgrifier","player_choice":"Transformed","floor":3.0,"gold_loss":0.0,"damage_taken":0.0,"cards_obtained":["Consume"]},{"damage_healed":0.0,"max_hp_gain":0.0,"max_hp_loss":0.0,"gold_gain":0.0,"event_name":"Masked Bandits","player_choice":"Fought Bandits","floor":20.0,"gold_loss":0.0,"damage_taken":0.0},{"damage_healed":0,"gold_gain":222,"player_choice":"Wore Mask","damage_taken":0,"max_hp_gain":0,"max_hp_loss":0,"event_name":"Tomb of Lord Red Mask","floor":38,"gold_loss":0},{"cards_removed":["Amplify"],"damage_healed":3,"gold_gain":0,"player_choice":"Offered Rare","damage_taken":0,"max_hp_gain":10,"max_hp_loss":0,"event_name":"Bonfire Elementals","floor":46,"gold_loss":0}],"is_beta":false,"boss_relics":[{"not_picked":["Fusion Hammer","Nuclear Battery"],"picked":"SacredBark"},{"not_picked":["Snecko Eye","Runic Pyramid"],"picked":"Black Star"}],"items_purged_floors":[21,39],"is_endless":false,"potions_floor_spawned":[7,10,11,12,13,14,16,18,19,20,22,24,27,28,29,30,31,33,35,36,37,41,47],"ascension_level":20}}