{"host":"p6y17sixyu8q9v1f","time":1609422009,"event":{"mods":["BaseMod","Colored Map","Minty Spire (QoL Compilation)"],"gold_per_floor":[109,109,124,135,33,63,80,113,189,221,240,240,240,254,254,353,353,368,368,65,80,91,91,102,131,131,160,250,263,263,277,277,277,277],"floor_reached":33,"playtime":1901,"items_purged":["Strike_R","Strike_R"],"score":386,"play_id":"7967b105-3cf1-4108-918b-2a884b31814c","local_time":"20201231074009","is_ascension_mode":true,"campfire_choices":[{"data":"Offering","floor":13,"key":"SMITH"},{"data":"Seeing Red","floor":15,"key":"SMITH"},{"data":"Double Tap","floor":23,"key":"SMITH"},{"floor":32,"key":"REST"}],"circlet_count":0,"master_deck":["Strike_R","Strike_R","Defend_R","Defend_R","Defend_R","Thunderclap","Flex","Iron Wave","Clash","Clash","Seeing Red+1","Offering+1","Spot Weakness","Pummel","Double Tap+1","Iron Wave+1","Inflame","Panache","Intimidate+1","Iron Wave","Whirlwind+1"],"relics":["Burning Blood","NeowsBlessing","Blue Candle","Dead Branch","HornCleat","PreservedInsect","Empty Cage","Smiling Mask","FossilizedHelix"],"acts_visited":["Exordium","TheCity"],"potions_floor_usage":[6,8,16,25,31,33],"damage_taken":[{"damage":0,"enemies":"Small Slimes","floor":1,"turns":1},{"damage":0,"enemies":"Cultist","floor":3,"turns":1},{"damage":0,"enemies":"2 Louse","floor":4,"turns":1},{"damage":17,"enemies":"Gremlin Nob","floor":6,"turns":5},{"damage":9,"enemies":"Red Slaver","floor":7,"turns":3},{"damage":15,"enemies":"Lagavulin","floor":8,"turns":5},{"damage":20,"enemies":"3 Sentries","floor":10,"turns":7},{"damage":1,"enemies":"Looter","floor":11,"turns":2},{"damage":6,"enemies":"2 Fungi Beasts","floor":14,"turns":3},{"damage":29,"enemies":"Hexaghost","floor":16,"turns":9},{"damage":12,"enemies":"Chosen","floor":18,"turns":2},{"damage":6,"enemies":"3 Byrds","floor":21,"turns":3},{"damage":6,"enemies":"Snecko","floor":22,"turns":5},{"damage":6,"enemies":"Snake Plant","floor":24,"turns":3},{"damage":8,"enemies":"Slavers","floor":25,"turns":2},{"damage":25,"enemies":"Book of Stabbing","floor":27,"turns":4},{"damage":23,"enemies":"Sentry and Sphere","floor":29,"turns":4},{"damage":17,"enemies":"Chosen and Byrds","floor":31,"turns":4},{"damage":53,"enemies":"Champ","floor":33,"turns":7}],"seed_played":"8030841693072849046","potions_obtained":[{"floor":1,"key":"AttackPotion"},{"floor":7,"key":"DistilledChaos"},{"floor":11,"key":"Fire Potion"},{"floor":14,"key":"SpeedPotion"},{"floor":16,"key":"SmokeBomb"},{"floor":21,"key":"FairyPotion"},{"floor":22,"key":"SpeedPotion"},{"floor":31,"key":"Swift Potion"}],"is_trial":false,"path_per_floor":["M","?","M","M","$","E","M","E","T","E","M","?","R","M","R","B",null,"M","?","$","M","M","R","M","E","T","E","?","M","?","M","R","B"],"character_chosen":"IRONCLAD","items_purchased":["Iron Wave","Inflame","Panache"],"campfire_rested":1,"item_purchase_floors":[5,20,20],"current_hp_per_floor":[80,85,85,85,85,74,71,62,62,48,53,53,53,53,53,30,71,65,65,65,65,65,65,65,63,63,44,32,15,6,25,50,0,0],"gold":277,"neow_bonus":"THREE_ENEMY_KILL","is_daily":false,"chose_seed":false,"campfire_upgraded":3,"win_rate":0.0,"timestamp":1609422009,"path_taken":["M","?","M","M","$","E","M","E","T","E","M","?","R","?","R","BOSS","M","?","$","?","M","R","M","E","T","E","?","?","?","M","R","BOSS"],"items_purchased_type":["Card","Card","Card"],"build_version":"2020-12-22","purchased_purges":2,"victory":false,"max_hp_per_floor":[80,85,85,85,85,85,85,85,85,85,85,85,85,85,85,85,85,85,85,85,85,85,85,85,85,85,85,85,85,85,85,85,85,85],"card_choices":[{"not_picked":["Second Wind","Warcry"],"picked":"Thunderclap","floor":1},{"not_picked":["Hemokinesis","Rage"],"picked":"Flex","floor":3},{"not_picked":["Warcry","Clothesline","Sword Boomerang"],"picked":"SKIP","floor":4},{"not_picked":["Perfected Strike","Hemokinesis"],"picked":"Clash","floor":6},{"not_picked":["Sentinel","Headbutt"],"picked":"Clash","floor":7},{"not_picked":["Pummel","Bloodletting"],"picked":"Seeing Red","floor":8},{"not_picked":["Ghostly Armor","Perfected Strike"],"picked":"Offering","floor":10},{"not_picked":["Rupture","Searing Blow"],"picked":"Spot Weakness","floor":11},{"not_picked":["Heavy Blade","True Grit","Entrench"],"picked":"SKIP","floor":14},{"not_picked":["Bludgeon","Brutality"],"picked":"Double Tap","floor":16},{"not_picked":["Seeing Red+1","Hemokinesis"],"picked":"Iron Wave+1","floor":18},{"not_picked":["Clothesline","Sword Boomerang"],"picked":"Intimidate+1","floor":21},{"not_picked":["Armaments","Wild Strike","Shockwave+1"],"picked":"SKIP","floor":22},{"not_picked":["Evolve","Shockwave","Perfected Strike+1"],"picked":"SKIP","floor":24},{"not_picked":["Second Wind","Warcry+1","Power Through"],"picked":"SKIP","floor":25},{"not_picked":["Entrench","Shrug It Off","Battle Trance+1"],"picked":"SKIP","floor":27},{"not_picked":["Wild Strike","Heavy Blade"],"picked":"Iron Wave","floor":29},{"not_picked":["Perfected Strike","Rage"],"picked":"Whirlwind+1","floor":31}],"player_experience":826501,"relics_obtained":[{"floor":6,"key":"Blue Candle"},{"floor":8,"key":"Dead Branch"},{"floor":9,"key":"HornCleat"},{"floor":10,"key":"PreservedInsect"},{"floor":25,"key":"Smiling Mask"},{"floor":27,"key":"FossilizedHelix"}],"event_choices":[{"damage_healed":0,"gold_gain":0,"player_choice":"Donut","damage_taken":0,"max_hp_gain":5,"max_hp_loss":0,"event_name":"Big Fish","floor":2,"gold_loss":0},{"damage_healed":0,"gold_gain":0,"cards_transformed":["Bash"],"player_choice":"Transformed","damage_taken":0,"max_hp_gain":0,"max_hp_loss":0,"event_name":"Transmorgrifier","floor":12,"gold_loss":0,"cards_obtained":["Pummel"]},{"damage_healed":0,"gold_gain":0,"player_choice":"Bought 0 Potions","damage_taken":0,"max_hp_gain":0,"max_hp_loss":0,"event_name":"The Woman in Blue","floor":19,"gold_loss":0},{"damage_healed":0,"gold_gain":90,"player_choice":"GOLD ","damage_taken":12,"max_hp_gain":0,"max_hp_loss":0,"event_name":"Knowing Skull","floor":28,"potions_obtained":[],"gold_loss":0,"cards_obtained":[]},{"damage_healed":0,"gold_gain":0,"player_choice":"Stopped","damage_taken":9,"max_hp_gain":0,"max_hp_loss":0,"event_name":"Cursed Tome","floor":30,"gold_loss":0}],"is_beta":false,"boss_relics":[{"not_picked":["Fusion Hammer","Calling Bell"],"picked":"Empty Cage"}],"items_purged_floors":[5,20],"is_endless":false,"potions_floor_spawned":[1,7,11,14,16,21,22,24,31],"killed_by":"Champ","ascension_level":5}}