{"host":"873t0y8ybyo38pfq","time":1609446879,"event":{"mods":["BaseMod","Bestiary","Colored Map","Colored Powertips","Highlight Path","Minty Spire (QoL Compilation)","Quick Restart","RNG Fix","Rare Cards Sparkle","Relic Stats","StSLib"],"gold_per_floor":[110,35,51,51,0,0,33,33,33,33,45,71,71,71,71,160,160,180,180,17,17,38,38,78,78,78],"floor_reached":25,"playtime":627,"items_purged":["Doubt"],"score":450,"play_id":"0e6d2887-370f-4727-b17d-4dd8b10a6f7f","local_time":"20201231153439","is_ascension_mode":true,"campfire_choices":[{"data":"Defragment","floor":6,"key":"SMITH"},{"data":"Biased Cognition","floor":8,"key":"SMITH"},{"data":"Electrodynamics","floor":13,"key":"SMITH"},{"data":"Lockon","floor":15,"key":"SMITH"},{"data":"Buffer","floor":23,"key":"SMITH"}],"circlet_count":0,"master_deck":["AscendersBane","Zap","Dualcast","Biased Cognition+1","Defragment+1","Cold Snap","Lockon+1","Darkness","Electrodynamics+1","Amplify","Heatsinks","Undo","Genetic Algorithm","Auto Shields","Buffer+1","Blizzard","Sunder","Stack","Ball Lightning","Writhe","Reinforced Body","Glacier"],"relics":["Cracked Core","Eternal Feather","WingedGreaves","Gremlin Horn","Gambling Chip","Golden Idol","Pandora\u0027s Box","ClockworkSouvenir","Ornamental Fan","Potion Belt"],"acts_visited":["Exordium","TheCity"],"potions_floor_usage":[12,24,24],"damage_taken":[{"damage":10,"enemies":"Small Slimes","floor":1,"turns":3},{"damage":6,"enemies":"2 Louse","floor":3,"turns":3},{"damage":24,"enemies":"Lagavulin","floor":7,"turns":6},{"damage":0,"enemies":"Cultist","floor":11,"turns":3},{"damage":29,"enemies":"Gremlin Nob","floor":12,"turns":4},{"damage":36,"enemies":"The Guardian","floor":16,"turns":10},{"damage":16,"enemies":"Shell Parasite","floor":18,"turns":6},{"damage":26,"enemies":"2 Thieves","floor":22,"turns":3},{"damage":21,"enemies":"Book of Stabbing","floor":24,"turns":5},{"damage":14,"enemies":"Cultist and Chosen","floor":25,"turns":2}],"seed_played":"-4241558476633758674","potions_obtained":[{"floor":1,"key":"DistilledChaos"},{"floor":11,"key":"Weak Potion"},{"floor":16,"key":"FocusPotion"},{"floor":22,"key":"LiquidMemories"}],"is_trial":false,"path_per_floor":["M","$","M","$","?","R","E","R","T","?","M","E","R","?","R","B",null,"M","?","$","?","M","R","E","M"],"character_chosen":"DEFECT","items_purchased":["ClockworkSouvenir"],"campfire_rested":0,"item_purchase_floors":[20],"current_hp_per_floor":[54,54,48,48,48,54,30,39,39,62,62,33,42,42,51,15,52,36,49,49,49,23,35,14,0,0],"gold":78,"neow_bonus":"THREE_RARE_CARDS","is_daily":false,"chose_seed":false,"campfire_upgraded":5,"win_rate":0.0,"timestamp":1609446879,"path_taken":["M","$","M","$","?","R","E","R","T","?","?","E","R","?","R","BOSS","M","?","$","?","M","R","E","M"],"items_purchased_type":["Relic"],"build_version":"2020-12-22","purchased_purges":1,"victory":false,"max_hp_per_floor":[71,71,71,71,71,71,71,71,71,71,71,71,71,64,64,64,64,64,64,64,64,64,64,64,64,64],"relic_stats":{"Gremlin Horn":[1,1],"counters":[10,45],"Golden Idol":34,"Ornamental Fan":[0],"Gambling Chip":[19],"Eternal Feather":45,"Pandora\u0027s Box":["Heatsinks","Undo","Genetic Algorithm","Auto Shields","Buffer","Blizzard","Sunder","Stack"],"obtain_stats":[{"Potion Belt":24,"Gremlin Horn":9,"Golden Idol":14,"Ornamental Fan":21,"Gambling Chip":12,"Eternal Feather":5,"Pandora\u0027s Box":17,"WingedGreaves":7,"Cracked Core":0,"ClockworkSouvenir":20},{"Potion Belt":9,"Gremlin Horn":3,"Golden Idol":5,"Ornamental Fan":7,"Gambling Chip":5,"Eternal Feather":2,"Pandora\u0027s Box":6,"WingedGreaves":3,"Cracked Core":0,"ClockworkSouvenir":7},{"Potion Belt":43,"Gremlin Horn":12,"Golden Idol":19,"Ornamental Fan":35,"Gambling Chip":19,"Eternal Feather":6,"Pandora\u0027s Box":29,"WingedGreaves":12,"Cracked Core":0,"ClockworkSouvenir":35}]},"card_choices":[{"not_picked":["Reboot","Seek"],"picked":"Biased Cognition","floor":0},{"not_picked":["Steam","Cold Snap"],"picked":"Defragment","floor":1},{"not_picked":["Skim","Leap"],"picked":"Cold Snap","floor":3},{"not_picked":["FTL","Rebound"],"picked":"Lockon","floor":7},{"not_picked":["Skim","Go for the Eyes"],"picked":"Darkness","floor":11},{"not_picked":["Undo","Barrage"],"picked":"Electrodynamics","floor":12},{"not_picked":["Reboot","Thunder Strike"],"picked":"Amplify","floor":16},{"not_picked":["Gash","Go for the Eyes"],"picked":"Ball Lightning","floor":18},{"not_picked":["Turbo+1","Beam Cell"],"picked":"Reinforced Body","floor":22},{"not_picked":["Leap","Rip and Tear+1"],"picked":"Glacier","floor":24}],"player_experience":1451960,"relics_obtained":[{"floor":7,"key":"WingedGreaves"},{"floor":9,"key":"Gremlin Horn"},{"floor":12,"key":"Gambling Chip"},{"floor":24,"key":"Potion Belt"}],"event_choices":[{"damage_healed":0,"gold_gain":0,"player_choice":"Paid Gold","damage_taken":0,"relics_obtained":["Eternal Feather"],"max_hp_gain":0,"max_hp_loss":0,"event_name":"WeMeetAgain","floor":5,"gold_loss":51},{"damage_healed":23,"gold_gain":0,"player_choice":"Banana","damage_taken":0,"max_hp_gain":0,"max_hp_loss":0,"event_name":"Big Fish","floor":10,"gold_loss":0},{"damage_healed":0,"gold_gain":0,"player_choice":"Lose Max HP","damage_taken":0,"relics_obtained":["Golden Idol"],"max_hp_gain":0,"max_hp_loss":7,"event_name":"Golden Idol","floor":14,"gold_loss":0},{"damage_healed":13,"gold_gain":0,"player_choice":"Heal","damage_taken":0,"max_hp_gain":0,"max_hp_loss":0,"event_name":"The Library","floor":19,"gold_loss":0},{"damage_healed":0,"gold_gain":0,"player_choice":"Opened","damage_taken":0,"relics_obtained":["Ornamental Fan"],"max_hp_gain":0,"max_hp_loss":0,"event_name":"The Mausoleum","floor":21,"gold_loss":0,"cards_obtained":["Writhe"]}],"is_beta":false,"boss_relics":[{"not_picked":["Cursed Key","Nuclear Battery"],"picked":"Pandora\u0027s Box"}],"items_purged_floors":[2],"is_endless":false,"potions_floor_spawned":[1,11,16,22],"killed_by":"Cultist and Chosen","ascension_level":20}}