{"host":"rmsq46plbpwfbxcc","time":1609431021,"event":{"mods":["AchievementEnabler","BaseMod","Colored Map","Colored Powertips","DeckTracker","KOR Keyword Fix","Minty Spire (QoL Compilation)","Permanent Neow","Quick Restart","SuperFastMode"],"gold_per_floor":[111,111,36,46,60,60,85,85,112,123,150,150,180,200,200,276,276,295,595,664,113,113,113,145,45,45,45,5,5],"floor_reached":28,"playtime":648,"items_purged":["Writhe","Strike_G+1"],"score":484,"play_id":"95e26d01-caf7-4c18-9509-bea4eafe3751","local_time":"20210101011021","is_ascension_mode":true,"campfire_choices":[{"data":"Neutralize","floor":6.0,"key":"SMITH"},{"data":"Footwork","floor":8.0,"key":"SMITH"},{"data":"Noxious Fumes","floor":12.0,"key":"SMITH"},{"floor":15,"key":"REST"},{"floor":23,"key":"REST"}],"circlet_count":0,"master_deck":["AscendersBane","Strike_G+1","Strike_G+1","Strike_G+1","Defend_G+1","Defend_G+1","Defend_G+1","Defend_G+1","Survivor","Neutralize+1","CurseOfTheBell","Dagger Spray","Bullet Time","Footwork+1","PiercingWail","Deadly Poison","Noxious Fumes+1","Catalyst","Sadistic Nature","Blur","Ghostly","Ghostly","Ghostly"],"relics":["Calling Bell","War Paint","Question Card","FossilizedHelix","Dream Catcher","Lantern","Letter Opener","Philosopher\u0027s Stone","Old Coin","StrikeDummy","HornCleat","Ginger","Pocketwatch"],"acts_visited":["Exordium","TheCity"],"potions_floor_usage":[15,18],"damage_taken":[{"damage":2.0,"enemies":"Jaw Worm","floor":1.0,"turns":6.0},{"damage":0.0,"enemies":"Small Slimes","floor":4.0,"turns":4.0},{"damage":0.0,"enemies":"2 Louse","floor":5.0,"turns":2.0},{"damage":10.0,"enemies":"3 Sentries","floor":7.0,"turns":3.0},{"damage":0.0,"enemies":"Exordium Thugs","floor":10.0,"turns":6.0},{"damage":9.0,"enemies":"Lagavulin","floor":11.0,"turns":11.0},{"damage":7,"enemies":"Exordium Wildlife","floor":14,"turns":6},{"damage":10,"enemies":"The Guardian","floor":16,"turns":10},{"damage":35,"enemies":"3 Byrds","floor":18,"turns":4},{"damage":47,"enemies":"Slavers","floor":24,"turns":5},{"damage":12,"enemies":"2 Thieves","floor":28,"turns":1}],"seed_played":"-5010683605270785109","potions_obtained":[{"floor":1.0,"key":"ColorlessPotion"},{"floor":5.0,"key":"BlessingOfTheForge"},{"floor":11.0,"key":"Ancient Potion"},{"floor":14,"key":"Fruit Juice"},{"floor":16,"key":"DistilledChaos"}],"is_trial":false,"path_per_floor":["M","?","?","M","M","R","E","R","T","M","E","R","?","M","R","B",null,"M","?","T","$","?","R","E","$","T","?","M"],"character_chosen":"THE_SILENT","items_purchased":["Sadistic Nature","HornCleat"],"campfire_rested":2,"item_purchase_floors":[21,21],"current_hp_per_floor":[57,50,50,50,50,50,40,40,40,40,31,31,31,24,50,40,63,28,28,28,28,28,49,2,2,2,2,0,0],"gold":5,"neow_bonus":"BOSS_RELIC","is_daily":false,"chose_seed":false,"campfire_upgraded":3,"win_rate":0.0,"timestamp":1609431021,"path_taken":["M","?","?","M","M","R","E","R","T","M","E","R","?","M","R","BOSS","M","?","?","$","?","R","E","$","T","?","M"],"items_purchased_type":["Card","Relic"],"build_version":"2020-12-22","purchased_purges":2,"victory":false,"max_hp_per_floor":[66,66,66,66,66,66,66,66,66,66,66,66,66,66,71,71,71,71,71,71,71,71,71,71,71,71,35,35,35],"card_choices":[{"not_picked":["All Out Attack","Deadly Poison","Dodge and Roll"],"picked":"Dagger Spray","floor":1.0},{"not_picked":["Sucker Punch","Slice","Dodge and Roll"],"picked":"Bullet Time","floor":4.0},{"not_picked":["Sucker Punch","Infinite Blades","PiercingWail"],"picked":"Footwork","floor":5.0},{"not_picked":["Concentrate","Deflect","Well Laid Plans"],"picked":"PiercingWail","floor":7.0},{"not_picked":["Catalyst","Expertise","Tactician"],"picked":"Deadly Poison","floor":10.0},{"not_picked":["Storm of Steel","Acrobatics","Backflip"],"picked":"Noxious Fumes","floor":11.0},{"not_picked":["Flying Knee","Prepared","Underhanded Strike","Poisoned Stab"],"picked":"SKIP","floor":14},{"not_picked":["Endless Agony","Prepared","Quick Slash"],"picked":"Catalyst","floor":15},{"not_picked":["Poisoned Stab","Quick Slash","Expertise","Leg Sweep"],"picked":"SKIP","floor":18},{"not_picked":["Dagger Throw","Reflex","Bane"],"picked":"Blur","floor":23},{"not_picked":["Prepared+1","Sucker Punch+1","Bane","Choke"],"picked":"SKIP","floor":24}],"player_experience":1423534,"relics_obtained":[{"floor":0.0,"key":"War Paint"},{"floor":0.0,"key":"Question Card"},{"floor":0.0,"key":"FossilizedHelix"},{"floor":7.0,"key":"Dream Catcher"},{"floor":9.0,"key":"Lantern"},{"floor":11.0,"key":"Letter Opener"},{"floor":20,"key":"StrikeDummy"},{"floor":24,"key":"Ginger"},{"floor":26,"key":"Pocketwatch"}],"event_choices":[{"cards_removed":["Strike_G"],"damage_healed":0.0,"max_hp_gain":0.0,"max_hp_loss":0.0,"gold_gain":0.0,"event_name":"Golden Wing","player_choice":"Card Removal","floor":2.0,"gold_loss":0.0,"damage_taken":7.0},{"cards_removed":["Defend_G"],"damage_healed":0.0,"max_hp_gain":0.0,"max_hp_loss":0.0,"gold_gain":0.0,"event_name":"The Cleric","player_choice":"Card Removal","floor":3.0,"gold_loss":75.0,"damage_taken":0.0},{"damage_healed":0,"gold_gain":30,"player_choice":"Searched \u00272\u0027 times","damage_taken":0,"max_hp_gain":0,"max_hp_loss":0,"event_name":"Dead Adventurer","floor":13,"gold_loss":0},{"damage_healed":0,"gold_gain":0,"player_choice":"Opened","damage_taken":0,"relics_obtained":["Old Coin"],"max_hp_gain":0,"max_hp_loss":0,"event_name":"The Mausoleum","floor":19,"gold_loss":0,"cards_obtained":["Writhe"]},{"damage_healed":0,"gold_gain":0,"player_choice":"Simplicity","damage_taken":0,"max_hp_gain":0,"max_hp_loss":0,"event_name":"Back to Basics","floor":22,"gold_loss":0,"cards_upgraded":["Strike_G","Strike_G","Strike_G","Strike_G","Defend_G","Defend_G"]},{"damage_healed":0,"gold_gain":0,"player_choice":"Became a Ghost","damage_taken":0,"max_hp_gain":0,"max_hp_loss":36,"event_name":"Ghosts","floor":27,"gold_loss":0,"cards_obtained":["Ghostly","Ghostly","Ghostly"]}],"is_beta":false,"boss_relics":[{"not_picked":["Sozu","Runic Dome"],"picked":"Philosopher\u0027s Stone"}],"items_purged_floors":[21,25],"is_endless":false,"potions_floor_spawned":[1,5,11,14,16],"killed_by":"2 Thieves","ascension_level":20}}