{"host":"f6w7z8zvb0mi4wy9","time":1609438869,"event":{"mods":["BaseMod","Colored Map","Minty Spire (QoL Compilation)","READ ME - Guardian Mod","StSLib","SuperFastMode","The Bug Knight","The Disciple","The Jungle"],"gold_per_floor":[112,112,42,58,68,68,98,98,122,143,143,143,178,203,203,311,311,332,247,247,276,305,335,372,424,436,281,324,324,342,36,36,138,138,158,158,170,181,9,47,47,81,81,81,104,115,142,169,169,169,169,169,96,140,140],"floor_reached":56,"playtime":1615,"items_purged":["Sunder+1","Glacier"],"score":1608,"play_id":"4b39bc23-963b-437c-91c1-1e1d038f8069","local_time":"20210101032109","is_ascension_mode":true,"campfire_choices":[{"data":"Sunder","floor":6,"key":"SMITH"},{"data":"Zap","floor":8,"key":"SMITH"},{"data":"Dualcast","floor":11,"key":"SMITH"},{"data":"Beam Cell","floor":15,"key":"SMITH"},{"data":"Hologram","floor":29,"key":"SMITH"},{"data":"Deep Breath","floor":32,"key":"SMITH"},{"data":"Streamline","floor":41,"key":"SMITH"},{"floor":44,"key":"RECALL"},{"data":"Madness","floor":49,"key":"SMITH"},{"data":"Trip","floor":52,"key":"SMITH"}],"circlet_count":0,"master_deck":["Strike_B","Strike_B","Strike_B","Strike_B","Defend_B+1","Defend_B","Defend_B","Defend_B","Zap+1","Dualcast+1","Panacea+1","Leap","Beam Cell+1","All For One","Streamline+1","Beam Cell","Steam","All For One","Coolheaded+1","Beam Cell","Hologram+1","Scrape+1","Double Energy+1","Gash","Go for the Eyes","Good Instincts","BootSequence","Deep Breath+1","White Noise+1","Flash of Steel","Beam Cell","Static Discharge+1","Go for the Eyes","Trip+1","Madness+1","Dark Shackles","Steam+1","Dramatic Entrance","Hologram+1"],"relics":["Cracked Core","FaceOfCleric","HollowMod:PaleOreRelic","PreservedInsect","Odd Mushroom","CeramicFish","Blood Vial","Sozu","War Paint","Shuriken","MawBank","Mummified Hand","Unceasing Top","Eternal Feather","Medical Kit","Philosopher\u0027s Stone","Pear","Juzu Bracelet","Happy Flower"],"acts_visited":["Exordium","TheCity","TheBeyond","TheEnding"],"potions_floor_usage":[10,24,55],"damage_taken":[{"damage":0,"enemies":"Cultist","floor":1,"turns":3},{"damage":0,"enemies":"2 Louse","floor":4,"turns":2},{"damage":3,"enemies":"Small Slimes","floor":5,"turns":3},{"damage":0,"enemies":"Lagavulin","floor":7,"turns":6},{"damage":22,"enemies":"The Mushroom Lair","floor":10,"turns":3},{"damage":0,"enemies":"Gremlin Nob","floor":13,"turns":2},{"damage":10,"enemies":"Exordium Thugs","floor":14,"turns":2},{"damage":6,"enemies":"Slime Boss","floor":16,"turns":9},{"damage":16,"enemies":"3 Byrds","floor":18,"turns":5},{"damage":0,"enemies":"2 Thieves","floor":21,"turns":2},{"damage":10,"enemies":"Centurion and Healer","floor":22,"turns":5},{"damage":25,"enemies":"Gremlin Leader","floor":23,"turns":4},{"damage":9,"enemies":"Snake Plant","floor":24,"turns":3},{"damage":10,"enemies":"Slavers","floor":25,"turns":3},{"damage":4,"enemies":"Book of Stabbing","floor":28,"turns":3},{"damage":0,"enemies":"3 Cultists","floor":30,"turns":3},{"damage":0,"enemies":"Champ","floor":33,"turns":4},{"damage":0,"enemies":"Orb Walker","floor":35,"turns":2},{"damage":1,"enemies":"3 Shapes","floor":37,"turns":5},{"damage":9,"enemies":"3 Darklings","floor":38,"turns":4},{"damage":0,"enemies":"Nemesis","floor":40,"turns":1},{"damage":0,"enemies":"Reptomancer","floor":42,"turns":3},{"damage":0,"enemies":"Sphere and 2 Shapes","floor":45,"turns":2},{"damage":0,"enemies":"Spire Growth","floor":46,"turns":2},{"damage":0,"enemies":"Jaw Worm Horde","floor":48,"turns":2},{"damage":23,"enemies":"Awakened One","floor":50,"turns":5},{"damage":0,"enemies":"Shield and Spear","floor":54,"turns":2},{"damage":70,"enemies":"The Heart","floor":55,"turns":5}],"seed_played":"1486419653695049978","potions_obtained":[{"floor":7,"key":"SteroidPotion"},{"floor":10,"key":"Fire Potion"},{"floor":16,"key":"Block Potion"}],"is_trial":false,"path_per_floor":["M","?","$","M","M","R","E","R","T","?","R","?","E","M","R","B",null,"M","?","T","M","M","E","M","E","T","$","E","R","M","$","R","B",null,"M","$","M","M","$","E","R","E","T","R","M","M","?","M","R","B",null,"R","$","E","B",null],"character_chosen":"DEFECT","items_purchased":["Sunder","Gash","Go for the Eyes","Good Instincts","Medical Kit","Deep Breath","Flash of Steel","Dramatic Entrance"],"campfire_rested":0,"item_purchase_floors":[3,27,27,27,31,31,39,53],"current_hp_per_floor":[75,75,75,76,74,74,75,75,75,54,54,42,43,36,36,33,82,67,67,67,70,63,41,35,28,28,28,27,42,45,45,60,63,91,92,92,92,85,85,98,105,106,106,106,107,108,98,101,109,87,110,110,110,111,42],"gold":140,"neow_bonus":"RANDOM_COLORLESS","is_daily":false,"chose_seed":false,"campfire_upgraded":9,"win_rate":0.0,"timestamp":1609438869,"path_taken":["M","?","?","?","M","R","E","R","T","?","R","?","E","M","R","BOSS","M","?","?","M","M","E","M","E","T","$","E","R","M","$","R","BOSS","M","$","M","M","$","E","R","E","T","R","M","M","?","M","R","BOSS","R","$","E","BOSS"],"items_purchased_type":["Card","Card","Card","Card","Relic","Card","Card","Card"],"build_version":"2020-12-22","purchased_purges":2,"victory":true,"max_hp_per_floor":[75,75,75,76,77,77,78,78,78,79,79,79,80,81,81,82,82,83,83,83,84,85,86,87,88,88,88,89,89,90,90,90,91,91,92,92,93,94,94,105,105,106,106,106,107,108,108,109,109,110,110,110,110,111,112],"card_choices":[{"not_picked":["Blind","Forethought"],"picked":"Panacea","floor":0},{"not_picked":["Blizzard","Consume"],"picked":"Leap","floor":1},{"not_picked":["Steam","Barrage"],"picked":"Glacier","floor":4},{"not_picked":["Go for the Eyes","Sunder"],"picked":"Beam Cell","floor":5},{"not_picked":["Gash","Steam"],"picked":"All For One","floor":7},{"not_picked":["Recycle","Coolheaded"],"picked":"Streamline","floor":10},{"not_picked":["Loop","Ball Lightning"],"picked":"Beam Cell","floor":13},{"not_picked":["Leap","Turbo"],"picked":"Steam","floor":14},{"not_picked":["Amplify","Thunder Strike"],"picked":"All For One","floor":16},{"not_picked":["Reinforced Body+1","Stack"],"picked":"Coolheaded+1","floor":18},{"not_picked":["Stack+1","Redo"],"picked":"Beam Cell","floor":21},{"not_picked":["Redo","Compile Driver"],"picked":"Hologram","floor":22},{"not_picked":["Doom and Gloom","Leap","Static Discharge"],"picked":"SKIP","floor":23},{"not_picked":["Ball Lightning+1","Rebound+1"],"picked":"Scrape+1","floor":24},{"not_picked":["Skim","Lockon+1"],"picked":"Double Energy+1","floor":25},{"not_picked":["Consume","Defragment"],"picked":"BootSequence","floor":28},{"not_picked":["Leap","Electrodynamics","Auto Shields"],"picked":"SKIP","floor":30},{"not_picked":["Streamline","Steam"],"picked":"White Noise+1","floor":35},{"not_picked":["Redo","Cold Snap","Aggregate+1"],"picked":"SKIP","floor":37},{"not_picked":["Coolheaded+1","Compile Driver+1","Stack+1"],"picked":"SKIP","floor":38},{"not_picked":["Creative AI","Genetic Algorithm"],"picked":"Beam Cell","floor":40},{"not_picked":["Streamline+1","Skim+1"],"picked":"Static Discharge+1","floor":42},{"not_picked":["Rebound+1","BootSequence+1"],"picked":"Go for the Eyes","floor":45},{"not_picked":["Consume+1","Scrape","Cold Snap+1"],"picked":"SKIP","floor":46},{"not_picked":["Metamorphosis","Magnetism"],"picked":"Trip","floor":47},{"not_picked":["PanicButton","Flash of Steel"],"picked":"Madness","floor":47},{"not_picked":["Deep Breath","Metamorphosis"],"picked":"Dark Shackles","floor":47},{"not_picked":["Beam Cell","Loop"],"picked":"Steam+1","floor":48},{"not_picked":["Barrage","Auto Shields"],"picked":"Hologram+1","floor":54}],"player_experience":847061,"relics_obtained":[{"floor":7,"key":"HollowMod:PaleOreRelic"},{"floor":9,"key":"PreservedInsect"},{"floor":10,"key":"Odd Mushroom"},{"floor":13,"key":"Blood Vial"},{"floor":20,"key":"Shuriken"},{"floor":23,"key":"MawBank"},{"floor":25,"key":"Mummified Hand"},{"floor":26,"key":"Unceasing Top"},{"floor":28,"key":"Eternal Feather"},{"floor":40,"key":"Pear"},{"floor":42,"key":"Juzu Bracelet"},{"floor":54,"key":"Happy Flower"}],"event_choices":[{"damage_healed":0,"gold_gain":0,"player_choice":"Trade","damage_taken":0,"relics_obtained":["FaceOfCleric"],"max_hp_gain":0,"max_hp_loss":0,"event_name":"FaceTrader","floor":2,"gold_loss":0},{"damage_healed":0,"gold_gain":0,"player_choice":"Fought Mushrooms","damage_taken":0,"max_hp_gain":0,"max_hp_loss":0,"event_name":"Mushrooms","floor":10,"gold_loss":0},{"damage_healed":0,"gold_gain":0,"player_choice":"Success","damage_taken":12,"relics_obtained":["CeramicFish"],"max_hp_gain":0,"max_hp_loss":0,"event_name":"Scrap Ooze","floor":12,"gold_loss":0},{"damage_healed":0,"gold_gain":0,"player_choice":"Obtained Relic","damage_taken":0,"relics_obtained":["War Paint"],"max_hp_gain":0,"max_hp_loss":0,"event_name":"Addict","floor":19,"gold_loss":85},{"damage_healed":0,"gold_gain":0,"player_choice":"Memory 3","damage_taken":10,"max_hp_gain":0,"max_hp_loss":0,"event_name":"SensoryStone","floor":47,"gold_loss":0}],"is_beta":false,"boss_relics":[{"not_picked":["Velvet Choker","Fusion Hammer"],"picked":"Sozu"},{"not_picked":["Cursed Key","Coffee Dripper"],"picked":"Philosopher\u0027s Stone"}],"items_purged_floors":[31,39],"is_endless":false,"potions_floor_spawned":[7,10,16,21,25,28,30,38,40,42,46,48],"ascension_level":1}}