{"host":"mcdusr64esz012l0","time":1609390726,"event":{"mods":["BaseMod","Minty Spire (QoL Compilation)","Relic Stats"],"gold_per_floor":[209,229,241,2,77,77,77,109,133,133,165,39,39,58,58,137,137,155,155,165,184,199,199,219,219,219,219,232,249,249,124,124,196,196,214,43,54,79,79,79,105,121,145,145,145,145],"floor_reached":45,"playtime":2340,"items_purged":["Strike_P","Strike_P","Strike_P"],"score":981,"play_id":"3843eb8f-b5bf-4e38-9176-f552298fcf8d","local_time":"20201230235846","is_ascension_mode":true,"campfire_choices":[{"floor":6,"key":"REST"},{"floor":10,"key":"REST"},{"data":"MentalFortress","floor":15,"key":"SMITH"},{"floor":23,"key":"REST"},{"data":"Vault","floor":27,"key":"SMITH"},{"data":"EmptyFist","floor":30,"key":"SMITH"},{"floor":32,"key":"REST"},{"floor":40,"key":"REST"},{"floor":44,"key":"REST"}],"circlet_count":0,"master_deck":["AscendersBane","Defend_P","Defend_P","Defend_P","Defend_P","Eruption","Vigilance","FlurryOfBlows","ThirdEye","MentalFortress+1","FearNoEvil","LikeWater","EmptyFist+1","Vengeance","Vault+1","FlurryOfBlows","RitualDagger","Halt","BowlingBash","Omniscience","WaveOfTheHand+1","CutThroughFate","Meditate"],"relics":["PureWater","Dream Catcher","Bronze Scales","Blood Vial","Philosopher\u0027s Stone","Damaru","Sozu","OrangePellets","Mango","Nunchaku","Bag of Preparation"],"acts_visited":["Exordium","TheCity","TheBeyond"],"potions_floor_usage":[11,16,18,21,22,24,33,33],"damage_taken":[{"damage":1,"enemies":"Cultist","floor":1,"turns":3},{"damage":2,"enemies":"2 Louse","floor":2,"turns":2},{"damage":0,"enemies":"Small Slimes","floor":3,"turns":1},{"damage":28,"enemies":"Lagavulin","floor":8,"turns":6},{"damage":8,"enemies":"3 Sentries","floor":11,"turns":6},{"damage":0,"enemies":"Blue Slaver","floor":14,"turns":4},{"damage":48,"enemies":"Hexaghost","floor":16,"turns":11},{"damage":11,"enemies":"Chosen","floor":18,"turns":6},{"damage":0,"enemies":"Spheric Guardian","floor":20,"turns":4},{"damage":12,"enemies":"Snecko","floor":21,"turns":3},{"damage":18,"enemies":"3 Cultists","floor":22,"turns":6},{"damage":24,"enemies":"Cultist and Chosen","floor":24,"turns":7},{"damage":12,"enemies":"Snake Plant","floor":28,"turns":5},{"damage":15,"enemies":"Centurion and Healer","floor":29,"turns":5},{"damage":63,"enemies":"Collector","floor":33,"turns":6},{"damage":23,"enemies":"3 Darklings","floor":35,"turns":4},{"damage":0,"enemies":"Orb Walker","floor":37,"turns":1},{"damage":0,"enemies":"Mind Bloom Boss Battle","floor":38,"turns":3},{"damage":34,"enemies":"Giant Head","floor":41,"turns":8},{"damage":16,"enemies":"4 Shapes","floor":42,"turns":8},{"damage":65,"enemies":"Reptomancer","floor":45,"turns":7}],"seed_played":"-5554848018450950577","potions_obtained":[{"floor":2,"key":"Explosive Potion"},{"floor":11,"key":"Regen Potion"},{"floor":14,"key":"Fire Potion"},{"floor":16,"key":"Block Potion"},{"floor":20,"key":"BottledMiracle"},{"floor":22,"key":"SteroidPotion"},{"floor":24,"key":"FearPotion"},{"floor":28,"key":"CultistPotion"}],"is_trial":false,"path_per_floor":["M","M","M","$","?","R","?","E","T","R","E","$","?","M","R","B",null,"M","?","M","M","M","R","M","?","T","R","M","M","R","$","R","B",null,"M","$","M","?","?","R","E","M","T","R","E"],"character_chosen":"WATCHER","items_purchased":["MentalFortress","FearNoEvil","EmptyFist","OrangePellets"],"campfire_rested":6,"item_purchase_floors":[4,4,12,36],"current_hp_per_floor":[60,58,58,58,47,67,60,32,32,52,44,44,49,51,51,20,60,51,45,47,37,21,42,20,83,83,83,71,58,58,58,82,20,67,46,46,48,64,64,93,61,47,47,76,13,13],"gold":145,"neow_bonus":"HUNDRED_GOLD","is_daily":false,"chose_seed":false,"campfire_upgraded":3,"win_rate":0.0,"timestamp":1609390726,"path_taken":["M","M","M","$","?","R","?","E","T","R","E","$","?","M","R","BOSS","M","?","M","M","M","R","M","?","T","R","?","M","R","$","R","BOSS","M","$","M","?","?","R","E","M","T","R","E"],"items_purchased_type":["Card","Card","Card","Relic"],"build_version":"2020-12-22","purchased_purges":3,"victory":false,"max_hp_per_floor":[68,68,68,68,68,68,68,68,68,68,68,68,73,73,73,73,73,73,73,73,73,73,73,73,83,83,83,83,83,83,83,83,83,83,83,83,83,97,97,97,97,97,97,97,97,97],"relic_stats":{"Blood Vial":29,"Sozu":3,"OrangePellets":[0],"Dream Catcher":5,"Nunchaku":[2],"counters":[21,106],"Bronze Scales":[227],"Bag of Preparation":[2],"obtain_stats":[{"Blood Vial":11,"Sozu":34,"OrangePellets":36,"Dream Catcher":8,"Nunchaku":41,"Bronze Scales":9,"Damaru":26,"Philosopher\u0027s Stone":17,"Mango":38,"Bag of Preparation":43,"PureWater":0},{"Blood Vial":5,"Sozu":15,"OrangePellets":16,"Dream Catcher":4,"Nunchaku":19,"Bronze Scales":4,"Damaru":12,"Philosopher\u0027s Stone":7,"Mango":18,"Bag of Preparation":20,"PureWater":0},{"Blood Vial":18,"Sozu":75,"OrangePellets":79,"Dream Catcher":12,"Nunchaku":91,"Bronze Scales":12,"Damaru":59,"Philosopher\u0027s Stone":33,"Mango":83,"Bag of Preparation":99,"PureWater":0}]},"card_choices":[{"not_picked":["Protect","Crescendo"],"picked":"FlurryOfBlows","floor":1},{"not_picked":["Fasting2","Worship"],"picked":"ThirdEye","floor":2},{"not_picked":["Wireheading","Prostrate","Fasting2"],"picked":"SKIP","floor":3},{"not_picked":["Adaptation","ReachHeaven"],"picked":"SashWhip","floor":8},{"not_picked":["Halt","PathToVictory"],"picked":"LikeWater","floor":10},{"not_picked":["Study","BattleHymn","Sanctity"],"picked":"SKIP","floor":11},{"not_picked":["BowlingBash","Study"],"picked":"Vengeance","floor":14},{"not_picked":["DevaForm","MasterReality"],"picked":"Vault","floor":16},{"not_picked":["FollowUp","CrushJoints"],"picked":"FlurryOfBlows","floor":18},{"not_picked":["Vengeance+1","Collect","EmptyBody"],"picked":"SKIP","floor":20},{"not_picked":["FollowUp","Conclude","ClearTheMind"],"picked":"SKIP","floor":21},{"not_picked":["Worship","Consecrate+1"],"picked":"Halt","floor":22},{"not_picked":["Consecrate","PathToVictory"],"picked":"Blasphemy","floor":24},{"not_picked":["Crescendo","CrushJoints","FlyingSleeves"],"picked":"SKIP","floor":28},{"not_picked":["Conclude+1","WreathOfFlame","ForeignInfluence"],"picked":"SKIP","floor":29},{"not_picked":["SignatureMove","Pray"],"picked":"BowlingBash","floor":32},{"not_picked":["Establishment","Alpha"],"picked":"Omniscience","floor":33},{"not_picked":["ReachHeaven","WheelKick","Fasting2+1"],"picked":"SKIP","floor":35},{"not_picked":["Conclude","JustLucky+1","CarveReality"],"picked":"SKIP","floor":37},{"not_picked":["BowlingBash","EmptyMind+1"],"picked":"WaveOfTheHand+1","floor":38},{"not_picked":["ThirdEye","Consecrate"],"picked":"CutThroughFate","floor":40},{"not_picked":["WheelKick","JustLucky"],"picked":"Meditate","floor":41},{"not_picked":["ClearTheMind","FollowUp","WreathOfFlame"],"picked":"SKIP","floor":42}],"player_experience":1019770,"relics_obtained":[{"floor":8,"key":"Dream Catcher"},{"floor":9,"key":"Bronze Scales"},{"floor":11,"key":"Blood Vial"},{"floor":26,"key":"Damaru"},{"floor":38,"key":"Mango"},{"floor":41,"key":"Nunchaku"},{"floor":43,"key":"Bag of Preparation"}],"event_choices":[{"damage_healed":0,"gold_gain":75,"player_choice":"Gather Gold","damage_taken":11,"max_hp_gain":0,"max_hp_loss":0,"event_name":"World of Goop","floor":5,"gold_loss":0},{"cards_removed":["Strike_P"],"damage_healed":0,"gold_gain":0,"player_choice":"Card Removal","damage_taken":7,"max_hp_gain":0,"max_hp_loss":0,"event_name":"Golden Wing","floor":7,"gold_loss":0},{"damage_healed":0,"gold_gain":0,"player_choice":"Donut","damage_taken":0,"max_hp_gain":5,"max_hp_loss":0,"event_name":"Big Fish","floor":13,"gold_loss":0},{"damage_healed":0,"gold_gain":0,"player_choice":"Joined the Cult","damage_taken":6,"max_hp_gain":0,"max_hp_loss":0,"event_name":"Nest","floor":19,"gold_loss":0,"cards_obtained":["RitualDagger"]},{"cards_removed":["Blasphemy"],"damage_healed":53,"gold_gain":0,"player_choice":"Offered Rare","damage_taken":0,"max_hp_gain":10,"max_hp_loss":0,"event_name":"Bonfire Elementals","floor":25,"gold_loss":0},{"damage_healed":0,"gold_gain":0,"player_choice":"Fight","damage_taken":0,"max_hp_gain":0,"max_hp_loss":0,"event_name":"MindBloom","floor":38,"gold_loss":0},{"cards_removed":["SashWhip"],"damage_healed":0,"gold_gain":0,"player_choice":"Removed Attack","damage_taken":0,"max_hp_gain":0,"max_hp_loss":0,"event_name":"Falling","floor":39,"gold_loss":0}],"is_beta":false,"boss_relics":[{"not_picked":["Snecko Eye","SacredBark"],"picked":"Philosopher\u0027s Stone"},{"not_picked":["Calling Bell","Tiny House"],"picked":"Sozu"}],"items_purged_floors":[4,12,31],"is_endless":false,"potions_floor_spawned":[2,11,14,16,20,22,24,28,29,38,41,42],"killed_by":"Reptomancer","ascension_level":20}}