{"host":"mqhvlr3kpxebko0t","time":1609425765,"event":{"mods":["AchievementEnabler","BaseMod","Colored Map","Colored Powertips","KOR Keyword Fix","Keyboard Shortcuts","Minty Spire (QoL Compilation)","StSLib","SuperFastMode"],"gold_per_floor":[116,116,41,41,41,69,69,103,151,168,185,185,216,231,231,231,231],"floor_reached":16,"playtime":173,"items_purged":["Strike_G"],"score":302,"play_id":"9f2e04ee-ae43-4241-b90d-c5bf77cf9d85","local_time":"20201231234245","is_ascension_mode":true,"campfire_choices":[{"data":"Blade Dance","floor":7,"key":"SMITH"},{"data":"Terror","floor":12,"key":"SMITH"},{"data":"Prepared","floor":15,"key":"SMITH"}],"circlet_count":0,"master_deck":["AscendersBane","Strike_G","Strike_G","Strike_G","Defend_G","Defend_G","Defend_G","Defend_G","Defend_G","Survivor","Neutralize","Blade Dance+1","Storm of Steel","Prepared+1","Masterful Stab","Terror+1","Blur"],"relics":["Ring of the Snake","NeowsBlessing","Matryoshka","Strawberry","Shuriken","Tiny Chest","Art of War","PreservedInsect","Molten Egg 2"],"acts_visited":["Exordium"],"potions_floor_usage":[10,14],"damage_taken":[{"damage":0,"enemies":"2 Louse","floor":1,"turns":1},{"damage":0,"enemies":"Lagavulin","floor":6,"turns":1},{"damage":0,"enemies":"Gremlin Nob","floor":8,"turns":1},{"damage":0,"enemies":"Cultist","floor":10,"turns":2},{"damage":0,"enemies":"Jaw Worm","floor":11,"turns":3},{"damage":20,"enemies":"3 Sentries","floor":13,"turns":5},{"damage":0,"enemies":"Lots of Slimes","floor":14,"turns":2},{"damage":27,"enemies":"Slime Boss","floor":16,"turns":5}],"seed_played":"-2062950291192282709","potions_obtained":[{"floor":6,"key":"Explosive Potion"},{"floor":8,"key":"CunningPotion"},{"floor":13,"key":"Poison Potion"}],"is_trial":false,"path_per_floor":["M","?","$","?","?","E","R","E","T","M","M","R","E","M","R","B"],"character_chosen":"THE_SILENT","items_purchased":[],"campfire_rested":0,"item_purchase_floors":[],"current_hp_per_floor":[59,59,59,33,40,40,40,40,40,40,40,40,20,20,20,0,0],"gold":231,"neow_bonus":"THREE_ENEMY_KILL","is_daily":false,"chose_seed":false,"campfire_upgraded":3,"win_rate":0.0,"timestamp":1609425765,"path_taken":["M","?","$","?","?","E","R","E","T","M","?","R","E","M","R","BOSS"],"items_purchased_type":[],"build_version":"2020-12-22","purchased_purges":1,"victory":false,"max_hp_per_floor":[66,66,66,66,73,73,73,73,73,73,73,73,73,73,73,73,73],"card_choices":[{"not_picked":["Flying Knee","Setup"],"picked":"Blade Dance","floor":1},{"not_picked":["Outmaneuver","All Out Attack","Storm of Steel"],"picked":"SKIP","floor":6},{"not_picked":["Dodge and Roll","All Out Attack"],"picked":"Prepared","floor":8},{"not_picked":["Endless Agony","Crippling Poison"],"picked":"Masterful Stab","floor":10},{"not_picked":["Blur","Concentrate"],"picked":"Terror","floor":11},{"not_picked":["Eviscerate+1","Quick Slash+1"],"picked":"Blur","floor":13},{"not_picked":["Flying Knee+1","Dagger Throw+1","Slice+1"],"picked":"SKIP","floor":14}],"player_experience":686778,"relics_obtained":[{"floor":5,"key":"Strawberry"},{"floor":6,"key":"Shuriken"},{"floor":8,"key":"Tiny Chest"},{"floor":9,"key":"Art of War"},{"floor":9,"key":"PreservedInsect"},{"floor":13,"key":"Molten Egg 2"}],"event_choices":[{"damage_healed":0,"gold_gain":0,"cards_transformed":["Strike_G"],"player_choice":"Change","damage_taken":0,"max_hp_gain":0,"max_hp_loss":0,"event_name":"Living Wall","floor":2,"gold_loss":0,"cards_obtained":["Storm of Steel"]},{"damage_healed":0,"gold_gain":0,"player_choice":"Success","damage_taken":26,"relics_obtained":["Matryoshka"],"max_hp_gain":0,"max_hp_loss":0,"event_name":"Scrap Ooze","floor":4,"gold_loss":0},{"damage_healed":0,"gold_gain":0,"player_choice":"Relic","damage_taken":0,"max_hp_gain":0,"max_hp_loss":0,"event_name":"Wheel of Change","floor":5,"gold_loss":0}],"is_beta":false,"boss_relics":[],"items_purged_floors":[3],"is_endless":false,"potions_floor_spawned":[6,8,13],"killed_by":"Slime Boss","ascension_level":16}}