{"host":"igj4vwc42ivwqexo","time":1609423734,"event":{"mods":["BaseMod","Better Third Choice","Koishi","Marisa????????","Minty Spire (QoL Compilation)","Shop Mod","StSLib","The Blue Laboratory","The Disciple","The Hierophant","The Servant 0.9.4"],"gold_per_floor":[110,123,136,86,97,97,97,137,137,137,137,153,171,252,252,371,371,389,389,389,304,86,86,86],"floor_reached":23,"playtime":1985,"items_purged":[],"score":208,"play_id":"8c685230-16fa-4dd2-aabf-fd9cc5934803","local_time":"20201231150854","is_ascension_mode":true,"campfire_choices":[{"data":"ClearTheMind","floor":6,"key":"SMITH"},{"data":"WindmillStrike","floor":11,"key":"SMITH"},{"floor":15,"key":"REST"}],"circlet_count":0,"master_deck":["Eruption+1","Vigilance","ClearTheMind+1","EmptyFist","FearNoEvil+1","Indignation","WindmillStrike+1","EmptyBody","Vengeance","Tantrum","Study","MasterReality","FearNoEvil","FollowUp","CutThroughFate","Wish","ClearTheMind","Master of Strategy","Evaluate"],"relics":["PureWater","Golden Idol","Juzu Bracelet","Shuriken","Letter Opener","Pandora\u0027s Box","MutagenicStrength","Kunai"],"acts_visited":["Exordium","TheCity"],"potions_floor_usage":[8,16],"damage_taken":[{"damage":4,"enemies":"Small Slimes","floor":1,"turns":4},{"damage":0,"enemies":"Jaw Worm","floor":2,"turns":3},{"damage":0,"enemies":"2 Louse","floor":3,"turns":2},{"damage":0,"enemies":"2 Fungi Beasts","floor":5,"turns":3},{"damage":27,"enemies":"3 Sentries","floor":8,"turns":9},{"damage":6,"enemies":"Looter","floor":12,"turns":3},{"damage":0,"enemies":"3 Louse","floor":13,"turns":4},{"damage":10,"enemies":"The Guardian","floor":16,"turns":9},{"damage":22,"enemies":"2 Thieves","floor":18,"turns":2},{"damage":6,"enemies":"Book of Stabbing","floor":23,"turns":2}],"seed_played":"-3818226916318140671","potions_obtained":[{"floor":2,"key":"LiquidMemories"},{"floor":12,"key":"blueLaboratory:FaithlessPotion"},{"floor":13,"key":"blueLaboratory:PressurePotion"},{"floor":16,"key":"DuplicationPotion"},{"floor":18,"key":"Swift Potion"}],"is_trial":false,"path_per_floor":["M","M","M","?","M","R","?","E","T","?","R","M","M","T","R","B",null,"M","?","?","?","$","E"],"character_chosen":"WATCHER","items_purchased":["Master of Strategy","Evaluate"],"campfire_rested":1,"item_purchase_floors":[22,22],"current_hp_per_floor":[75,75,75,75,75,75,56,29,29,13,13,7,7,7,30,20,79,57,57,57,57,57,51,51],"gold":86,"neow_bonus":"TEN_PERCENT_HP_BONUS","is_daily":false,"chose_seed":false,"campfire_upgraded":2,"win_rate":0.0,"timestamp":1609423734,"path_taken":["M","M","M","?","M","R","?","E","T","?","R","M","M","?","R","BOSS","M","?","?","?","?","E"],"items_purchased_type":["Card","Card"],"build_version":"2020-12-22","purchased_purges":0,"victory":false,"max_hp_per_floor":[79,79,79,79,79,79,79,79,79,79,79,79,79,79,79,79,79,79,79,79,79,79,79,79],"card_choices":[{"not_picked":["Consecrate","JustLucky"],"picked":"ClearTheMind","floor":1},{"not_picked":["Halt","EmptyBody"],"picked":"EmptyFist","floor":2},{"not_picked":["Swivel","JustLucky"],"picked":"FearNoEvil","floor":3},{"not_picked":["FlurryOfBlows","CarveReality"],"picked":"Indignation","floor":5},{"not_picked":["EmptyMind","WaveOfTheHand"],"picked":"WindmillStrike","floor":8},{"not_picked":["JustLucky","Protect"],"picked":"EmptyBody","floor":12},{"not_picked":["PathToVictory","EmptyMind"],"picked":"Vengeance","floor":13},{"not_picked":["DevaForm","Blasphemy"],"picked":"LessonLearned","floor":16},{"not_picked":["BowlingBash","Meditate"],"picked":"ClearTheMind","floor":18}],"player_experience":273401,"relics_obtained":[{"floor":8,"key":"Juzu Bracelet"},{"floor":9,"key":"Shuriken"},{"floor":14,"key":"Letter Opener"}],"event_choices":[{"cards_removed":["Strike_P"],"damage_healed":0,"gold_gain":0,"player_choice":"Card Removal","damage_taken":0,"max_hp_gain":0,"max_hp_loss":0,"event_name":"The Cleric","floor":4,"gold_loss":50},{"damage_healed":0,"gold_gain":0,"player_choice":"Take Damage","damage_taken":19,"relics_obtained":["Golden Idol"],"max_hp_gain":0,"max_hp_loss":0,"event_name":"Golden Idol","floor":7,"gold_loss":0},{"damage_healed":29,"gold_gain":0,"player_choice":"Upgrade","damage_taken":16,"max_hp_gain":0,"max_hp_loss":79,"event_name":"betterThird:BetterShining","floor":10,"gold_loss":0,"cards_upgraded":["FearNoEvil","Eruption"]},{"cards_removed":["LessonLearned"],"damage_healed":0,"gold_gain":0,"player_choice":"Elegance","damage_taken":0,"max_hp_gain":0,"max_hp_loss":0,"event_name":"betterThird:BetterWriting","floor":19,"gold_loss":0},{"damage_healed":0,"gold_gain":0,"player_choice":"Inject Mutagens","damage_taken":0,"relics_obtained":["MutagenicStrength"],"max_hp_gain":0,"max_hp_loss":0,"event_name":"Drug Dealer","floor":20,"gold_loss":0},{"damage_healed":0,"gold_gain":0,"player_choice":"Obtained Relic","damage_taken":0,"relics_obtained":["Kunai"],"max_hp_gain":0,"max_hp_loss":0,"event_name":"Addict","floor":21,"gold_loss":85}],"is_beta":false,"boss_relics":[{"not_picked":["Runic Pyramid","Empty Cage"],"picked":"Pandora\u0027s Box"}],"items_purged_floors":[],"is_endless":false,"potions_floor_spawned":[2,12,13,16,18],"killed_by":"Book of Stabbing","ascension_level":2}}