{"host":"cgv4xfjbrthxr81g","time":1609377816,"event":{"mods":["2.2 Compatiblity","Act Like it!","BaseMod","Bestiary","Better Altar","Better Match","Better Note","Better Sensory Stone","Better Skull","Better Third Choice","BetterRewards","Block Reminder","Card Forge","Clawfect","Colored Map","Colored Powertips","Curses Come First","DeckTracker","Defuse TimeMaze Blight","Downfall","Energized Spire","Evolution","Friendly Minions","Hallownest","Highlight Path","Hubris","Infinite Spire","Mimic Mod","Minty Spire (QoL Compilation)","Permanent Neow","Quick Restart","Rare Cards Sparkle","Relic Sorter","Relic Stats","Replay The Spire","Robot Space Explorer","Shop Mod","Spicy Shops","StSLib","SuperFastMode","The Bug Knight","The Caster","The Construct","The Jungle","TheVacant","Uncapped","Wandering Minibosses"],"gold_per_floor":[116,116,116,134,309,309,339,339,339,339,358,358,375,21,21,118,118,128,128,227,227,227,227,227],"floor_reached":23,"playtime":735,"items_purged":["infinitespire:Pacifist"],"score":299,"play_id":"fcd3dabe-8d96-4964-9e88-5c0e341ed858","local_time":"20201230202336","is_ascension_mode":true,"campfire_choices":[{"data":"construct:AttackMode","floor":6,"key":"SMITH"},{"floor":8,"key":"REST"},{"floor":12,"key":"REST"},{"floor":15,"key":"REST"}],"circlet_count":0,"master_deck":["construct:FocusedBeam","construct:Strike_Gold+1","construct:Strike_Gold+1","construct:Strike_Gold+1","construct:Strike_Gold+1","construct:Defend_Gold+1","construct:Defend_Gold+1","construct:Defend_Gold+1","construct:Defend_Gold+1","construct:AttackMode+1","construct:DefenseMode","construct:Autoturret","Tempest","construct:FocusedBeam","construct:FlameCore","construct:ShieldGenerator","construct:Autoturret","Doubt","construct:Reinforce","construct:PointDefense"],"relics":["construct:Cogwheel","construct:Challenge1","Hammer of Thor","Seething Fire","Anvil of the Gods","EVO:Axolotl","ReplayTheSpireMod:TigerMarble","Nunchaku","Pantograph","hubris:TenFootPole","ReplayTheSpireMod:CursedCoin","ReplayTheSpireMod:Lightbulb","MerchantsRug","Oddly Smooth Stone","SacredBark"],"acts_visited":["Exordium","TheCity"],"potions_floor_usage":[7],"damage_taken":[{"damage":5,"enemies":"2 Louse","floor":1,"turns":2},{"damage":13,"enemies":"Small Slimes","floor":4,"turns":2},{"damage":33,"enemies":"Gremlin Nob","floor":7,"turns":4},{"damage":11,"enemies":"Jaw Worm","floor":11,"turns":2},{"damage":10,"enemies":"Looter","floor":13,"turns":2},{"damage":55,"enemies":"Fading Forest","floor":16,"turns":11},{"damage":54,"enemies":"3 Byrds","floor":18,"turns":6},{"damage":54,"enemies":"Nightmare","floor":23,"turns":4}],"seed_played":"-3516807291576352584","potions_obtained":[{"floor":4,"key":"SteroidPotion"},{"floor":11,"key":"construct:ShiftPotion"}],"is_trial":false,"path_per_floor":["M","?","?","M","?","R","E","R","T","?","M","R","M","$","R","B",null,"M","?","?","?","?","NM"],"character_chosen":"THE_CONSTRUCT_MOD","items_purchased":["construct:Autoturret","construct:Autoturret","ReplayTheSpireMod:CursedCoin","ReplayTheSpireMod:Lightbulb","construct:Reinforce","MerchantsRug","Oddly Smooth Stone"],"campfire_rested":3,"item_purchase_floors":[0,14,14,14,14,14,14],"current_hp_per_floor":[80,73,53,40,40,40,7,32,32,32,21,46,36,36,61,42,85,31,31,31,31,31,0,0],"gold":227,"neow_bonus":"","is_daily":false,"chose_seed":false,"campfire_upgraded":1,"win_rate":0.0,"timestamp":1609377816,"path_taken":["M","?","?","M","?","R","E","R","T","?","M","R","M","$","R","BOSS","M","?","?","?","?","NM"],"items_purchased_type":["Card","Card","Relic","Relic","Card","Relic","Relic"],"build_version":"2020-12-22","purchased_purges":1,"victory":false,"max_hp_per_floor":[85,85,85,85,85,85,85,85,85,85,85,85,85,85,85,85,85,85,85,85,85,85,85,85],"relic_stats":{"Nunchaku":[5],"counters":[15,73],"Pantograph":24,"obtain_stats":[{"MerchantsRug":14,"BargainBundle":3,"ReplayTheSpireMod:CursedCoin":3,"SacredBark":17,"Oddly Smooth Stone":14,"Hammer of Thor":0,"EVO:Axolotl":0,"Seething Fire":0,"infinitespire:Lucky Rock":7,"hubris:Towel":0,"construct:Challenge1":0,"Centennial Puzzle":9,"Nunchaku":3,"hubris:Icosahedron":4,"Anvil of the Gods":0,"Hallownest:BankAccountRelic":5,"construct:Cogwheel":0,"Pantograph":7,"ReplayTheSpireMod:TigerMarble":0,"hubris:TenFootPole":9,"Replay:Wax Seal":12,"ReplayTheSpireMod:Lightbulb":14},{"MerchantsRug":12,"BargainBundle":2,"ReplayTheSpireMod:CursedCoin":2,"SacredBark":13,"Oddly Smooth Stone":12,"Hammer of Thor":0,"EVO:Axolotl":0,"Seething Fire":0,"infinitespire:Lucky Rock":3,"hubris:Towel":0,"construct:Challenge1":0,"Centennial Puzzle":4,"Nunchaku":8,"hubris:Icosahedron":2,"Anvil of the Gods":0,"Hallownest:BankAccountRelic":2,"construct:Cogwheel":0,"Pantograph":10,"ReplayTheSpireMod:TigerMarble":7,"hubris:TenFootPole":10,"Replay:Wax Seal":5,"ReplayTheSpireMod:Lightbulb":12},{"MerchantsRug":52,"BargainBundle":7,"ReplayTheSpireMod:CursedCoin":7,"SacredBark":63,"Oddly Smooth Stone":52,"Hammer of Thor":0,"EVO:Axolotl":0,"Seething Fire":0,"infinitespire:Lucky Rock":13,"hubris:Towel":0,"construct:Challenge1":0,"Centennial Puzzle":19,"Nunchaku":42,"hubris:Icosahedron":7,"Anvil of the Gods":0,"Hallownest:BankAccountRelic":7,"construct:Cogwheel":0,"Pantograph":48,"ReplayTheSpireMod:TigerMarble":40,"hubris:TenFootPole":48,"Replay:Wax Seal":26,"ReplayTheSpireMod:Lightbulb":52}]},"card_choices":[{"not_picked":["construct:Zapper","construct:HeavyBolt","construct:Disrupt"],"picked":"SKIP","floor":1},{"not_picked":["construct:Overcharge","construct:Backup"],"picked":"construct:FocusedBeam","floor":4},{"not_picked":["construct:PanicFire","construct:ScrapCannon"],"picked":"construct:FlameCore","floor":7},{"not_picked":["construct:Accumulate","construct:Missile","construct:HeavyBolt"],"picked":"SKIP","floor":11},{"not_picked":["construct:OmegaCannon","construct:FierceBash"],"picked":"construct:ShieldGenerator","floor":13},{"not_picked":["construct:Reinforce+1","construct:SaveState"],"picked":"construct:PointDefense","floor":18}],"player_experience":86186,"relics_obtained":[{"floor":7,"key":"Pantograph"},{"floor":9,"key":"hubris:TenFootPole"}],"event_choices":[{"cards_removed":["construct:Defend_Gold"],"damage_healed":0,"gold_gain":0,"player_choice":"Card Removal","damage_taken":7,"max_hp_gain":0,"max_hp_loss":0,"event_name":"Golden Wing","floor":2,"gold_loss":0},{"damage_healed":0,"gold_gain":175,"player_choice":"AGREE","damage_taken":134,"max_hp_gain":0,"max_hp_loss":0,"event_name":"betterThird:BetterSerpent","floor":5,"gold_loss":0},{"damage_healed":0,"gold_gain":99,"player_choice":"Steal","damage_taken":0,"max_hp_gain":0,"max_hp_loss":0,"event_name":"betterThird:BetterNest","floor":20,"gold_loss":0},{"damage_healed":0,"gold_gain":0,"player_choice":"Simplicity","damage_taken":0,"max_hp_gain":0,"max_hp_loss":8,"event_name":"betterThird:BetterWriting","floor":21,"gold_loss":0}],"is_beta":false,"boss_relics":[{"not_picked":["hubris:RunicObelisk","Replay:Fungal Core"],"picked":"SacredBark"}],"items_purged_floors":[14],"is_endless":false,"potions_floor_spawned":[4,11],"killed_by":"Nightmare","ascension_level":1}}