{"host":"wd6rqtfuac3imub6","time":1609450306,"event":{"mods":["ATMod(°¢èªMod)","Act Like it!","BaseMod","Gensokyo","Lobotomy","Minty Spire (QoL Compilation)","Quick Restart","StSLib"],"gold_per_floor":[117,129,129,54,54,54,71,71,71],"floor_reached":8,"playtime":211,"items_purged":["Defend_R"],"score":46,"play_id":"1523912b-00d4-49ae-94b7-2e7f2e657555","local_time":"20210101053146","is_ascension_mode":false,"campfire_choices":[{"data":"Searing Blow","floor":6,"key":"SMITH"}],"circlet_count":0,"master_deck":["Strike_R","Strike_R","Strike_R+1","Strike_R","Strike_R","Defend_R","Defend_R","Defend_R","Bash","AT_FamilyPortrait","Double Tap+1","Searing Blow+1","Regret"],"relics":["Burning Blood","AT_ATBox","Ice Cream"],"acts_visited":["Exordium"],"potions_floor_usage":[],"damage_taken":[{"damage":17,"enemies":"Small Slimes","floor":1,"turns":3},{"damage":2,"enemies":"2 Louse","floor":2,"turns":3},{"damage":6,"enemies":"Jaw Worm","floor":7,"turns":3},{"damage":36,"enemies":"Lagavulin","floor":8,"turns":3}],"seed_played":"3821598655641425829","potions_obtained":[{"floor":1,"key":"DuplicationPotion"}],"is_trial":false,"path_per_floor":["M","M","?","$","?","R","M","E"],"character_chosen":"IRONCLAD","items_purchased":[],"campfire_rested":0,"item_purchase_floors":[],"current_hp_per_floor":[48,52,35,35,35,35,35,0,0],"gold":71,"neow_bonus":"THREE_RARE_CARDS","is_daily":false,"chose_seed":false,"campfire_upgraded":1,"win_rate":0.0,"timestamp":1609450306,"path_taken":["M","M","?","$","?","R","M","E"],"items_purchased_type":[],"build_version":"2020-12-22","purchased_purges":1,"victory":false,"max_hp_per_floor":[83,83,83,83,83,83,83,83,83],"card_choices":[{"not_picked":["AT_Dispersion","Limit Break"],"picked":"Double Tap","floor":0},{"not_picked":["Rampage","Carnage"],"picked":"Searing Blow","floor":1},{"not_picked":["AT_ShrugMaster","Clothesline","Sentinel"],"picked":"SKIP","floor":2},{"not_picked":["Anger","Havoc","Power Through"],"picked":"SKIP","floor":7}],"player_experience":83697,"relics_obtained":[],"event_choices":[{"damage_healed":0,"gold_gain":0,"player_choice":"Entered Light","damage_taken":17,"max_hp_gain":0,"max_hp_loss":0,"event_name":"Shining Light","floor":3,"gold_loss":0,"cards_upgraded":["Double Tap","Strike_R"]},{"damage_healed":0,"gold_gain":0,"player_choice":"Box","damage_taken":0,"relics_obtained":["Ice Cream"],"max_hp_gain":0,"max_hp_loss":0,"event_name":"Big Fish","floor":5,"gold_loss":0,"cards_obtained":["Regret"]}],"is_beta":false,"boss_relics":[],"items_purged_floors":[4],"is_endless":false,"potions_floor_spawned":[1],"killed_by":"Lagavulin","ascension_level":0}}