{"host":"0i8dz4ityulxi1rd","time":1609434547,"event":{"mods":["BaseMod","Colored Map","Colored Powertips","Custom Start","Highlight Path","Hubris","Infinite Spire","Keyboard Shortcuts","Minty Spire (QoL Compilation)","StSLib","SuperFastMode"],"gold_per_floor":[109,109,119,119,139,139,152,152,176,209,219,219,252,279,279,354,354,365,246,258,258,277,277,277,177,226,226,226,240,274,288,288,359,359,369,388,388,398,108,139,139,170,170,202,202,251,277,602,602,677,750,750,745,743,743,743,748,755,755,754,754,754,759,759,786,137,137,189,189,183,173,146,146,146,116,96,96,96,90,78,62,61,41,41,72,72,50,50,50,28,28,28,28,31,31,15,17,17,12,30,30,74,76,76,76,76,55,78],"floor_reached":109,"playtime":5357,"items_purged":["Strike_B","Defend_B","hubris:Ukulele+1","Strike_B+1","Cold Snap+1","Zap+1"],"score":7645,"play_id":"483c958e-678e-465a-9091-d9495606e4d7","local_time":"20210101020907","is_ascension_mode":true,"campfire_choices":[{"data":"Zap","floor":6.0,"key":"SMITH"},{"data":"Chill","floor":8.0,"key":"SMITH"},{"floor":12.0,"key":"REST"},{"floor":15.0,"key":"REST"},{"floor":23.0,"key":"REST"},{"floor":24.0,"key":"REST"},{"data":"Skim","floor":27.0,"key":"SMITH"},{"data":"Capacitor","floor":32.0,"key":"SMITH"},{"data":"Defend_B","floor":41.0,"key":"PURGE"},{"data":"Defragment","floor":49.0,"key":"SMITH"},{"data":"Gash+1","floor":59.0,"key":"PURGE"},{"data":"Genetic Algorithm","floor":67.0,"key":"SMITH"},{"data":"Apotheosis","floor":77.0,"key":"SMITH"},{"data":"Reboot","floor":84.0,"key":"SMITH"},{"floor":101,"key":"RECALL"},{"data":"Seek","floor":105,"key":"SMITH"}],"circlet_count":0,"master_deck":["AscendersBane","Defend_B+1","Defragment+1","Self Repair","Cold Snap+1","Chill+1","Barrage+1","Skim+1","Capacitor+1","Defragment+1","Gash+1","hubris:DoWhile+1","Self Repair","Seek+1","Coolheaded+1","Gash+1","Gash+1","Defragment+1","Coolheaded+1","Reboot+1","Reboot+1","Genetic Algorithm+1","Apotheosis+1","Seek+1"],"relics":["hubris:Stopwatch","Molten Egg 2","Akabeko","hubris:TenFootPole","WingedGreaves","hubris:ToyBattleship","hubris:Backtick","Calipers","Astrolabe","hubris:PeanutButter","Boot","hubris:VirtuousBlindfold","Bag of Preparation","Peace Pipe","infinitespire:WardingShard","War Paint","CaptainsWheel","Regal Pillow","infinitespire:Lychee Nut","Incense Burner","Old Coin","Black Star","Bloody Idol","Vajra","Bottled Lightning","Pantograph","Orichalcum","PreservedInsect","hubris:Zylophone","Bag of Marbles","infinitespire:BottledMercury","FossilizedHelix","infinitespire:Cupcake","Torii","Toy Ornithopter","Ice Cream","Mango","Coffee Dripper","hubris:Icosahedron","infinitespire:Satchel","hubris:RunicObelisk","infinitespire:FocusingShard","Ancient Tea Set","infinitespire:Beetle Shell","Blue Candle","Mummified Hand","Omamori","Gambling Chip","Philosopher\u0027s Stone","Unceasing Top","Potion Belt"],"acts_visited":["Exordium","TheCity","TheBeyond","Exordium","TheCity","TheBeyond","TheEnding"],"potions_floor_usage":[],"damage_taken":[{"damage":4.0,"enemies":"Small Slimes","floor":1.0,"turns":5.0},{"damage":8.0,"enemies":"2 Louse","floor":3.0,"turns":4.0},{"damage":8.0,"enemies":"Cultist","floor":5.0,"turns":5.0},{"damage":0.0,"enemies":"Large Slime","floor":7.0,"turns":7.0},{"damage":33.0,"enemies":"Gremlin Nob","floor":10.0,"turns":5.0},{"damage":0.0,"enemies":"Exordium Thugs","floor":11.0,"turns":4.0},{"damage":9.0,"enemies":"3 Sentries","floor":13.0,"turns":7.0},{"damage":22.0,"enemies":"Gremlin Nob","floor":14.0,"turns":5.0},{"damage":3.0,"enemies":"The Guardian","floor":16.0,"turns":10.0},{"damage":22.0,"enemies":"Shell Parasite","floor":18.0,"turns":5.0},{"damage":26.0,"enemies":"Spheric Guardian","floor":20.0,"turns":6.0},{"damage":24.0,"enemies":"Snecko","floor":22.0,"turns":8.0},{"damage":0.0,"enemies":"Centurion and Healer","floor":29.0,"turns":7.0},{"damage":4.0,"enemies":"Slavers","floor":30.0,"turns":10.0},{"damage":0.0,"enemies":"3 Cultists","floor":31.0,"turns":6.0},{"damage":8.0,"enemies":"Champ","floor":33.0,"turns":11.0},{"damage":4.0,"enemies":"3 Darklings","floor":35.0,"turns":7.0},{"damage":0.0,"enemies":"3 Shapes","floor":36.0,"turns":7.0},{"damage":0.0,"enemies":"Jaw Worm Horde","floor":38.0,"turns":5.0},{"damage":33.0,"enemies":"Reptomancer","floor":40.0,"turns":9.0},{"damage":6.0,"enemies":"Nemesis","floor":42.0,"turns":6.0},{"damage":0.0,"enemies":"Giant Head","floor":44.0,"turns":6.0},{"damage":44.0,"enemies":"2 Orb Walkers","floor":46.0,"turns":8.0},{"damage":0.0,"enemies":"Nightmare","floor":47.0,"turns":11.0},{"damage":6.0,"enemies":"Mind Bloom Boss Battle","floor":48.0,"turns":5.0},{"damage":0.0,"enemies":"Donu and Deca","floor":50.0,"turns":7.0},{"damage":31.0,"enemies":"infinitespire:MassOfShapes","floor":51.0,"turns":9.0},{"damage":0.0,"enemies":"Small Slimes","floor":53.0,"turns":3.0},{"damage":0.0,"enemies":"Cultist","floor":54.0,"turns":2.0},{"damage":12.0,"enemies":"2 Louse","floor":57.0,"turns":2.0},{"damage":0.0,"enemies":"Lagavulin","floor":58.0,"turns":4.0},{"damage":0.0,"enemies":"Blue Slaver","floor":60.0,"turns":3.0},{"damage":0.0,"enemies":"3 Sentries","floor":63.0,"turns":7.0},{"damage":0.0,"enemies":"Gremlin Nob","floor":65.0,"turns":2.0},{"damage":0.0,"enemies":"The Guardian","floor":68.0,"turns":7.0},{"damage":0.0,"enemies":"Spheric Guardian","floor":70.0,"turns":4.0},{"damage":0.0,"enemies":"Chosen","floor":71.0,"turns":6.0},{"damage":0.0,"enemies":"Snecko","floor":72.0,"turns":6.0},{"damage":2.0,"enemies":"Nightmare_Alpha","floor":75.0,"turns":9.0},{"damage":0.0,"enemies":"Cultist and Chosen","floor":76.0,"turns":7.0},{"damage":0.0,"enemies":"Shelled Parasite and Fungi","floor":79.0,"turns":3.0},{"damage":0.0,"enemies":"Centurion and Healer","floor":80.0,"turns":5.0},{"damage":0.0,"enemies":"Snake Plant","floor":81.0,"turns":4.0},{"damage":0.0,"enemies":"Slavers","floor":82.0,"turns":4.0},{"damage":0.0,"enemies":"3 Cultists","floor":83.0,"turns":5.0},{"damage":0.0,"enemies":"Collector","floor":85.0,"turns":7.0},{"damage":0.0,"enemies":"3 Shapes","floor":87.0,"turns":6.0},{"damage":0.0,"enemies":"Orb Walker","floor":90.0,"turns":5.0},{"damage":0,"enemies":"Giant Head","floor":92,"turns":4},{"damage":22,"enemies":"Nightmare_Alpha","floor":94,"turns":7},{"damage":7,"enemies":"3 Darklings","floor":96,"turns":5},{"damage":20,"enemies":"Sphere and 2 Shapes","floor":97,"turns":5},{"damage":20,"enemies":"Maw","floor":99,"turns":6},{"damage":22,"enemies":"Giant Head","floor":100,"turns":5},{"damage":43,"enemies":"Awakened One","floor":102,"turns":8},{"damage":0,"enemies":"Donu and Deca","floor":103,"turns":9},{"damage":0,"enemies":"Shield and Spear","floor":107,"turns":6},{"damage":42,"enemies":"The Heart","floor":108,"turns":11}],"seed_played":"-7265446946709674349","potions_obtained":[{"floor":3.0,"key":"SteroidPotion"},{"floor":5.0,"key":"Ancient Potion"},{"floor":11.0,"key":"PotionOfCapacity"},{"floor":20.0,"key":"LiquidBronze"},{"floor":44.0,"key":"Fruit Juice"},{"floor":47.0,"key":"FairyPotion"},{"floor":48.0,"key":"LiquidMemories"},{"floor":51.0,"key":"Block Potion"},{"floor":81.0,"key":"DistilledChaos"},{"floor":82.0,"key":"Fruit Juice"},{"floor":87.0,"key":"Fruit Juice"},{"floor":99,"key":"Regen Potion"},{"floor":108,"key":"Strength Potion"}],"is_trial":false,"path_per_floor":["M","?","M","?","M","R","M","R","T","E","M","R","E","E","R","B",null,"M","$","M","?","M","R","R","$","T","R","AVR","M","E","M","R","B",null,"M","M","?","M","$","E","R","E","T","E","AVR","?","NM","?","R","B","B",null,"M","M","?","?","M","E","R","M","T","?","E","AVR","E","$","R","B",null,"M","M","M","?","$","NM","M","R","T","M","M","M","E","M","R","B",null,"M","?","?","M","AVR","E","$","NM","T","M","M","$","M","E","R","B","B",null,"R","$","E","B",null],"character_chosen":"DEFECT","items_purchased":["Capacitor","Bag of Preparation","Apotheosis","FossilizedHelix"],"campfire_rested":4,"item_purchase_floors":[19,39,66,66],"current_hp_per_floor":[60,39,31,31,30,30,37,37,37,11,18,39,37,22,43,47,65,50,50,31,31,14,35,56,56,56,56,56,63,66,71,71,71,71,71,71,71,71,71,52,52,60,60,76,76,46,57,57,57,57,52,56,57,57,48,40,45,57,57,57,57,60,60,60,60,60,60,60,60,60,60,60,60,60,60,60,60,60,60,60,60,79,79,79,79,79,84,80,80,80,80,80,80,80,80,80,80,80,80,80,80,80,80,80,80,80,80,60],"gold":78,"neow_bonus":"BOSS_RELIC","is_daily":false,"chose_seed":false,"campfire_upgraded":9,"win_rate":0.0,"timestamp":1609434547,"path_taken":["M","?","M","?","M","R","M","R","T","E","?","R","E","E","R","BOSS","M","$","M","?","M","R","R","?","T","R","AVR","M","E","M","R","BOSS","M","M","?","M","$","E","R","E","T","E","AVR","?","NM","?","R","BOSS","BOSS","M","M","?","?","M","E","R","M","T","?","E","AVR","E","$","R","BOSS","M","M","M","?","$","NM","M","R","T","M","M","M","E","M","R","BOSS","M","?","?","M","AVR","E","?","NM","T","M","?","?","M","E","R","BOSS","BOSS","R","$","E","BOSS"],"items_purchased_type":["Card","Relic","Card","Relic"],"build_version":"2020-12-22","purchased_purges":6,"victory":true,"max_hp_per_floor":[71,71,71,71,71,71,71,71,71,71,71,71,71,71,71,71,71,71,71,71,71,71,71,71,71,71,71,71,71,71,71,71,71,71,71,71,71,71,71,71,71,71,71,76,76,57,57,57,57,57,57,57,57,57,57,57,57,57,57,57,57,60,60,60,60,60,60,60,60,60,60,60,60,60,60,60,60,60,60,60,60,79,79,79,79,79,84,80,80,80,80,80,80,80,80,80,80,80,80,80,80,80,80,80,80,80,80,80],"card_choices":[{"not_picked":["Ball Lightning","hubris:PowerSurge"],"picked":"Defragment","floor":1.0},{"not_picked":["Stack","Go for the Eyes"],"picked":"Self Repair","floor":3.0},{"not_picked":["Hologram","hubris:PowerSurge"],"picked":"Cold Snap+1","floor":5.0},{"not_picked":["Fusion","Redo"],"picked":"Chill","floor":7.0},{"not_picked":["Loop","Leap"],"picked":"Cold Snap+1","floor":10.0},{"not_picked":["Streamline+1","Conserve Battery"],"picked":"Gash+1","floor":11.0},{"not_picked":["Doom and Gloom+1","Consume"],"picked":"Barrage+1","floor":13.0},{"not_picked":["Cold Snap+1","Turbo"],"picked":"Skim","floor":14.0},{"not_picked":["Sweeping Beam+1","Streamline+1","Steam"],"picked":"SKIP","floor":18.0},{"not_picked":["Barrage+1","Beam Cell+1","Redo"],"picked":"SKIP","floor":20.0},{"not_picked":["Streamline+1","Leap","Rip and Tear+1"],"picked":"SKIP","floor":22.0},{"not_picked":["Rebound+1","Streamline+1","Doom and Gloom+1"],"picked":"SKIP","floor":29.0},{"not_picked":["Amplify","Beam Cell+1"],"picked":"Self Repair","floor":30.0},{"not_picked":["Streamline+1","White Noise","Auto Shields"],"picked":"SKIP","floor":31.0},{"not_picked":["Fission","Machine Learning"],"picked":"Seek","floor":33.0},{"not_picked":["Lockon+1","Sweeping Beam+1"],"picked":"Coolheaded","floor":35.0},{"not_picked":["Stack","Cold Snap+1"],"picked":"Gash+1","floor":36.0},{"not_picked":["Coolheaded","Steam"],"picked":"Gash+1","floor":38.0},{"not_picked":["Storm","Barrage+1","Capacitor"],"picked":"SKIP","floor":40.0},{"not_picked":["hubris:Ukulele+1","Rip and Tear+1"],"picked":"Defragment","floor":42.0},{"not_picked":["Streamline+1","Echo Form","Sunder+1"],"picked":"SKIP","floor":44.0},{"not_picked":["Darkness","Leap"],"picked":"Coolheaded+1","floor":46.0},{"not_picked":["Go for the Eyes+1","Redo","Compile Driver+1"],"picked":"SKIP","floor":47.0},{"not_picked":["Fission","Multi-Cast"],"picked":"Reboot","floor":50.0},{"not_picked":["Thunder Strike+1","hubris:DoWhile"],"picked":"Reboot","floor":51.0},{"not_picked":["hubris:Ukulele+1","Compile Driver+1","Barrage+1"],"picked":"SKIP","floor":53.0},{"not_picked":["Leap","Reinforced Body"],"picked":"Genetic Algorithm","floor":54.0},{"not_picked":["Gash+1","Stack","hubris:PowerSurge"],"picked":"SKIP","floor":57.0},{"not_picked":["Machine Learning","Auto Shields","hubris:PowerSurge"],"picked":"SKIP","floor":58.0},{"not_picked":["Aggregate","Tempest","BootSequence"],"picked":"SKIP","floor":60.0},{"not_picked":["Leap","Thunder Strike+1","BootSequence"],"picked":"SKIP","floor":63.0},{"not_picked":["hubris:Ukulele+1","Ball Lightning+1","Consume"],"picked":"SKIP","floor":65.0},{"not_picked":["Reprogram","Sweeping Beam+1","Capacitor"],"picked":"SKIP","floor":70.0},{"not_picked":["Consume","Compile Driver+1","Scrape+1"],"picked":"SKIP","floor":71.0},{"not_picked":["Sweeping Beam+1","Cold Snap+1","Double Energy"],"picked":"SKIP","floor":72.0},{"not_picked":["Gash+1","Skim","Streamline+1"],"picked":"SKIP","floor":75.0},{"not_picked":["Gash+1","Redo","hubris:Prefetch"],"picked":"SKIP","floor":76.0},{"not_picked":["Force Field","Turbo","Loop"],"picked":"SKIP","floor":79.0},{"not_picked":["Force Field","Turbo","Loop"],"picked":"SKIP","floor":79.0},{"not_picked":["Gash+1","Leap","Conserve Battery"],"picked":"SKIP","floor":80.0},{"not_picked":["Barrage+1","Cold Snap+1","Sweeping Beam+1"],"picked":"SKIP","floor":81.0},{"not_picked":["BootSequence+1","Compile Driver+1","Hyperbeam+1"],"picked":"SKIP","floor":82.0},{"not_picked":["Stack","Melter+1","Redo"],"picked":"SKIP","floor":83.0},{"not_picked":["Gash+1","Coolheaded","Barrage+1"],"picked":"SKIP","floor":87.0},{"not_picked":["Leap+1","Scrape+1","Reinforced Body"],"picked":"SKIP","floor":90.0},{"not_picked":["Barrage+1","Cold Snap+1","Scrape+1"],"picked":"SKIP","floor":92},{"not_picked":["Recycle","Stack","Redo+1"],"picked":"SKIP","floor":94},{"not_picked":["Sweeping Beam+1","Auto Shields","Darkness"],"picked":"SKIP","floor":96},{"not_picked":["Heatsinks","Hologram","Ball Lightning+1"],"picked":"SKIP","floor":97},{"not_picked":["Streamline+1","Self Repair","Conserve Battery"],"picked":"SKIP","floor":99},{"not_picked":["Hologram+1","Double Energy","hubris:Ukulele+1"],"picked":"SKIP","floor":100},{"not_picked":["Rainbow","Core Surge+1"],"picked":"Seek","floor":103},{"not_picked":["Force Field+1","Go for the Eyes+1","Redo"],"picked":"SKIP","floor":107}],"player_experience":1280406,"relics_obtained":[{"floor":9.0,"key":"Akabeko"},{"floor":10.0,"key":"hubris:TenFootPole"},{"floor":13.0,"key":"WingedGreaves"},{"floor":14.0,"key":"hubris:ToyBattleship"},{"floor":30.0,"key":"Boot"},{"floor":40.0,"key":"Peace Pipe"},{"floor":42.0,"key":"infinitespire:WardingShard"},{"floor":43.0,"key":"War Paint"},{"floor":44.0,"key":"CaptainsWheel"},{"floor":46.0,"key":"infinitespire:Lychee Nut"},{"floor":47.0,"key":"Incense Burner"},{"floor":48.0,"key":"Old Coin"},{"floor":58.0,"key":"Vajra"},{"floor":58.0,"key":"Bottled Lightning"},{"floor":61.0,"key":"Pantograph"},{"floor":63.0,"key":"Orichalcum"},{"floor":63.0,"key":"PreservedInsect"},{"floor":65.0,"key":"Bag of Marbles"},{"floor":65.0,"key":"infinitespire:BottledMercury"},{"floor":75.0,"key":"Torii"},{"floor":75.0,"key":"Toy Ornithopter"},{"floor":78.0,"key":"Ice Cream"},{"floor":82.0,"key":"Mango"},{"floor":92,"key":"infinitespire:FocusingShard"},{"floor":92,"key":"Ancient Tea Set"},{"floor":94,"key":"infinitespire:Beetle Shell"},{"floor":94,"key":"Blue Candle"},{"floor":95,"key":"Mummified Hand"},{"floor":100,"key":"Omamori"},{"floor":100,"key":"Gambling Chip"},{"floor":107,"key":"Unceasing Top"},{"floor":107,"key":"Potion Belt"}],"event_choices":[{"damage_healed":0.0,"max_hp_gain":0.0,"max_hp_loss":0.0,"gold_gain":0.0,"event_name":"Shining Light","player_choice":"Entered Light","floor":2.0,"gold_loss":0.0,"damage_taken":21.0,"cards_upgraded":["Defragment","Strike_B"]},{"damage_healed":0.0,"max_hp_gain":0.0,"max_hp_loss":0.0,"gold_gain":0.0,"event_name":"WeMeetAgain","player_choice":"Gave Potion","floor":4.0,"gold_loss":0.0,"damage_taken":0.0,"relics_obtained":["Molten Egg 2"]},{"damage_healed":0.0,"max_hp_gain":0.0,"max_hp_loss":0.0,"gold_gain":0.0,"event_name":"Duplicator","player_choice":"Copied","floor":21.0,"gold_loss":0.0,"damage_taken":0.0,"cards_obtained":["Defragment"]},{"cards_removed":["Dualcast"],"damage_healed":0.0,"max_hp_gain":0.0,"max_hp_loss":0.0,"gold_gain":0.0,"event_name":"Falling","player_choice":"Removed Skill","floor":37.0,"gold_loss":0.0,"damage_taken":0.0},{"damage_healed":0.0,"max_hp_gain":0.0,"max_hp_loss":0.0,"gold_gain":0.0,"event_name":"Mysterious Sphere","player_choice":"Fight","floor":46.0,"gold_loss":0.0,"damage_taken":0.0},{"damage_healed":0.0,"max_hp_gain":0.0,"max_hp_loss":0.0,"gold_gain":0.0,"event_name":"MindBloom","player_choice":"Fight","floor":48.0,"gold_loss":0.0,"damage_taken":0.0},{"damage_healed":0.0,"max_hp_gain":0.0,"max_hp_loss":0.0,"gold_gain":0.0,"event_name":"Golden Idol","player_choice":"Take Damage","floor":55.0,"gold_loss":0.0,"damage_taken":19.0,"relics_obtained":["Golden Idol"]},{"damage_healed":0.0,"max_hp_gain":0.0,"max_hp_loss":0.0,"gold_gain":0.0,"event_name":"Shining Light","player_choice":"Entered Light","floor":56.0,"gold_loss":0.0,"damage_taken":17.0,"cards_upgraded":["Reboot","Seek"]},{"damage_healed":0.0,"max_hp_gain":0.0,"max_hp_loss":0.0,"gold_gain":0.0,"event_name":"Forgotten Altar","player_choice":"Gave Idol","floor":73.0,"relics_lost":["Golden Idol"],"gold_loss":0.0,"damage_taken":0.0,"relics_obtained":["Bloody Idol"]},{"damage_healed":0.0,"max_hp_gain":0.0,"max_hp_loss":4.0,"gold_gain":0.0,"event_name":"Winding Halls","player_choice":"Max HP","floor":88.0,"gold_loss":0.0,"damage_taken":0.0}],"is_beta":false,"boss_relics":[{"not_picked":["infinitespire:Cupcake","hubris:CrackedHourglass"],"picked":"hubris:Backtick"},{"not_picked":["Inserter","Nuclear Battery"],"picked":"hubris:VirtuousBlindfold"},{"not_picked":["Runic Pyramid","Empty Cage"],"picked":"Black Star"},{"not_picked":["hubris:CrackedHourglass","Sozu"],"picked":"infinitespire:Cupcake"},{"not_picked":["Inserter","Runic Dome"],"picked":"Coffee Dripper"},{"not_picked":["hubris:GrandSneckoEye","Snecko Eye"],"picked":"Philosopher\u0027s Stone"}],"items_purged_floors":[19,25,28,39,45,66],"is_endless":true,"potions_floor_spawned":[3,5,11,13,20,29,38,44,47,48,51,54,60,63,70,71,81,82,87,96,99,103,108],"ascension_level":20}}