{"host":"71akxjf7cjo3bhmj","time":1609381066,"event":{"mods":["AchievementEnabler","BaseMod","Colored Powertips","Minty Spire (QoL Compilation)"],"gold_per_floor":[110,123,140,151,163,189,189,220,284,21,33,33,33],"floor_reached":12,"playtime":1007,"items_purged":["Strike_R"],"score":92,"play_id":"b19c75e2-ab11-4d89-8514-b45601a3e2fc","local_time":"20201231031746","is_ascension_mode":false,"campfire_choices":[{"data":"Rage","floor":7,"key":"SMITH"}],"circlet_count":0,"master_deck":["Strike_R","Strike_R","Strike_R","Defend_R","Defend_R","Defend_R","Defend_R","Rage+1","Spot Weakness","Iron Wave","Armaments","Shrug It Off","Shrug It Off"],"relics":["Burning Blood","Mango","MawBank","Lee\u0027s Waffle"],"acts_visited":["Exordium"],"potions_floor_usage":[5,5,8,12],"damage_taken":[{"damage":6,"enemies":"Cultist","floor":1,"turns":4},{"damage":0,"enemies":"Small Slimes","floor":2,"turns":4},{"damage":1,"enemies":"Jaw Worm","floor":3,"turns":5},{"damage":0,"enemies":"3 Louse","floor":4,"turns":6},{"damage":7,"enemies":"Large Slime","floor":5,"turns":9},{"damage":31,"enemies":"Gremlin Nob","floor":6,"turns":5},{"damage":38,"enemies":"3 Sentries","floor":8,"turns":9},{"damage":0,"enemies":"Red Slaver","floor":11,"turns":6},{"damage":113,"enemies":"Gremlin Nob","floor":12,"turns":8}],"seed_played":"-5401554573405758746","potions_obtained":[{"floor":1,"key":"BlessingOfTheForge"},{"floor":2,"key":"Dexterity Potion"},{"floor":3,"key":"Energy Potion"},{"floor":11,"key":"GamblersBrew"}],"is_trial":false,"path_per_floor":["M","M","M","M","M","E","R","E","T","$","M","E"],"character_chosen":"IRONCLAD","items_purchased":["Lee\u0027s Waffle","Shrug It Off"],"campfire_rested":0,"item_purchase_floors":[10,10],"current_hp_per_floor":[72,72,72,72,71,60,60,28,28,93,93,0,0],"gold":33,"neow_bonus":"REMOVE_TWO","is_daily":false,"chose_seed":false,"campfire_upgraded":1,"win_rate":0.0,"timestamp":1609381066,"path_taken":["M","?","M","?","M","E","R","E","T","$","M","E"],"items_purchased_type":["Relic","Card"],"build_version":"2020-12-22","purchased_purges":1,"victory":false,"max_hp_per_floor":[72,72,72,72,72,86,86,86,86,93,93,93,93],"card_choices":[{"not_picked":["Carnage","Inflame"],"picked":"Rage","floor":1},{"not_picked":["Havoc","Warcry","True Grit"],"picked":"SKIP","floor":2},{"not_picked":["Dropkick","Combust"],"picked":"Spot Weakness","floor":3},{"not_picked":["Battle Trance","Clash","Perfected Strike"],"picked":"SKIP","floor":4},{"not_picked":["Dual Wield","Ghostly Armor"],"picked":"Iron Wave","floor":5},{"not_picked":["Thunderclap","Hemokinesis","Perfected Strike"],"picked":"SKIP","floor":6},{"not_picked":["Warcry","Uppercut"],"picked":"Armaments","floor":8},{"not_picked":["Sever Soul","Wild Strike"],"picked":"Shrug It Off","floor":11}],"player_experience":121647,"relics_obtained":[{"floor":6,"key":"Mango"},{"floor":8,"key":"MawBank"}],"event_choices":[],"is_beta":false,"boss_relics":[],"items_purged_floors":[10],"is_endless":false,"potions_floor_spawned":[1,2,3,11],"killed_by":"Gremlin Nob","ascension_level":0}}