{"host":"442ay2jxamvm52hx","time":1609454258,"event":{"mods":["AchievementEnabler","BaseMod","Better Note","Better Third Choice","DeckTracker","Downfall","Googly Eyes","Minty Spire (QoL Compilation)","Quick Restart","Replay The Spire","Spicy Shops","StSLib","The IronCluck","UnlockEverythingMod","slay the spire mod where everything is the same but ironclad has a cowboy hat"],"gold_per_floor":[109,128,53,53,53,65,82,82,132,156,156,2,16,48,48,48,48],"floor_reached":16,"playtime":705,"items_purged":["Strike_R"],"score":100,"play_id":"fff9fec4-5ac3-4b42-b2ef-88b357eee018","local_time":"20201231173738","is_ascension_mode":false,"campfire_choices":[{"data":"Hemokinesis","floor":8,"key":"SMITH"},{"data":"Bash","floor":11,"key":"SMITH"},{"floor":15,"key":"REST"}],"circlet_count":0,"master_deck":["Strike_R","Strike_R","Strike_R","Strike_R","Defend_R","Defend_R","Defend_R","Defend_R","Bash+1","Spot Weakness","Hemokinesis+1","Clothesline","Ghostly Armor","Bloodletting"],"relics":["Burning Blood","NeowsBlessing","Replay:Mystery Machine","Odd Mushroom","HandDrill","Calipers"],"acts_visited":["Exordium"],"potions_floor_usage":[16,16],"damage_taken":[{"damage":0,"enemies":"Jaw Worm","floor":1,"turns":1},{"damage":0,"enemies":"Small Slimes","floor":2,"turns":1},{"damage":0,"enemies":"Cultist","floor":6,"turns":1},{"damage":8,"enemies":"Large Slime","floor":7,"turns":6},{"damage":40,"enemies":"The Mushroom Lair","floor":10,"turns":6},{"damage":9,"enemies":"Blue Slaver","floor":13,"turns":2},{"damage":30,"enemies":"3 Sentries","floor":14,"turns":7},{"damage":52,"enemies":"Fading Forest","floor":16,"turns":7}],"seed_played":"-2887069024555231023","potions_obtained":[{"floor":6,"key":"Energy Potion"},{"floor":10,"key":"Ancient Potion"},{"floor":14,"key":"Weak Potion"}],"is_trial":false,"path_per_floor":["M","M","$","?","?","M","M","R","T","?","R","$","M","E","R","B"],"character_chosen":"IRONCLAD","items_purchased":["HandDrill"],"campfire_rested":1,"item_purchase_floors":[12],"current_hp_per_floor":[80,80,80,80,80,80,78,78,78,44,44,44,41,17,41,0,0],"gold":48,"neow_bonus":"THREE_ENEMY_KILL","is_daily":false,"chose_seed":false,"campfire_upgraded":2,"win_rate":0.0,"timestamp":1609454258,"path_taken":["M","M","$","?","?","?","M","R","T","?","R","$","M","E","R","BOSS"],"items_purchased_type":["Relic"],"build_version":"2020-12-22","purchased_purges":1,"victory":false,"max_hp_per_floor":[80,80,80,80,80,80,80,80,80,80,80,80,80,80,80,80,80],"card_choices":[{"not_picked":["Perfected Strike","Iron Wave"],"picked":"Spot Weakness","floor":1},{"not_picked":["Blood for Blood","Perfected Strike"],"picked":"Hemokinesis","floor":2},{"not_picked":["Thunderclap","Shrug It Off"],"picked":"Clothesline","floor":6},{"not_picked":["Body Slam","Run Through","Warcry"],"picked":"SKIP","floor":7},{"not_picked":["Headbutt","Warcry"],"picked":"Ghostly Armor","floor":13},{"not_picked":["Seeing Red","Corruption"],"picked":"Bloodletting","floor":14}],"player_experience":56255,"relics_obtained":[{"floor":9,"key":"Replay:Mystery Machine"},{"floor":10,"key":"Odd Mushroom"},{"floor":14,"key":"Calipers"}],"event_choices":[{"damage_healed":80,"gold_gain":0,"player_choice":"Embrace Burn","damage_taken":0,"max_hp_gain":0,"max_hp_loss":80,"event_name":"betterThird:BetterShining","floor":4,"gold_loss":0},{"cards_removed":["Burn"],"damage_healed":0,"gold_gain":0,"player_choice":"Purged","damage_taken":0,"max_hp_gain":0,"max_hp_loss":0,"event_name":"Purifier","floor":5,"gold_loss":0},{"damage_healed":0,"gold_gain":0,"player_choice":"Fought Mushrooms","damage_taken":0,"max_hp_gain":0,"max_hp_loss":0,"event_name":"Mushrooms","floor":10,"gold_loss":0}],"is_beta":false,"boss_relics":[],"items_purged_floors":[3],"is_endless":false,"potions_floor_spawned":[6,10,14],"killed_by":"Fading Forest","ascension_level":0}}