{"host":"g7trc0x2teqyd8ye","time":1609452379,"event":{"mods":["BaseMod","Key Reminder","Minty Spire (QoL Compilation)","Relic Stats"],"gold_per_floor":[112,187,187,202,218,218,218,218,218,250,267,267,282,314,314,390,390,404,28,45,95,95,95,95,95,122,122,122,82,82,3,3,82,82,96,114,22,38,50,50,50],"floor_reached":40,"playtime":1816,"items_purged":["Strike_R"],"score":862,"play_id":"7d4f75d4-eb7b-4b37-8b47-b4fd3ca95933","local_time":"20201231230619","is_ascension_mode":true,"campfire_choices":[{"data":"Barricade","floor":6,"key":"SMITH"},{"data":"Body Slam","floor":8,"key":"SMITH"},{"data":"Sentinel","floor":12,"key":"SMITH"},{"data":"Offering","floor":15,"key":"SMITH"},{"data":"Metamorphosis","floor":23,"key":"SMITH"},{"data":"Panacea","floor":25,"key":"SMITH"},{"data":"Second Wind","floor":28,"key":"SMITH"},{"data":"Bash","floor":32,"key":"SMITH"}],"circlet_count":0,"master_deck":["AscendersBane","Defend_R","Defend_R","Defend_R","Bash+1","Second Wind+1","Barricade+1","Body Slam+1","Battle Trance","Sentinel+1","Offering+1","Headbutt","Dropkick","Clash","Berserk","Power Through+1","Panacea+1","Metamorphosis+1","Metallicize","Writhe","Feel No Pain","Sentinel","Double Tap","CurseOfTheBell","Dark Embrace+1","Finesse","Entrench"],"relics":["Burning Blood","Eternal Feather","Oddly Smooth Stone","Gambling Chip","Empty Cage","Regal Pillow","Art of War","Nloth\u0027s Gift","Calling Bell","Nunchaku","Kunai","Ginger"],"acts_visited":["Exordium","TheCity","TheBeyond"],"potions_floor_usage":[10,11,16,39,39],"damage_taken":[{"damage":2,"enemies":"Jaw Worm","floor":1,"turns":3},{"damage":7,"enemies":"Cultist","floor":4,"turns":4},{"damage":3,"enemies":"2 Louse","floor":5,"turns":3},{"damage":25,"enemies":"Lagavulin","floor":10,"turns":5},{"damage":6,"enemies":"Large Slime","floor":11,"turns":4},{"damage":6,"enemies":"Looter","floor":13,"turns":4},{"damage":6,"enemies":"Gremlin Nob","floor":14,"turns":3},{"damage":38,"enemies":"Hexaghost","floor":16,"turns":6},{"damage":9,"enemies":"Chosen","floor":18,"turns":4},{"damage":6,"enemies":"Shell Parasite","floor":20,"turns":2},{"damage":33,"enemies":"Champ","floor":33,"turns":15},{"damage":25,"enemies":"Orb Walker","floor":35,"turns":4},{"damage":6,"enemies":"3 Shapes","floor":36,"turns":2},{"damage":47,"enemies":"Maw","floor":38,"turns":8},{"damage":6,"enemies":"Transient","floor":39,"turns":6},{"damage":34,"enemies":"Nemesis","floor":40,"turns":12}],"seed_played":"-2536317575964274783","potions_obtained":[{"floor":5,"key":"SteroidPotion"},{"floor":10,"key":"SneckoOil"},{"floor":14,"key":"Energy Potion"},{"floor":20,"key":"FearPotion"},{"floor":33,"key":"BlessingOfTheForge"},{"floor":38,"key":"BloodPotion"}],"is_trial":false,"path_per_floor":["M","?","?","M","M","R","?","R","T","E","M","R","M","E","R","B",null,"M","$","M","?","?","R","?","R","T","T","R","$","?","$","R","B",null,"M","M","$","M","M","E"],"character_chosen":"IRONCLAD","items_purchased":["Panacea","Metamorphosis","Feel No Pain","Sentinel","Finesse"],"campfire_rested":0,"item_purchase_floors":[19,19,29,31,37],"current_hp_per_floor":[68,57,68,67,68,68,61,61,61,42,42,51,51,51,60,28,58,55,55,55,55,36,45,45,57,57,67,79,79,79,79,83,56,76,57,57,57,16,32,0,0],"gold":50,"neow_bonus":"TRANSFORM_TWO_CARDS","is_daily":false,"chose_seed":false,"campfire_upgraded":8,"win_rate":0.0,"timestamp":1609452379,"path_taken":["M","?","?","?","M","R","?","R","T","E","M","R","M","E","R","BOSS","M","$","M","?","?","R","?","R","T","?","R","?","?","$","R","BOSS","M","?","$","M","M","E"],"items_purchased_type":["Card","Card","Card","Card","Card"],"build_version":"2020-12-22","purchased_purges":1,"victory":false,"max_hp_per_floor":[68,68,68,68,68,68,68,68,68,68,68,68,68,68,68,68,68,68,68,68,68,73,73,73,73,73,83,83,83,83,83,83,83,83,83,83,83,83,83,83,83],"relic_stats":{"Regal Pillow":0,"Nunchaku":[6],"counters":[16,85],"Gambling Chip":[20],"Eternal Feather":55,"Art of War":[8],"Nloth\u0027s Gift":0,"Kunai":[11],"Ginger":[5],"obtain_stats":[{"Regal Pillow":24,"Pear":27,"Oddly Smooth Stone":10,"Eternal Feather":9,"Ginger":34,"Empty Cage":17,"Burning Blood":0,"Calling Bell":34,"Nunchaku":34,"Gambling Chip":14,"Art of War":26,"Nloth\u0027s Gift":30,"Kunai":34},{"Regal Pillow":10,"Pear":10,"Oddly Smooth Stone":4,"Eternal Feather":3,"Ginger":11,"Empty Cage":8,"Burning Blood":0,"Calling Bell":11,"Nunchaku":11,"Gambling Chip":7,"Art of War":10,"Nloth\u0027s Gift":10,"Kunai":11},{"Regal Pillow":38,"Pear":38,"Oddly Smooth Stone":15,"Eternal Feather":10,"Ginger":53,"Empty Cage":32,"Burning Blood":0,"Calling Bell":53,"Nunchaku":53,"Gambling Chip":26,"Art of War":38,"Nloth\u0027s Gift":38,"Kunai":53}],"Burning Blood":84},"card_choices":[{"not_picked":["Flex","Iron Wave"],"picked":"Body Slam","floor":1},{"not_picked":["Sword Boomerang","Body Slam"],"picked":"Battle Trance","floor":4},{"not_picked":["Blood for Blood","Seeing Red"],"picked":"Sentinel","floor":5},{"not_picked":["Wild Strike","Clash"],"picked":"Offering","floor":10},{"not_picked":["Blood for Blood","Second Wind"],"picked":"Headbutt","floor":11},{"not_picked":["Wild Strike","Twin Strike"],"picked":"Dropkick","floor":13},{"not_picked":["Sever Soul","Second Wind"],"picked":"Clash","floor":14},{"not_picked":["Barricade","Offering"],"picked":"Berserk","floor":16},{"not_picked":["Flame Barrier","Uppercut"],"picked":"Power Through+1","floor":18},{"not_picked":["Rage","Sword Boomerang"],"picked":"Metallicize","floor":20},{"not_picked":["Demon Form","Barricade"],"picked":"Double Tap","floor":33},{"not_picked":["Warcry","Anger"],"picked":"Dark Embrace+1","floor":35},{"not_picked":["Infernal Blade","Flex","Clothesline"],"picked":"SKIP","floor":36},{"not_picked":["Iron Wave","Thunderclap"],"picked":"Entrench","floor":38},{"not_picked":["Thunderclap","True Grit","Bloodletting"],"picked":"SKIP","floor":39}],"player_experience":848710,"relics_obtained":[{"floor":9,"key":"Eternal Feather"},{"floor":10,"key":"Oddly Smooth Stone"},{"floor":14,"key":"Gambling Chip"},{"floor":26,"key":"Art of War"},{"floor":27,"key":"Pear"},{"floor":34,"key":"Nunchaku"},{"floor":34,"key":"Kunai"},{"floor":34,"key":"Ginger"}],"event_choices":[{"damage_healed":0,"gold_gain":75,"player_choice":"Gather Gold","damage_taken":11,"max_hp_gain":0,"max_hp_loss":0,"event_name":"World of Goop","floor":2,"gold_loss":0},{"damage_healed":11,"gold_gain":0,"player_choice":"Full Heal","damage_taken":0,"max_hp_gain":0,"max_hp_loss":0,"event_name":"Wheel of Change","floor":3,"gold_loss":0},{"cards_removed":["Strike_R"],"damage_healed":0,"gold_gain":0,"player_choice":"Card Removal","damage_taken":7,"max_hp_gain":0,"max_hp_loss":0,"event_name":"Golden Wing","floor":7,"gold_loss":0},{"damage_healed":0,"gold_gain":50,"player_choice":"Stole From Cult","damage_taken":0,"max_hp_gain":0,"max_hp_loss":0,"event_name":"Nest","floor":21,"gold_loss":0},{"damage_healed":0,"gold_gain":0,"player_choice":"Shed Blood","damage_taken":24,"max_hp_gain":5,"max_hp_loss":0,"event_name":"Forgotten Altar","floor":22,"gold_loss":0},{"damage_healed":0,"gold_gain":0,"player_choice":"Opened","damage_taken":0,"relics_obtained":["Regal Pillow"],"max_hp_gain":0,"max_hp_loss":0,"event_name":"The Mausoleum","floor":24,"gold_loss":0,"cards_obtained":["Writhe"]},{"damage_healed":0,"gold_gain":0,"player_choice":"Traded Relic","damage_taken":0,"relics_obtained":["Nloth\u0027s Gift"],"max_hp_gain":0,"max_hp_loss":0,"event_name":"N\u0027loth","floor":30,"relics_lost":["Pear"],"gold_loss":0}],"is_beta":false,"boss_relics":[{"not_picked":["Tiny House","Runic Dome"],"picked":"Empty Cage"},{"not_picked":["Runic Pyramid","Velvet Choker"],"picked":"Calling Bell"}],"items_purged_floors":[19],"is_endless":false,"potions_floor_spawned":[5,10,14,20,33,35,38],"killed_by":"Nemesis","ascension_level":19}}