{"host":"3j2m8n0ywf988fwb","time":1609386396,"event":{"mods":["2.2 Compatiblity","Act Like it!","Aspiration","Astrologer","BaseMod","Beaked The Cultist","Better Altar","Better Match","Better Note","Better Sensory Stone","Better Skull","Better Third Choice","CCEM","Colored Map","Colored Powertips","Conspire","Energized Spire","Evolution","Fireblade Mod","GifTheSpireLib","Googly Eyes","Halation","Hallownest","Highlight Path","Hubris","Infinite Spire","Jedi Mod","Marisa????????","Marked Mod","Mimic Mod","Minty Spire (QoL Compilation)","Random Character Button","Relic Stats","Replay The Spire","Robot Space Explorer","Shop Mod","Somnambulant","StSLib","Stuff the Spire","The Bug Knight","The Hierophant","The Marked","The Runesmith","TheFirefly","Unceasing Turn Reminder","everything is the same but u backflip on backflip"],"gold_per_floor":[16,16,16,44,44,44,61,61,101,121,121,136,136,136,136,136,136],"floor_reached":16,"playtime":649,"items_purged":[],"score":88,"play_id":"78f36d91-1457-44ce-8f64-6084f797c806","local_time":"20201230214636","is_ascension_mode":false,"campfire_choices":[{"data":"theMarked:SoldierOfQuellstein","floor":6,"key":"SMITH"},{"data":"theMarked:Polarize","floor":11,"key":"SMITH"},{"floor":15,"key":"REST"}],"circlet_count":0,"master_deck":["theMarked:Strike","theMarked:Strike","theMarked:Strike","theMarked:Strike","theMarked:Strike+1","theMarked:Defend","theMarked:Defend","theMarked:Defend+1","theMarked:Defend","theMarked:SoldierOfQuellstein+1","theMarked:GodGivenPower","theMarked:Electrocute","theMarked:Polarize+1"],"relics":["theMarked:ArtifactOfAir","EVO:Axolotl","hubris:FunFungus","Replay:Wax Seal","CeramicFish","hubris:Icosahedron"],"acts_visited":["Exordium"],"potions_floor_usage":[],"damage_taken":[{"damage":2,"enemies":"Cultist","floor":1,"turns":5},{"damage":23,"enemies":"conspire:MimicChest","floor":4,"turns":6},{"damage":0,"enemies":"Small Slimes","floor":7,"turns":3},{"damage":7,"enemies":"Jaw Worm","floor":9,"turns":7},{"damage":11,"enemies":"Jaw Worm","floor":10,"turns":2},{"damage":4,"enemies":"2 Fungi Beasts","floor":12,"turns":3},{"damage":57,"enemies":"Fading Forest","floor":16,"turns":7}],"seed_played":"-1259171242919403834","potions_obtained":[{"floor":1,"key":"DuplicationPotion"},{"floor":4,"key":"Flashbang"},{"floor":10,"key":"Fire Potion"}],"is_trial":false,"path_per_floor":["M","?","$","?","$","R","M","?","MIM","M","R","M","?","?","R","B"],"character_chosen":"THE_DEFAULT","items_purchased":[],"campfire_rested":1,"item_purchase_floors":[],"current_hp_per_floor":[68,70,70,47,47,47,48,48,46,35,35,31,17,17,38,0,0],"gold":136,"neow_bonus":"ONE_RARE_RELIC","is_daily":false,"chose_seed":false,"campfire_upgraded":2,"win_rate":0.0,"timestamp":1609386396,"path_taken":["M","?","$","?","$","R","M","?","MIM","?","R","M","?","?","R","BOSS"],"items_purchased_type":[],"build_version":"2020-12-22","purchased_purges":0,"victory":false,"max_hp_per_floor":[70,70,70,70,70,70,70,70,70,70,70,70,70,70,70,70,70],"relic_stats":{"counters":[7,33],"CeramicFish":9,"obtain_stats":[{"theMarked:ArtifactOfAir":0,"hubris:Icosahedron":14,"CeramicFish":9,"hubris:FunFungus":0,"EVO:Axolotl":0,"Replay:Wax Seal":4},{"theMarked:ArtifactOfAir":0,"hubris:Icosahedron":6,"CeramicFish":4,"hubris:FunFungus":0,"EVO:Axolotl":0,"Replay:Wax Seal":2},{"theMarked:ArtifactOfAir":0,"hubris:Icosahedron":26,"CeramicFish":21,"hubris:FunFungus":0,"EVO:Axolotl":0,"Replay:Wax Seal":11}]},"card_choices":[{"not_picked":["theMarked:Frustration","theMarked:RepellingDischarge"],"picked":"theMarked:GodGivenPower","floor":1},{"not_picked":["theMarked:Standoff","theMarked:HeightenedSenses"],"picked":"theMarked:Electrocute","floor":7},{"not_picked":["theMarked:Improvise","theMarked:WardOff"],"picked":"theMarked:Polarize","floor":10},{"not_picked":["theMarked:RepellingDischarge","theMarked:SelfDefenseTraining","theMarked:BanishingStrike"],"picked":"SKIP","floor":12}],"player_experience":1051160,"relics_obtained":[{"floor":4,"key":"Replay:Wax Seal"},{"floor":9,"key":"CeramicFish"}],"event_choices":[{"damage_healed":0,"gold_gain":0,"player_choice":"Disagree","damage_taken":0,"max_hp_gain":0,"max_hp_loss":0,"event_name":"conspire:LoneGhost","floor":8,"gold_loss":0},{"damage_healed":31,"gold_gain":0,"player_choice":"Upgrade","damage_taken":14,"max_hp_gain":0,"max_hp_loss":70,"event_name":"betterThird:BetterShining","floor":13,"gold_loss":0,"cards_upgraded":["theMarked:Strike","theMarked:Defend"]}],"is_beta":false,"boss_relics":[],"items_purged_floors":[],"is_endless":false,"potions_floor_spawned":[1,4,10],"killed_by":"Fading Forest","ascension_level":0}}