{"host":"51fyd6gkml7xavq8","time":1609450857,"event":{"mods":["BaseMod","BetterRewards","Colored Map","Energized Spire","Infinite Spire","Minty Spire (QoL Compilation)","Replay The Spire","Shop Mod","Spicy Shops","StSLib","The Blue Laboratory","[IsaacMod]????"],"gold_per_floor":[119,119,65,65,79,104,119,119,119,119,59,59,76,151,151,254,254,267,277,192,219,246,258,270,314,326,338,350,199,233,301,64,78,78,175,175,175,175,190,190,206,206,226,226,250,250,274,311,76,140,140,158],"floor_reached":53,"playtime":3719,"items_purged":["Defend_G","Strike_G","ReplayTheSpireMod:Splinters","Blur+1","Delirium"],"score":1271,"play_id":"c848a73e-9b4c-4b5a-9c7c-26d8862c4e22","local_time":"20201231184057","is_ascension_mode":true,"campfire_choices":[{"data":"EpicFetus","floor":10,"key":"SMITH"},{"data":"Toxin Wave","floor":12,"key":"SMITH"},{"floor":15,"key":"REST"},{"data":"A Thousand Cuts","floor":23,"key":"SMITH"},{"data":"Caltrops","floor":34,"key":"SMITH"},{"data":"infinitespire:UltimateForm","floor":42,"key":"SMITH"},{"data":"Neutralize","floor":44,"key":"SMITH"}],"circlet_count":0,"master_deck":["Strike_G","Strike_G","Defend_G","Defend_G","Defend_G","Defend_G","Survivor","Neutralize+1","EpicFetus+1","Footwork+1","Toxin Wave+1","Corpse Explosion","Madness+1","A Thousand Cuts+1","Poisoned Stab","Caltrops+1","infinitespire:UltimateForm+1","Crippling Poison","Envenom"],"relics":["Iron Core","HushsDoor","BookofShadows","MerchantsRug","BFFS","infinitespire:Cubic Diamond","ReplayTheSpireMod:Shallot","White Beast Statue","Busted Crown","Blood Vial","Replay:Rubber Ducky","MealTicket","Ancient Tea Set","Art of War","Happy Flower","energizedSpire:EnergizedDie","energizedSpire:OgreHead","NineVolt","MoneyPower","Regal Pillow","Replay:Bandana","infinitespire:FocusingShard","ReplayTheSpireMod:CursedCoin","Oddly Smooth Stone","Lizard Tail"],"acts_visited":["Exordium","TheCity","TheBeyond"],"potions_floor_usage":[21,22,25,25,40,41,48,52],"damage_taken":[{"damage":9.0,"enemies":"Jaw Worm","floor":1.0,"turns":3.0},{"damage":14.0,"enemies":"Small Slimes","floor":5.0,"turns":3.0},{"damage":6,"enemies":"Lagavulin","floor":6,"turns":8},{"damage":4,"enemies":"Cultist","floor":7,"turns":4},{"damage":1,"enemies":"Looter","floor":13,"turns":5},{"damage":11,"enemies":"The Guardian","floor":16,"turns":10},{"damage":0,"enemies":"Shell Parasite","floor":18,"turns":5},{"damage":25,"enemies":"3 Byrds","floor":19,"turns":3},{"damage":15,"enemies":"Shelled Parasite and Fungi","floor":21,"turns":5},{"damage":15,"enemies":"Snake Plant","floor":22,"turns":5},{"damage":0,"enemies":"Gremlin Leader","floor":25,"turns":5},{"damage":1,"enemies":"Book of Stabbing","floor":30,"turns":6},{"damage":0,"enemies":"Centurion and Healer","floor":33,"turns":3},{"damage":5,"enemies":"Champ","floor":35,"turns":12},{"damage":0,"enemies":"3 Darklings","floor":37,"turns":4},{"damage":0,"enemies":"Orb Walker","floor":39,"turns":4},{"damage":0,"enemies":"Mind Bloom Boss Battle","floor":40,"turns":6},{"damage":7,"enemies":"Jaw Worm Horde","floor":41,"turns":4},{"damage":0,"enemies":"Writhing Mass","floor":43,"turns":5},{"damage":0,"enemies":"R_Hoarder","floor":46,"turns":5},{"damage":3,"enemies":"Spire Growth","floor":47,"turns":5},{"damage":28,"enemies":"Reptomancer","floor":48,"turns":5},{"damage":17,"enemies":"2 Orb Walkers","floor":50,"turns":4},{"damage":52,"enemies":"infinitespire:MassOfShapes","floor":52,"turns":10}],"seed_played":"8914149477468200167","potions_obtained":[{"floor":1.0,"key":"blueLaboratory:BottleOfRum"},{"floor":5.0,"key":"blueLaboratory:RememoryPotion"},{"floor":13,"key":"LiquidMemories"},{"floor":16,"key":"blueLaboratory:BubblePotion"},{"floor":18,"key":"Venom Potion"},{"floor":19,"key":"blueLaboratory:LouseDecoction"},{"floor":21,"key":"blueLaboratory:Moonshine"},{"floor":22,"key":"Explosive Potion"},{"floor":25,"key":"Flashbang"},{"floor":30,"key":"blueLaboratory:ExaltedPotion"},{"floor":31,"key":"blueLaboratory:ExaltedPotion"},{"floor":31,"key":"blueLaboratory:BottleOfRum"},{"floor":33,"key":"blueLaboratory:PolymorphPotion"},{"floor":35,"key":"LifebloodPotion"},{"floor":37,"key":"Explosive Potion"},{"floor":39,"key":"SkillPotion"},{"floor":40,"key":"blueLaboratory:PyrophylliteBrew"},{"floor":43,"key":"blueLaboratory:Moonshine"},{"floor":46,"key":"blueLaboratory:SavagePotion"},{"floor":47,"key":"Poison Potion"},{"floor":48,"key":"blueLaboratory:PhilterOfMotion"},{"floor":50,"key":"Block Potion"}],"is_trial":false,"path_per_floor":["M","?","$","?","M","E","M","?","T","R","$","R","M","?","R","B",null,"M","M","?","M","M","R","?","E","T","PTL","PTL","$","E","?","$","M","R","B",null,"M","AVR","M","?","M","R","M","R","T","E","M","E","$","?","R_BF","B",null],"character_chosen":"THE_SILENT","items_purchased":["MerchantsRug","Footwork+1","BFFS","Madness","MealTicket","Caltrops","Happy Flower","ReplayTheSpireMod:CursedCoin","Envenom","Oddly Smooth Stone"],"campfire_rested":1,"item_purchase_floors":[0,0,3,11,29,32,32,49,49,49],"current_hp_per_floor":[50,43,43,43,29,23,19,19,19,19,19,19,18,7,28,17,70,70,45,45,30,15,15,15,15,15,15,15,15,16,16,31,33,33,30,70,70,70,70,70,63,63,65,65,65,67,66,40,55,40,70,18],"gold":158,"neow_bonus":"","is_daily":false,"chose_seed":false,"campfire_upgraded":6,"win_rate":0.0,"timestamp":1609450857,"path_taken":["M","?","$","?","?","E","M","?","T","R","$","R","M","?","R","BOSS","M","M","?","?","M","R","?","E","T","PTL","PTL","$","E","?","$","M","R","BOSS","M","AVR","M","?","?","R","M","R","T","E","M","E","$","?","R_BF","BOSS"],"items_purchased_type":["Relic","Card","Relic","Card","Relic","Card","Relic","Relic","Card","Relic"],"build_version":"2020-12-22","purchased_purges":5,"victory":true,"max_hp_per_floor":[70,70,70,70,70,70,70,70,70,70,70,70,70,70,70,70,70,70,70,70,70,70,70,70,70,70,70,70,70,70,70,70,70,70,70,70,70,70,70,70,70,70,70,70,70,70,70,70,70,70,70,70],"card_choices":[{"not_picked":[],"picked":"EpicFetus","floor":0.0},{"not_picked":["Dagger Spray","Escape Plan"],"picked":"Toxin Wave","floor":1.0},{"not_picked":["Evolve","Headbutt","Setup"],"picked":"SKIP","floor":5.0},{"not_picked":["Defragment","Outmaneuver"],"picked":"Corpse Explosion","floor":6},{"not_picked":["Bouncing Flask","ReplayTheSpireMod:GoodbyeWorld","Eviscerate"],"picked":"SKIP","floor":7},{"not_picked":["Seeing Red","Underhanded Strike","ReplayTheSpireMod:Muscle Training"],"picked":"SKIP","floor":13},{"not_picked":["Doppelganger","Mirror Shield"],"picked":"A Thousand Cuts","floor":16},{"not_picked":["Blur"],"picked":"SKIP","floor":18},{"not_picked":["Sucker Punch"],"picked":"SKIP","floor":19},{"not_picked":["Expertise"],"picked":"SKIP","floor":21},{"not_picked":["Slice"],"picked":"SKIP","floor":22},{"not_picked":[],"picked":"Poisoned Stab","floor":25},{"not_picked":["Deflect"],"picked":"SKIP","floor":30},{"not_picked":["Infinite Blades"],"picked":"SKIP","floor":33},{"not_picked":["Underhanded Strike+1"],"picked":"SKIP","floor":37},{"not_picked":["Quick Slash+1"],"picked":"SKIP","floor":39},{"not_picked":[],"picked":"Crippling Poison","floor":40},{"not_picked":["Backflip+1"],"picked":"SKIP","floor":41},{"not_picked":["Prepared+1"],"picked":"SKIP","floor":43},{"not_picked":["Tactician+1"],"picked":"SKIP","floor":46},{"not_picked":["Tools of the Trade"],"picked":"SKIP","floor":47},{"not_picked":["Slice+1"],"picked":"SKIP","floor":48}],"player_experience":442350,"relics_obtained":[{"floor":6,"key":"ReplayTheSpireMod:Shallot"},{"floor":9,"key":"White Beast Statue"},{"floor":25,"key":"Blood Vial"},{"floor":26,"key":"Replay:Rubber Ducky"},{"floor":30,"key":"Ancient Tea Set"},{"floor":31,"key":"Art of War"},{"floor":40,"key":"MoneyPower"},{"floor":45,"key":"Regal Pillow"},{"floor":46,"key":"Replay:Bandana"},{"floor":48,"key":"infinitespire:FocusingShard"},{"floor":50,"key":"Lizard Tail"}],"event_choices":[{"cards_removed":["Strike_G"],"damage_healed":0.0,"max_hp_gain":0.0,"max_hp_loss":0.0,"gold_gain":0.0,"event_name":"Golden Wing","player_choice":"Card Removal","floor":2.0,"gold_loss":0.0,"damage_taken":7.0},{"damage_healed":0,"gold_gain":75,"player_choice":"Gather Gold","damage_taken":11,"max_hp_gain":0,"max_hp_loss":0,"event_name":"World of Goop","floor":14,"gold_loss":0},{"damage_healed":0,"gold_gain":0,"player_choice":"Obtained Relic","damage_taken":0,"relics_obtained":["MawBank"],"max_hp_gain":0,"max_hp_loss":0,"event_name":"Addict","floor":20,"gold_loss":85},{"damage_healed":0,"gold_gain":0,"player_choice":"Fight","damage_taken":0,"max_hp_gain":0,"max_hp_loss":0,"event_name":"MindBloom","floor":40,"gold_loss":0},{"damage_healed":0,"gold_gain":0,"player_choice":"Fight","damage_taken":0,"max_hp_gain":0,"max_hp_loss":0,"event_name":"Mysterious Sphere","floor":50,"gold_loss":0}],"is_beta":false,"boss_relics":[{"not_picked":["energizedSpire:HugeHouse","Abe\u0027s Treasure"],"picked":"Busted Crown"},{"not_picked":[]},{"not_picked":["Replay:Ancient Bell","Calling Bell"],"picked":"energizedSpire:EnergizedDie"},{"not_picked":[]}],"items_purged_floors":[0,29,32,38,49],"is_endless":false,"potions_floor_spawned":[1,5,13,16,18,19,21,22,25,30,33,35,37,39,40,41,43,46,47,48,50],"ascension_level":3}}