{"host":"dcj2yvrgcvh5dl2s","time":1609367976,"event":{"mods":["BaseMod","Better Note","Block Reminder","Colored Powertips","DeckTracker","Minty Spire (QoL Compilation)","Quick Restart","Rare Cards Sparkle","Relic Stats","StSLib"],"gold_per_floor":[110,110,110,90,101,134,134,146,227,277,277,304,304,317,317,391,391,409,61,61,61,73,73,73,73],"floor_reached":24,"playtime":976,"items_purged":["Regret"],"score":384,"play_id":"9fb95e8a-e997-466b-881d-7177cd3ba54a","local_time":"20201231083936","is_ascension_mode":true,"campfire_choices":[{"floor":7,"key":"REST"},{"floor":11,"key":"REST"},{"floor":13,"key":"REST"},{"floor":15,"key":"REST"},{"floor":23,"key":"REST"}],"circlet_count":0,"master_deck":["AscendersBane","Strike_R","Strike_R","Strike_R+1","Strike_R","Strike_R","Defend_R","Defend_R","Defend_R+1","Defend_R","Bash","Injury","Disarm","Flex","Shrug It Off","Feed","Body Slam","Entrench","Necronomicurse","Infernal Blade"],"relics":["Black Blood","Dead Branch","Vajra","Juzu Bracelet","Blue Candle","Orichalcum","Bronze Scales","Necronomicon"],"acts_visited":["Exordium","TheCity"],"potions_floor_usage":[6,6,12],"damage_taken":[{"damage":10,"enemies":"Small Slimes","floor":1,"turns":3},{"damage":0,"enemies":"2 Louse","floor":5,"turns":2},{"damage":55,"enemies":"Gremlin Nob","floor":6,"turns":5},{"damage":15,"enemies":"Cultist","floor":8,"turns":4},{"damage":30,"enemies":"3 Sentries","floor":12,"turns":5},{"damage":3,"enemies":"Blue Slaver","floor":14,"turns":2},{"damage":31,"enemies":"The Guardian","floor":16,"turns":26},{"damage":25,"enemies":"Shell Parasite","floor":18,"turns":9},{"damage":18,"enemies":"3 Byrds","floor":22,"turns":4},{"damage":53,"enemies":"Gremlin Leader","floor":24,"turns":6}],"seed_played":"-2956177134304404674","potions_obtained":[{"floor":1,"key":"SkillPotion"},{"floor":4,"key":"BloodPotion"},{"floor":8,"key":"DistilledChaos"},{"floor":22,"key":"Ancient Potion"}],"is_trial":false,"path_per_floor":["M","?","?","?","M","E","R","M","T","?","R","E","R","M","R","B",null,"M","$","?","?","M","R","E"],"character_chosen":"IRONCLAD","items_purchased":["Body Slam","Entrench","Bronze Scales"],"campfire_rested":5,"item_purchase_floors":[19,19,19],"current_hp_per_floor":[64,64,41,41,47,13,35,26,26,19,41,17,39,42,64,39,66,53,53,32,32,29,52,0,0],"gold":73,"neow_bonus":"ONE_RARE_RELIC","is_daily":false,"chose_seed":false,"campfire_upgraded":0,"win_rate":0.0,"timestamp":1609367976,"path_taken":["M","?","?","?","?","E","R","M","T","?","R","E","R","M","R","BOSS","M","$","?","?","M","R","E"],"items_purchased_type":["Card","Card","Relic"],"build_version":"2020-12-22","purchased_purges":1,"victory":false,"max_hp_per_floor":[75,75,75,75,75,75,75,75,75,75,75,75,75,75,75,75,75,75,75,75,75,78,78,78,78],"relic_stats":{"counters":[10,66],"Dead Branch":[52],"Blue Candle":[19],"Bronze Scales":[80],"Black Blood":66,"Juzu Bracelet":1,"Necronomicon":[1],"Orichalcum":[78],"obtain_stats":[{"Dead Branch":0,"Blue Candle":9,"Bronze Scales":19,"Vajra":2,"Black Blood":17,"Juzu Bracelet":6,"Necronomicon":20,"Orichalcum":12,"Burning Blood":0},{"Dead Branch":0,"Blue Candle":4,"Bronze Scales":8,"Vajra":1,"Black Blood":7,"Juzu Bracelet":3,"Necronomicon":8,"Orichalcum":5,"Burning Blood":0},{"Dead Branch":0,"Blue Candle":14,"Bronze Scales":56,"Vajra":3,"Black Blood":47,"Juzu Bracelet":10,"Necronomicon":56,"Orichalcum":19,"Burning Blood":0}]},"card_choices":[{"not_picked":["True Grit","Sentinel"],"picked":"Disarm","floor":1},{"not_picked":["Anger","Wild Strike","Warcry"],"picked":"SKIP","floor":5},{"not_picked":["Headbutt","True Grit"],"picked":"Flex","floor":6},{"not_picked":["Fire Breathing","Headbutt","Spot Weakness"],"picked":"SKIP","floor":8},{"not_picked":["Anger","Body Slam"],"picked":"Shrug It Off","floor":12},{"not_picked":["Cleave","Dark Embrace","Dual Wield"],"picked":"SKIP","floor":14},{"not_picked":["Bludgeon","Exhume"],"picked":"Feed","floor":16},{"not_picked":["Pommel Strike","Anger","Twin Strike"],"picked":"SKIP","floor":18},{"not_picked":["Iron Wave","True Grit"],"picked":"Infernal Blade","floor":22}],"player_experience":2119046,"relics_obtained":[{"floor":6,"key":"Juzu Bracelet"},{"floor":9,"key":"Blue Candle"},{"floor":12,"key":"Orichalcum"},{"floor":20,"key":"Necronomicon"}],"event_choices":[{"damage_healed":0,"gold_gain":0,"player_choice":"Box","damage_taken":0,"relics_obtained":["Vajra"],"max_hp_gain":0,"max_hp_loss":0,"event_name":"Big Fish","floor":2,"gold_loss":0,"cards_obtained":["Regret"]},{"damage_healed":0,"gold_gain":0,"player_choice":"Entered Light","damage_taken":23,"max_hp_gain":0,"max_hp_loss":0,"event_name":"Shining Light","floor":3,"gold_loss":0,"cards_upgraded":["Defend_R","Strike_R"]},{"damage_healed":0,"gold_gain":0,"player_choice":"Bought 1 Potion","damage_taken":0,"max_hp_gain":0,"max_hp_loss":0,"event_name":"The Woman in Blue","floor":4,"gold_loss":0},{"damage_healed":0,"gold_gain":50,"player_choice":"Touch","damage_taken":7,"max_hp_gain":0,"max_hp_loss":0,"event_name":"FaceTrader","floor":10,"gold_loss":0},{"damage_healed":0,"gold_gain":0,"player_choice":"Obtained Book","damage_taken":21,"max_hp_gain":0,"max_hp_loss":0,"event_name":"Cursed Tome","floor":20,"gold_loss":0},{"damage_healed":0,"gold_gain":0,"player_choice":"Ignored","damage_taken":0,"max_hp_gain":0,"max_hp_loss":0,"event_name":"Ghosts","floor":21,"gold_loss":0}],"is_beta":false,"boss_relics":[{"not_picked":["Calling Bell","Astrolabe"],"picked":"Black Blood"}],"items_purged_floors":[19],"is_endless":false,"potions_floor_spawned":[1,5,8,22],"killed_by":"Gremlin Leader","ascension_level":18}}