{"host":"uikxj58mzlixykyi","time":1609433932,"event":{"mods":["AchievementEnabler","BaseMod","BetterRewards","Colored Map","Colored Powertips","Downfall","Highlight Path","Minty Spire (QoL Compilation)","Rare Cards Sparkle","Replay The Spire","Shop Mod","StSLib"],"gold_per_floor":[0,17,35,50,150,150,150,161,161,181,211,231,231,250,270,370,370,370,370,370,370,370,370,370,370,370,370,37,37,37,37,37,37,37,37,37,37,37,37,22,22,22,22,22,22,22,22,22,22,22],"floor_reached":51,"playtime":2559,"items_purged":[],"score":943,"play_id":"496edaaa-1a79-4550-8a14-e9c01d438486","local_time":"20201231185852","is_ascension_mode":true,"campfire_choices":[{"data":"Slimebound:CorrosiveSpit","floor":1.0,"key":"SMITH"},{"data":"Slimebound:LeadByExample","floor":6.0,"key":"SMITH"},{"data":"Slimebound:Split","floor":9.0,"key":"SMITH"},{"floor":13.0,"key":"REST"},{"data":"Slimebound:TagTeam","floor":18.0,"key":"SMITH"},{"data":"Slimebound:OozeBath","floor":23.0,"key":"SMITH"},{"data":"Slimebound:ProtectTheBoss","floor":29.0,"key":"SMITH"},{"data":"Slimebound:Overexert","floor":35.0,"key":"SMITH"},{"floor":45,"key":"REST"}],"circlet_count":0,"master_deck":["Slimebound:Strike_Slimebound","Slimebound:Strike_Slimebound","Slimebound:Strike_Slimebound","Slimebound:Tackle","Slimebound:Defend_Slimebound","Slimebound:Defend_Slimebound","Slimebound:Defend_Slimebound","Slimebound:Defend_Slimebound","Slimebound:Split+1","Slimebound:CorrosiveSpit+1","Slimebound:LeadByExample+1","Slimebound:SlimeSpikes","Slimebound:SplitBruiser+1","Slimebound:SlimeSpikes","Slimebound:OozeBath+1","Slimebound:SlimeTap","Slimebound:TagTeam+1","Slimebound:SplitAcid+1","Slimebound:ProtectTheBoss+1","Slimebound:SplitSpecialist+1","Slimebound:SplitBruiser","expansioncontent:Corrupt","Slimebound:SplitAcid+1","CommonCold","Slimebound:Overexert+1","Slimebound:Replication+1","Replay:SS_hec_2","Slimebound:SplitMire+1","Slimebound:Repurpose+1","Slimebound:SamplingLick+1","Slimebound:SplitLeeching"],"relics":["Slimebound:AbsorbEndCombat","CaptainsWheel","downfall:GremlinWheel","Tiny Chest","Kunai","Replay:Kaleidoscope","downfall:Hecktoplasm","Vajra","Pen Nib","Replay:Baseball","Ring of Greed","Ring of Peace","MealTicket","Golden Idol","expansioncontent:StudyCardRelic","Replay:Bandana","Frozen Egg 2","Pet Ghost"],"acts_visited":["Exordium","TheCity","TheBeyond"],"potions_floor_usage":[50],"damage_taken":[{"damage":16.0,"enemies":"Jaw Worm","floor":2.0,"turns":3.0},{"damage":4.0,"enemies":"Cultist","floor":3.0,"turns":3.0},{"damage":0.0,"enemies":"2 Louse","floor":4.0,"turns":2.0},{"damage":25.0,"enemies":"2 Louse","floor":5.0,"turns":5.0},{"damage":7.0,"enemies":"Gremlin Gang","floor":8.0,"turns":5.0},{"damage":17.0,"enemies":"Exordium Wildlife","floor":10.0,"turns":2.0},{"damage":23.0,"enemies":"Replay:BlueRogue","floor":11.0,"turns":3.0},{"damage":35.0,"enemies":"Exordium Thugs","floor":12.0,"turns":3.0},{"damage":27.0,"enemies":"3 Louse","floor":14.0,"turns":2.0},{"damage":26.0,"enemies":"Blue Slaver","floor":15.0,"turns":3.0},{"damage":39.0,"enemies":"downfall:Ironclad","floor":16.0,"turns":9.0},{"damage":5.0,"enemies":"Spheric Guardian","floor":19.0,"turns":4.0},{"damage":30.0,"enemies":"Shell Parasite","floor":20.0,"turns":4.0},{"damage":42.0,"enemies":"Cultist and Chosen","floor":21.0,"turns":5.0},{"damage":25.0,"enemies":"Snake Plant","floor":25.0,"turns":3.0},{"damage":29.0,"enemies":"3 Cultists","floor":26.0,"turns":4.0},{"damage":23.0,"enemies":"downfall:FleeingMerchant","floor":28.0,"turns":4.0},{"damage":26.0,"enemies":"Cultist and Chosen","floor":30.0,"turns":4.0},{"damage":22.0,"enemies":"Snake Plant","floor":32.0,"turns":4.0},{"damage":27.0,"enemies":"downfall:Defect","floor":33.0,"turns":6.0},{"damage":15,"enemies":"3 Darklings","floor":36,"turns":4},{"damage":14,"enemies":"Orb Walker","floor":37,"turns":2},{"damage":38,"enemies":"Transient","floor":39,"turns":5},{"damage":27,"enemies":"downfall:FleeingMerchant","floor":40,"turns":4},{"damage":29,"enemies":"Spire Growth","floor":43,"turns":3},{"damage":33,"enemies":"4 Shapes","floor":44,"turns":3},{"damage":24,"enemies":"R_Hoarder","floor":46,"turns":6},{"damage":41,"enemies":"Writhing Mass","floor":48,"turns":5},{"damage":20,"enemies":"3 Darklings","floor":49,"turns":4},{"damage":20,"enemies":"downfall:Watcher","floor":50,"turns":6}],"seed_played":"-5725823280250279302","potions_obtained":[{"floor":3.0,"key":"SkillPotion"},{"floor":5.0,"key":"Fruit Juice"},{"floor":11.0,"key":"Languid Potion"},{"floor":14.0,"key":"SpeedPotion"},{"floor":16.0,"key":"Dexterity Potion"},{"floor":19.0,"key":"champ:CounterPotion"},{"floor":43,"key":"BlessingOfTheForge"},{"floor":44,"key":"Strength Potion"},{"floor":46,"key":"AttackPotion"},{"floor":47,"key":"Slimebound:SpawnSlimePotion"},{"floor":47,"key":"Languid Potion"}],"is_trial":false,"path_per_floor":["R","M","M","M","?","R","T","M","R","M","E","M","R","M","M","B",null,"R","M","M","M","?","R","T","M","M","T","$","R","M","?","M","B",null,"R","M","M","?","M","$","T","T","M","M","R","E","?","M","M","B",null],"character_chosen":"SLIMEBOUND","items_purchased":["Replay:Baseball","expansioncontent:Corrupt"],"campfire_rested":2,"item_purchase_floors":[28,28],"current_hp_per_floor":[60,56,60,60,52,52,52,57,57,56,53,38,57,46,36,37,58,58,57,51,41,41,41,41,36,35,35,44,44,50,50,48,61,64,64,57,59,59,59,62,62,62,56,43,62,65,65,63,65,65],"gold":22,"neow_bonus":"ONE_RARE_RELIC","is_daily":false,"chose_seed":false,"campfire_upgraded":7,"win_rate":0.0,"timestamp":1609433932,"path_taken":["R","M","M","M","?","R","T","M","R","M","E","?","R","M","M","BOSS","R","M","M","M","?","R","T","M","?","?","?","R","M","?","M","BOSS","R","M","M","?","M","$","T","?","M","?","R","E","?","?","M","BOSS"],"items_purchased_type":["Relic","Card"],"build_version":"2020-12-22","purchased_purges":0,"victory":true,"max_hp_per_floor":[60,60,60,60,65,65,65,65,65,65,65,65,65,65,65,65,65,65,65,65,65,65,65,65,65,65,65,65,65,65,65,65,65,65,65,65,65,65,65,65,65,65,65,65,65,65,65,65,65,65],"card_choices":[{"not_picked":["Slimebound:RollThrough","Slimebound:LeechEnergy","Slimebound:TongueLash"],"picked":"SKIP","floor":2.0},{"not_picked":["Slimebound:Replication","Slimebound:HungryTackle"],"picked":"Slimebound:LeadByExample","floor":3.0},{"not_picked":["Slimebound:Grow","Slimebound:ServeAndProtect"],"picked":"Slimebound:SlimeSpikes","floor":4.0},{"not_picked":["Slimebound:SlimeBrawl","Slimebound:MegaLick"],"picked":"Slimebound:SplitBruiser","floor":8.0},{"not_picked":["Slimebound:PressTheAttack","Slimebound:ServeAndProtect","Slimebound:FinishingTackle"],"picked":"SKIP","floor":10.0},{"not_picked":["Slimebound:FlameTackle","Slimebound:RainOfGoop"],"picked":"Slimebound:SlimeSpikes","floor":11.0},{"not_picked":["Slimebound:ComboTackle","Slimebound:SlimeSpikes","Slimebound:ForwardTackle"],"picked":"SKIP","floor":12.0},{"not_picked":["Slimebound:DivideAndConquer","Slimebound:SplitLeeching"],"picked":"Slimebound:OozeBath","floor":14.0},{"not_picked":["Slimebound:FinishingTackle","Slimebound:HungryTackle"],"picked":"Slimebound:SlimeTap","floor":15.0},{"not_picked":["Slimebound:SlimeSlap","Slimebound:DuplicatedForm"],"picked":"Slimebound:TagTeam","floor":16.0},{"not_picked":["Slimebound:GoopSpray","Slimebound:Equalize"],"picked":"Slimebound:SplitAcid+1","floor":19.0},{"not_picked":["Slimebound:Chomp","Slimebound:ComboTackle","Slimebound:DisruptingSlam"],"picked":"SKIP","floor":20.0},{"not_picked":["Slimebound:FinishingTackle+1","Slimebound:LeechingTouch+1","Slimebound:RainOfGoop"],"picked":"SKIP","floor":21.0},{"not_picked":["Slimebound:GoopSpray","Slimebound:Schlurp+1"],"picked":"Slimebound:ProtectTheBoss","floor":25.0},{"not_picked":["Slimebound:ServeAndProtect","Slimebound:ForwardTackle"],"picked":"Slimebound:SplitSpecialist+1","floor":26.0},{"not_picked":["Slimebound:DouseInSlime","Slimebound:DivideAndConquer"],"picked":"Slimebound:SplitBruiser","floor":28.0},{"not_picked":["Slimebound:Repurpose","Slimebound:PressTheAttack"],"picked":"Slimebound:SplitAcid+1","floor":30.0},{"not_picked":["Slimebound:LeechEnergy+1","Slimebound:DivideAndConquer","Slimebound:SlimeSpikes"],"picked":"SKIP","floor":32.0},{"not_picked":["Slimebound:PrepareCrush","Slimebound:SlimeSlap"],"picked":"Slimebound:Overexert","floor":33.0},{"not_picked":["Slimebound:ServeAndProtect+1","Slimebound:LeechingTouch+1","Slimebound:Grow"],"picked":"SKIP","floor":36},{"not_picked":["Slimebound:ItLooksTasty+1","Slimebound:SlimeTap"],"picked":"Slimebound:Replication+1","floor":37},{"not_picked":["Replay:SS_fish_1","Replay:SS_hec_4"],"picked":"Replay:SS_hec_2","floor":38},{"not_picked":["Slimebound:AcidTongue+1","Slimebound:TongueLash+1"],"picked":"Slimebound:SplitMire+1","floor":39},{"not_picked":["Slimebound:MassFeed","Slimebound:FirmFortitude+1"],"picked":"Slimebound:Repurpose+1","floor":40},{"not_picked":["Slimebound:SlimeBrawl+1","Slimebound:DivideAndConquer"],"picked":"Slimebound:SamplingLick+1","floor":43},{"not_picked":["Slimebound:SplitBruiser","Slimebound:FinishingTackle+1"],"picked":"Slimebound:SplitLeeching","floor":44},{"not_picked":["Slimebound:SpikyOuterGoop+1","Slimebound:LeechEnergy+1","Slimebound:RollThrough+1"],"picked":"SKIP","floor":46},{"not_picked":["Slimebound:LeechEnergy+1","Slimebound:ComboTackle+1","Slimebound:FinishingTackle"],"picked":"SKIP","floor":48},{"not_picked":["Slimebound:SlimeBrawl","Slimebound:BestDefense+1","Slimebound:DivideAndConquer"],"picked":"SKIP","floor":49}],"player_experience":82719,"relics_obtained":[{"floor":5.0,"key":"downfall:GremlinWheel"},{"floor":6.0,"key":"Tiny Chest"},{"floor":7.0,"key":"Kunai"},{"floor":11.0,"key":"Replay:Kaleidoscope"},{"floor":24.0,"key":"Vajra"},{"floor":27.0,"key":"Pen Nib"},{"floor":31.0,"key":"Ring of Greed"},{"floor":31.0,"key":"Ring of Peace"},{"floor":31.0,"key":"MealTicket"},{"floor":31.0,"key":"Golden Idol"},{"floor":41,"key":"Replay:Bandana"},{"floor":42,"key":"Frozen Egg 2"},{"floor":46,"key":"Pet Ghost"}],"event_choices":[{"damage_healed":0.0,"max_hp_gain":0.0,"max_hp_loss":0.0,"gold_gain":0.0,"event_name":"Wheel of Change","player_choice":"Relic","floor":6.0,"gold_loss":0.0,"damage_taken":0.0},{"damage_healed":0.0,"max_hp_gain":0.0,"max_hp_loss":0.0,"gold_gain":0.0,"event_name":"Accursed Blacksmith","player_choice":"Forge","floor":22.0,"gold_loss":0.0,"damage_taken":0.0,"cards_upgraded":["Slimebound:SplitBruiser"]},{"damage_healed":0,"gold_gain":0,"player_choice":"Got Potions","damage_taken":0,"max_hp_gain":0,"max_hp_loss":0,"event_name":"Lab","floor":47,"gold_loss":0}],"is_beta":false,"boss_relics":[{"not_picked":["Ring of Chaos","Velvet Choker"],"picked":"downfall:Hecktoplasm"},{"not_picked":["Runic Pyramid","Empty Cage"],"picked":"expansioncontent:StudyCardRelic"}],"items_purged_floors":[],"is_endless":false,"potions_floor_spawned":[3,5,11,14,16,19,25,30,32,43,44,46,48,49],"ascension_level":5}}