{"host":"p08oqmr389b4tgxi","time":1609427745,"event":{"mods":["Act Like it!","Arknights The Spire","BaseMod","Colored Powertips","Friendly Minions","Gensokyo","Hermit","Minty Spire (QoL Compilation)","Pale of the Ancients","Relic Stats","StSLib","The Alterego","The Marked","UnlockEverythingMod","Yakumo Yukari mod"],"gold_per_floor":[119,44,44,55,68,96,96,115,138,138,157,176,187,221,221,221,221],"floor_reached":16,"playtime":958,"items_purged":[],"score":114,"play_id":"ca3d4716-6203-4721-98ac-fa5f035f3749","local_time":"20201231231545","is_ascension_mode":false,"campfire_choices":[{"data":"ats:Thorns","floor":10,"key":"SMITH"},{"data":"ats:Rapid Magazine","floor":15,"key":"SMITH"}],"circlet_count":0,"master_deck":["ats:Strike C","ats:Strike G","ats:Strike S","ats:Strike V","ats:Armor Crushing Shot","ats:Defend","ats:Defend","ats:Defend","ats:Defend","ats:Emotion Absorption","ats:Part Time Job","ats:Curse Doll+1","ats:Rapid Magazine+1","ats:Explosion Area Strengthen","ats:Thorns+1","ats:Apocalypse","ats:Hammer On","ats:Overload","ats:Overload"],"relics":["ats:Sanity","NeowsBlessing","ats:Originium","Ancient Tea Set","ats:Emergency Defibrillator","Omamori","ats:Rhine Circuitry"],"acts_visited":["Gensokyo:Gensokyo"],"potions_floor_usage":[8],"damage_taken":[{"damage":0,"enemies":"Gensokyo:Python","floor":1,"turns":1},{"damage":0,"enemies":"Gensokyo:3_Fairies","floor":4,"turns":2},{"damage":0,"enemies":"Gensokyo:2_Kodama","floor":5,"turns":3},{"damage":33,"enemies":"Gensokyo:Mamizou","floor":6,"turns":10},{"damage":15,"enemies":"Gensokyo:VengefulSpirit","floor":8,"turns":6},{"damage":26,"enemies":"Gensokyo:Python_and_Kodama","floor":11,"turns":4},{"damage":26,"enemies":"Gensokyo:LivingMonolith","floor":12,"turns":5},{"damage":1,"enemies":"Gensokyo:VengefulSpirit","floor":13,"turns":5},{"damage":32,"enemies":"Gensokyo:Aya","floor":14,"turns":6},{"damage":41,"enemies":"Gensokyo:Reimu","floor":16,"turns":7}],"seed_played":"-5793310574045848969","potions_obtained":[{"floor":4,"key":"Energy Potion"},{"floor":6,"key":"SteroidPotion"},{"floor":11,"key":"SkillPotion"},{"floor":13,"key":"ColorlessPotion"}],"is_trial":false,"path_per_floor":["M","COS","?","M","M","E","?","M","T","R","M","M","M","E","R","B"],"character_chosen":"DOCTOR_CLASS","items_purchased":[],"campfire_rested":0,"item_purchase_floors":[],"current_hp_per_floor":[72,72,72,72,72,42,42,40,40,40,24,8,52,34,34,0,0],"gold":221,"neow_bonus":"THREE_ENEMY_KILL","is_daily":false,"chose_seed":false,"campfire_upgraded":2,"win_rate":0.0,"timestamp":1609427745,"path_taken":["M","COS","?","M","M","E","?","M","T","R","M","M","?","E","R","BOSS"],"items_purchased_type":[],"build_version":"2020-12-22","purchased_purges":0,"victory":false,"max_hp_per_floor":[72,72,72,72,72,72,72,72,72,72,72,72,72,72,72,72,72],"relic_stats":{"counters":[10,49],"obtain_stats":[{"NeowsBlessing":0,"ats:Originium":6,"ats:Emergency Defibrillator":8,"Omamori":9,"ats:Sanity":0,"Ancient Tea Set":6,"ats:Rhine Circuitry":14},{"NeowsBlessing":0,"ats:Originium":4,"ats:Emergency Defibrillator":5,"Omamori":5,"ats:Sanity":0,"Ancient Tea Set":4,"ats:Rhine Circuitry":9},{"NeowsBlessing":0,"ats:Originium":16,"ats:Emergency Defibrillator":17,"Omamori":22,"ats:Sanity":0,"Ancient Tea Set":16,"ats:Rhine Circuitry":42}]},"card_choices":[{"not_picked":["ats:Shell Defense","ats:Hammer On"],"picked":"ats:Part Time Job","floor":1},{"not_picked":["ats:Song Of Battle","ats:Curse Doll"],"picked":"ats:Rapid Magazine","floor":4},{"not_picked":["ats:Curse Doll","ats:Closed Bolt Burst Fire"],"picked":"ats:Explosion Area Strengthen","floor":5},{"not_picked":["ats:Composite Medical Shells","ats:Ignite"],"picked":"ats:Thorns","floor":6},{"not_picked":["ats:Shadow Assault","ats:Leaping Hammer"],"picked":"ats:Apocalypse","floor":7},{"not_picked":["ats:Automatic Cover","ats:Sunburst","ats:Shadow Raid"],"picked":"SKIP","floor":8},{"not_picked":["ats:Part Time Job","ats:Flexible Camouflage","ats:Leaping Hammer"],"picked":"SKIP","floor":11},{"not_picked":["ats:Directed Diagnosis","ats:Healing Strengthening"],"picked":"ats:Hammer On","floor":12},{"not_picked":["ats:Shell Defense","ats:Explosion Area Strengthen"],"picked":"ats:Overload","floor":13},{"not_picked":["ats:Guardian Obelisk","ats:Burning Ground"],"picked":"ats:Overload","floor":14}],"player_experience":754,"relics_obtained":[{"floor":6,"key":"ats:Originium"},{"floor":6,"key":"Ancient Tea Set"},{"floor":9,"key":"Omamori"},{"floor":14,"key":"ats:Originium"},{"floor":14,"key":"ats:Rhine Circuitry"}],"event_choices":[],"is_beta":false,"boss_relics":[],"items_purged_floors":[],"is_endless":false,"potions_floor_spawned":[4,6,11,13],"killed_by":"Gensokyo:Reimu","ascension_level":0}}