{"host":"areou1to5q11ox5u","time":1609452191,"event":{"mods":["AchievementEnabler","Act Like it!","BaseMod","Bestiary","Better Note","Better Third Choice","BetterRewards","Block Reminder","Colored Map","Colored Powertips","DeckTracker","Downfall","Hermit","Highlight Path","Infinite Spire","Minty Spire (QoL Compilation)","Permanent Neow","Random Character Button","Relic Sorter","Relic Stats","StSLib","The Construct","The Jungle"],"gold_per_floor":[109,121,138,153,172,172,201,201,225,225,241,252,263,228,228,324,324,337,337,350,89,89,89,107,12,12,12,12,22,38,53,53,53,53],"floor_reached":33,"playtime":2147,"items_purged":[],"score":403,"play_id":"f1ff5954-80d8-4218-ba9b-2a379d226eb2","local_time":"20201231230311","is_ascension_mode":false,"campfire_choices":[{"data":"Double Energy","floor":6.0,"key":"SMITH"},{"floor":8.0,"key":"REST"},{"data":"Rip and Tear","floor":10.0,"key":"SMITH"},{"data":"Ball Lightning","floor":15.0,"key":"SMITH"},{"data":"Hello World","floor":23.0,"key":"SMITH"},{"data":"Discovery","floor":28.0,"key":"SMITH"},{"data":"Go for the Eyes","floor":32.0,"key":"SMITH"}],"circlet_count":0,"master_deck":["Strike_B+1","Strike_B+1","Strike_B","Strike_B","Defend_B","Defend_B","Defend_B","Defend_B","Zap","Dualcast","Double Energy+1","Genetic Algorithm","Double Energy","Rip and Tear+1","Rebound","White Noise","Sweeping Beam","Ball Lightning+1","Capacitor","Rainbow","Hello World+1","infinitespire:TheBestDefense+1","Stack+1","infinitespire:Collect","Steam","Discovery+1","Ball Lightning","Redo","Go for the Eyes+1"],"relics":["Cracked Core","Whetstone","Toolbox","infinitespire:CheckeredPen","Juzu Bracelet","Philosopher\u0027s Stone","Kunai","Question Card"],"acts_visited":["Exordium","TheCity"],"potions_floor_usage":[33,33],"damage_taken":[{"damage":3.0,"enemies":"Jaw Worm","floor":1.0,"turns":3.0},{"damage":0.0,"enemies":"Small Slimes","floor":2.0,"turns":2.0},{"damage":0.0,"enemies":"Cultist","floor":3.0,"turns":3.0},{"damage":13.0,"enemies":"Exordium Wildlife","floor":4.0,"turns":3.0},{"damage":0.0,"enemies":"Gremlin Gang","floor":5.0,"turns":1.0},{"damage":43.0,"enemies":"3 Sentries","floor":7.0,"turns":7.0},{"damage":0.0,"enemies":"Blue Slaver","floor":11.0,"turns":3.0},{"damage":0.0,"enemies":"Exordium Wildlife","floor":12.0,"turns":2.0},{"damage":0.0,"enemies":"3 Louse","floor":13.0,"turns":2.0},{"damage":0.0,"enemies":"Slime Boss","floor":16.0,"turns":6.0},{"damage":0.0,"enemies":"Chosen","floor":18.0,"turns":4.0},{"damage":0.0,"enemies":"Spheric Guardian","floor":20.0,"turns":3.0},{"damage":1.0,"enemies":"Snake Plant","floor":24.0,"turns":4.0},{"damage":3.0,"enemies":"Centurion and Healer","floor":29.0,"turns":4.0},{"damage":19.0,"enemies":"Sentry and Sphere","floor":30.0,"turns":4.0},{"damage":8.0,"enemies":"Cultist and Chosen","floor":31.0,"turns":4.0},{"damage":42,"enemies":"Collector","floor":33,"turns":3}],"seed_played":"-8993760059049097570","potions_obtained":[{"floor":2.0,"key":"AttackPotion"},{"floor":3.0,"key":"Strength Potion"},{"floor":11.0,"key":"Dexterity Potion"},{"floor":13.0,"key":"FearPotion"},{"floor":16.0,"key":"Explosive Potion"},{"floor":20.0,"key":"Energy Potion"},{"floor":30.0,"key":"BlessingOfTheForge"}],"is_trial":false,"path_per_floor":["M","M","M","M","M","R","E","R","T","R","M","M","M","?","R","B",null,"M","?","M","$","?","R","M","$","T","?","R","M","M","M","R","B"],"character_chosen":"DEFECT","items_purchased":["Whetstone","Toolbox","Kunai","Discovery"],"campfire_rested":1,"item_purchase_floors":[0,0,21,25],"current_hp_per_floor":[62,62,62,49,49,49,6,28,28,28,28,28,28,46,46,46,75,75,75,75,75,58,58,57,57,57,57,57,54,35,27,27,0,0],"gold":53,"neow_bonus":"","is_daily":false,"chose_seed":false,"campfire_upgraded":6,"win_rate":0.0,"timestamp":1609452191,"path_taken":["M","M","M","M","M","R","E","R","T","R","M","M","M","?","R","BOSS","M","?","M","$","?","R","M","?","T","?","R","M","M","M","R","BOSS"],"items_purchased_type":["Relic","Relic","Relic","Card"],"build_version":"2020-12-22","purchased_purges":0,"victory":false,"max_hp_per_floor":[75,75,75,75,75,75,75,75,75,75,75,75,75,75,75,75,75,75,75,75,75,75,75,75,75,75,75,75,75,75,75,75,75,75],"relic_stats":{"counters":[81,375],"Juzu Bracelet":1,"Whetstone":["Strike_B","Strike_B"],"Kunai":[5],"Question Card":4,"obtain_stats":[{"Tiny House":34,"Vajra":0,"Bag of Preparation":9,"Juzu Bracelet":9,"Whetstone":0,"PrismaticShard":13,"Strawberry":8,"Toolbox":0,"infinitespire:Golems Mask":0,"MealTicket":26,"Philosopher\u0027s Stone":17,"HandDrill":37,"Kunai":9,"Cracked Core":0,"Runic Pyramid":17,"Potion Belt":0,"Inserter":17,"Pear":31,"Happy Flower":8,"Astrolabe":17,"Oddly Smooth Stone":2,"infinitespire:Beetle Shell":3,"infinitespire:FocusingShard":0,"infinitespire:CheckeredPen":7,"Question Card":26,"Anchor":19,"Bag of Marbles":25,"infinitespire:EmpoweringShard":26,"infinitespire:PuzzleCube":7,"infinitespire:Freezer":9},{"Tiny House":18,"Vajra":48,"Bag of Preparation":55,"Juzu Bracelet":70,"Whetstone":64,"PrismaticShard":42,"Strawberry":6,"Toolbox":64,"infinitespire:Golems Mask":22,"MealTicket":35,"Philosopher\u0027s Stone":74,"HandDrill":19,"Kunai":27,"Cracked Core":0,"Runic Pyramid":44,"Potion Belt":0,"Inserter":30,"Pear":35,"Happy Flower":55,"Astrolabe":9,"Oddly Smooth Stone":1,"infinitespire:Beetle Shell":24,"infinitespire:FocusingShard":36,"infinitespire:CheckeredPen":70,"Question Card":14,"Anchor":10,"Bag of Marbles":14,"infinitespire:EmpoweringShard":63,"infinitespire:PuzzleCube":41,"infinitespire:Freezer":6},{"Tiny House":97,"Vajra":244,"Bag of Preparation":274,"Juzu Bracelet":336,"Whetstone":317,"PrismaticShard":209,"Strawberry":25,"Toolbox":317,"infinitespire:Golems Mask":119,"MealTicket":186,"Philosopher\u0027s Stone":349,"HandDrill":103,"Kunai":136,"Cracked Core":0,"Runic Pyramid":223,"Potion Belt":0,"Inserter":154,"Pear":186,"Happy Flower":274,"Astrolabe":44,"Oddly Smooth Stone":4,"infinitespire:Beetle Shell":125,"infinitespire:FocusingShard":192,"infinitespire:CheckeredPen":336,"Question Card":70,"Anchor":47,"Bag of Marbles":70,"infinitespire:EmpoweringShard":313,"infinitespire:PuzzleCube":206,"infinitespire:Freezer":25}]},"card_choices":[{"not_picked":["Hello World","Cold Snap"],"picked":"Double Energy","floor":1.0},{"not_picked":["Coolheaded","Rebound"],"picked":"Genetic Algorithm","floor":2.0},{"not_picked":["Gash","Go for the Eyes"],"picked":"Double Energy","floor":3.0},{"not_picked":["Hologram","Cold Snap"],"picked":"Rip and Tear","floor":4.0},{"not_picked":["Double Energy","Scrape"],"picked":"Rebound","floor":5.0},{"not_picked":["FTL","Scrape"],"picked":"White Noise","floor":7.0},{"not_picked":["Blizzard","Compile Driver"],"picked":"Sweeping Beam","floor":11.0},{"not_picked":["Beam Cell","Stack"],"picked":"Ball Lightning","floor":12.0},{"not_picked":["Aggregate","Conserve Battery"],"picked":"Capacitor","floor":13.0},{"not_picked":["Creative AI","Seek"],"picked":"Rainbow","floor":16.0},{"not_picked":["Loop+1","Double Energy"],"picked":"Hello World","floor":18.0},{"not_picked":["Compile Driver","Steam+1"],"picked":"Stack+1","floor":20.0},{"not_picked":["infinitespire:TheBestDefense","infinitespire:DeathsTouch"],"picked":"infinitespire:Collect","floor":22.0},{"not_picked":["Coolheaded","Glacier"],"picked":"Steam","floor":24.0},{"not_picked":["Creative AI","Skim+1","Double Energy"],"picked":"Ball Lightning","floor":29.0},{"not_picked":["FTL+1","Scrape","Compile Driver+1"],"picked":"Redo","floor":30.0},{"not_picked":["Turbo+1","Consume","Blizzard"],"picked":"Go for the Eyes","floor":31.0}],"player_experience":55843,"relics_obtained":[{"floor":7.0,"key":"infinitespire:CheckeredPen"},{"floor":9.0,"key":"Juzu Bracelet"},{"floor":26.0,"key":"Question Card"}],"event_choices":[{"damage_healed":18.0,"max_hp_gain":0.0,"max_hp_loss":0.0,"gold_gain":0.0,"event_name":"The Cleric","player_choice":"Healed","floor":14.0,"gold_loss":35.0,"damage_taken":0.0},{"cards_removed":["Capacitor"],"damage_healed":0.0,"max_hp_gain":0.0,"max_hp_loss":0.0,"gold_gain":0.0,"event_name":"betterNote:BetterNote","player_choice":"Take \u0026 Give","floor":19.0,"gold_loss":0.0,"damage_taken":0.0,"cards_obtained":["infinitespire:TheBestDefense"]},{"damage_healed":0.0,"max_hp_gain":0.0,"max_hp_loss":0.0,"gold_gain":0.0,"event_name":"Ghosts","player_choice":"Ignored","floor":27.0,"gold_loss":0.0,"damage_taken":0.0}],"is_beta":false,"boss_relics":[{"not_picked":["SlaversCollar","Runic Pyramid"],"picked":"Philosopher\u0027s Stone"}],"items_purged_floors":[],"is_endless":false,"potions_floor_spawned":[2,3,11,13,16,20,30,31],"killed_by":"Collector","ascension_level":0}}