{"host":"r3d3rfw8zyydmocx","time":1609407518,"event":{"mods":["Aspiration","BaseMod","Better Third Choice","Colored Powertips","Conspire","Downfall","Hermit","Highlight Path","Hubris","Minty Spire (QoL Compilation)","StSLib","The Hierophant","The Servant 0.9.4"],"gold_per_floor":[199,219,230,230,246,275,275,306,306,64,83,154,154,154,173,173,173,173],"floor_reached":16,"playtime":667,"items_purged":[],"score":179,"play_id":"2759c5ca-50a2-450b-b33e-d232c556f2c4","local_time":"20201231013838","is_ascension_mode":true,"campfire_choices":[{"data":"Slimebound:Split","floor":1,"key":"SMITH"},{"data":"Slimebound:SamplingLick","floor":9,"key":"SMITH"},{"data":"Slimebound:DuplicatedForm","floor":13,"key":"SMITH"}],"circlet_count":0,"master_deck":["conspire:GhostlyStrike","conspire:GhostlyStrike","conspire:GhostlyStrike","Slimebound:Tackle","conspire:GhostlyDefend","conspire:GhostlyDefend","conspire:GhostlyDefend","conspire:GhostlyDefend","Slimebound:Split+1","Slimebound:CorrosiveSpit","Slimebound:PressTheAttack","Slimebound:LeechEnergy","Slimebound:SamplingLick+1","Slimebound:DuplicatedForm+1","Slimebound:LevelUp","Slimebound:RejuvenatingLick","Slimebound:LivingWall","Slimebound:Recollect"],"relics":["Slimebound:AbsorbEndCombat","hubris:Icosahedron","StoneCalendar","conspire:DecoderRing","Nunchaku","Strange Spoon","StrikeDummy"],"acts_visited":["Exordium"],"potions_floor_usage":[],"damage_taken":[{"damage":12,"enemies":"Small Slimes","floor":2,"turns":3},{"damage":8,"enemies":"Cultist","floor":3,"turns":3},{"damage":10,"enemies":"2 Louse","floor":5,"turns":3},{"damage":28,"enemies":"Lagavulin","floor":6,"turns":6},{"damage":38,"enemies":"3 Sentries","floor":8,"turns":7},{"damage":25,"enemies":"downfall:FleeingMerchant","floor":10,"turns":4},{"damage":11,"enemies":"Exordium Wildlife","floor":11,"turns":2},{"damage":9,"enemies":"Red Slaver","floor":15,"turns":3},{"damage":44,"enemies":"downfall:Defect","floor":16,"turns":5}],"seed_played":"8309360116798053952","potions_obtained":[{"floor":3,"key":"FairyPotion"},{"floor":11,"key":"LiquidMemories"}],"is_trial":false,"path_per_floor":["R","M","M","?","M","E","T","E","R","$","M","T","R","?","M","B"],"character_chosen":"SLIMEBOUND","items_purchased":["Strange Spoon","Slimebound:RejuvenatingLick"],"campfire_rested":0,"item_purchase_floors":[10,10],"current_hp_per_floor":[54,56,60,60,60,48,48,26,26,18,15,15,15,15,12,0,0,0],"gold":173,"neow_bonus":"HUNDRED_GOLD","is_daily":false,"chose_seed":false,"campfire_upgraded":3,"win_rate":0.0,"timestamp":1609407518,"path_taken":["R","M","M","?","M","E","T","E","R","$","M","?","R","?","M","BOSS"],"items_purchased_type":["Relic","Card"],"build_version":"2020-12-22","purchased_purges":0,"victory":false,"max_hp_per_floor":[60,60,60,60,60,60,60,60,60,60,60,60,60,60,60,60,60,60],"card_choices":[{"not_picked":["Slimebound:RollThrough","Slimebound:Grow"],"picked":"Slimebound:PressTheAttack","floor":2},{"not_picked":["Slimebound:RejuvenatingLick","Slimebound:DisruptingSlam"],"picked":"Slimebound:LeechEnergy","floor":3},{"not_picked":["Slimebound:SplitBruiser","Slimebound:FinishingTackle","Slimebound:GrowthPunch"],"picked":"SKIP","floor":5},{"not_picked":["Slimebound:SlimeBarrage","Slimebound:GrowthPunch"],"picked":"Slimebound:SamplingLick","floor":6},{"not_picked":["Slimebound:ComboTackle","Slimebound:DisruptingSlam"],"picked":"Slimebound:DuplicatedForm","floor":8},{"not_picked":["Slimebound:Equalize","Slimebound:RollThrough"],"picked":"Slimebound:LevelUp","floor":10},{"not_picked":["Slimebound:Schlurp","Slimebound:SplitLeeching"],"picked":"Slimebound:LivingWall","floor":11},{"not_picked":["Slimebound:LeechingTouch","Slimebound:RejuvenatingLick"],"picked":"Slimebound:Recollect","floor":15}],"player_experience":556366,"relics_obtained":[{"floor":6,"key":"StoneCalendar"},{"floor":7,"key":"conspire:DecoderRing"},{"floor":8,"key":"Nunchaku"},{"floor":12,"key":"StrikeDummy"}],"event_choices":[{"damage_healed":0,"gold_gain":0,"player_choice":"Agree","damage_taken":0,"max_hp_gain":0,"max_hp_loss":0,"event_name":"conspire:LoneGhost","floor":14,"gold_loss":0}],"is_beta":false,"boss_relics":[],"items_purged_floors":[],"is_endless":false,"potions_floor_spawned":[3,11],"killed_by":"downfall:Defect","ascension_level":8}}