{"host":"c5j8t0wyh2hvx9ju","time":1609427712,"event":{"mods":["Astrologer","BaseMod","BetterRewards","HololiveMod","Minty Spire (QoL Compilation)","Prisma Mod","StSLib"],"gold_per_floor":[119,131,206,206,216,244,244,269,269,287,287,302,351,368,368,466,466,476,476,490,509,17,48,48,48,48,48,48,147,147,72,72,174,174,184,184,198,198,217,217,252,252,252,264,282,301,335,349,349,349],"floor_reached":51,"playtime":3586,"items_purged":["Shame"],"score":1060,"play_id":"74cdb148-c0a4-47ce-82e7-9792741721e3","local_time":"20210101001512","is_ascension_mode":true,"campfire_choices":[{"floor":7.0,"key":"REST"},{"floor":15.0,"key":"REST"},{"floor":24.0,"key":"REST"},{"data":"DevaForm","floor":27.0,"key":"SMITH"},{"data":"Eruption","floor":30.0,"key":"SMITH"},{"floor":32.0,"key":"REST"},{"floor":40.0,"key":"REST"},{"data":"Crescendo","floor":42.0,"key":"SMITH"},{"data":"TalkToTheHand","floor":49.0,"key":"SMITH"}],"circlet_count":0,"master_deck":["Strike_P","Strike_P+1","Defend_P","Eruption+1","Vigilance","TalkToTheHand+1","ClearTheMind","Evaluate","TalkToTheHand+1","SandsOfTime","DevaForm+1","SandsOfTime","InnerPeace","CurseOfTheBell","Crescendo+1","TalkToTheHand+1","Halt","ForeignInfluence+1","FearNoEvil","ConjureBlade","Madness","Madness","MentalFortress+1","Sanctity+1","FlurryOfBlows+1","Sanctity+1"],"relics":["PureWater","Pantograph","Art of War","Whetstone","Kunai","Hololive_LightStick","Nunchaku","Calling Bell","Lantern","HornCleat","Lizard Tail","Bottled Flame","TeardropLocket","InkBottle","Akabeko","Empty Cage","Eternal Feather","Unceasing Top","Vajra"],"acts_visited":["Exordium","TheCity","TheBeyond"],"potions_floor_usage":[50],"damage_taken":[{"damage":11.0,"enemies":"Small Slimes","floor":1.0,"turns":6.0},{"damage":4.0,"enemies":"2 Louse","floor":2.0,"turns":2.0},{"damage":0.0,"enemies":"Cultist","floor":5.0,"turns":4.0},{"damage":17.0,"enemies":"3 Sentries","floor":6.0,"turns":8.0},{"damage":38.0,"enemies":"Gremlin Nob","floor":8.0,"turns":4.0},{"damage":3.0,"enemies":"Exordium Wildlife","floor":10.0,"turns":5.0},{"damage":0.0,"enemies":"2 Fungi Beasts","floor":12.0,"turns":3.0},{"damage":2.0,"enemies":"Lots of Slimes","floor":14.0,"turns":5.0},{"damage":3.0,"enemies":"The Guardian","floor":16.0,"turns":9.0},{"damage":0.0,"enemies":"Chosen","floor":18.0,"turns":4.0},{"damage":0.0,"enemies":"Shell Parasite","floor":20.0,"turns":5.0},{"damage":0.0,"enemies":"Cultist and Chosen","floor":21.0,"turns":4.0},{"damage":61.0,"enemies":"Slavers","floor":23.0,"turns":10.0},{"damage":0.0,"enemies":"Champ","floor":33.0,"turns":10.0},{"damage":9.0,"enemies":"3 Shapes","floor":35.0,"turns":9.0},{"damage":0.0,"enemies":"Orb Walker","floor":37.0,"turns":3.0},{"damage":30.0,"enemies":"4 Shapes","floor":39.0,"turns":9.0},{"damage":59.0,"enemies":"Reptomancer","floor":41.0,"turns":6.0},{"damage":4.0,"enemies":"Writhing Mass","floor":44.0,"turns":9.0},{"damage":0.0,"enemies":"Transient","floor":45.0,"turns":5.0},{"damage":0.0,"enemies":"Sphere and 2 Shapes","floor":46.0,"turns":4.0},{"damage":0.0,"enemies":"Giant Head","floor":47.0,"turns":9.0},{"damage":0.0,"enemies":"Maw","floor":48.0,"turns":8.0},{"damage":57,"enemies":"Donu and Deca","floor":50,"turns":9}],"seed_played":"156847170314394461","potions_obtained":[{"floor":1.0,"key":"FairyPotion"},{"floor":8.0,"key":"Swift Potion"},{"floor":12.0,"key":"BottledMiracle"},{"floor":14.0,"key":"Strength Potion"},{"floor":21.0,"key":"Strength Potion"},{"floor":44.0,"key":"BottledMiracle"},{"floor":45.0,"key":"LiquidMemories"}],"is_trial":false,"path_per_floor":["M","M","?","?","M","E","R","E","T","M","?","M","T","M","R","B",null,"M","?","M","M","$","E","R","?","T","R","$","?","R","$","R","B",null,"M","?","M","?","M","R","E","R","T","M","M","M","E","M","R","B",null],"character_chosen":"WATCHER","items_purchased":["Pantograph","TalkToTheHand","Art of War","ClearTheMind","Block Potion","Evaluate","Bottled Flame","TeardropLocket"],"campfire_rested":5,"item_purchase_floors":[0,0,0,0,0,0,22,22],"current_hp_per_floor":[61,57,46,39,39,22,43,5,5,2,2,2,2,21,42,64,72,72,72,72,72,72,11,32,32,32,32,32,32,32,32,53,72,72,63,54,54,54,24,45,36,48,48,44,44,44,44,44,59,15],"gold":349,"neow_bonus":"","is_daily":false,"chose_seed":false,"campfire_upgraded":4,"win_rate":0.0,"timestamp":1609427712,"path_taken":["M","M","?","?","M","E","R","E","T","M","?","?","?","M","R","BOSS","M","?","?","?","$","E","R","?","T","R","?","?","R","?","R","BOSS","M","?","M","?","M","R","E","R","T","M","M","M","E","?","R","BOSS"],"items_purchased_type":["Relic","Card","Relic","Card","Potion","Card","Relic","Relic"],"build_version":"2020-12-22","purchased_purges":1,"victory":true,"max_hp_per_floor":[72,72,72,72,72,72,72,72,72,72,72,72,72,72,72,72,72,72,72,72,72,72,72,72,72,72,72,72,72,72,72,72,72,72,72,72,72,72,72,72,72,72,72,72,72,72,72,72,72,72],"card_choices":[{"not_picked":["Prostrate","Study","JustLucky"],"picked":"SKIP","floor":1.0},{"not_picked":["SashWhip","WindmillStrike"],"picked":"TalkToTheHand","floor":2.0},{"not_picked":["BowlingBash","EmptyFist"],"picked":"SandsOfTime","floor":5.0},{"not_picked":["ThirdEye","Weave"],"picked":"DevaForm","floor":6.0},{"not_picked":["SashWhip","SignatureMove","PathToVictory"],"picked":"SKIP","floor":8.0},{"not_picked":["Wallop","Evaluate"],"picked":"SandsOfTime","floor":10.0},{"not_picked":["Study","FlyingSleeves","Protect"],"picked":"SKIP","floor":12.0},{"not_picked":["FlyingSleeves","Wireheading","EmptyFist"],"picked":"SKIP","floor":14.0},{"not_picked":["Protect+1","FollowUp"],"picked":"Crescendo","floor":18.0},{"not_picked":["Wallop","Crescendo"],"picked":"Halt","floor":20.0},{"not_picked":["EmptyBody","CarveReality"],"picked":"ForeignInfluence+1","floor":21.0},{"not_picked":["DevaForm","Halt"],"picked":"FearNoEvil","floor":23.0},{"not_picked":["MasterReality","Scrawl"],"picked":"ConjureBlade","floor":33.0},{"not_picked":["Protect+1","Pray","Crescendo+1"],"picked":"SKIP","floor":35.0},{"not_picked":["SashWhip","JustLucky+1"],"picked":"MentalFortress+1","floor":37.0},{"not_picked":["Brilliance","Conclude","Crescendo+1"],"picked":"SKIP","floor":39.0},{"not_picked":["Worship+1","Devotion"],"picked":"Sanctity+1","floor":41.0},{"not_picked":["Prostrate","EmptyFist"],"picked":"FlurryOfBlows+1","floor":44.0},{"not_picked":["Prostrate+1","EmptyFist+1","SignatureMove"],"picked":"SKIP","floor":45.0},{"not_picked":["WheelKick","CrushJoints+1","Evaluate+1"],"picked":"SKIP","floor":46.0},{"not_picked":["Crescendo","CutThroughFate","ClearTheMind+1"],"picked":"SKIP","floor":47.0},{"not_picked":["Prostrate","FollowUp+1"],"picked":"Sanctity+1","floor":48.0}],"player_experience":883373,"relics_obtained":[{"floor":6.0,"key":"Whetstone"},{"floor":8.0,"key":"Kunai"},{"floor":9.0,"key":"Hololive_LightStick"},{"floor":13.0,"key":"Nunchaku"},{"floor":17.0,"key":"Lantern"},{"floor":17.0,"key":"HornCleat"},{"floor":17.0,"key":"Lizard Tail"},{"floor":26.0,"key":"Akabeko"},{"floor":41.0,"key":"Eternal Feather"},{"floor":43.0,"key":"Unceasing Top"},{"floor":47.0,"key":"Vajra"}],"event_choices":[{"damage_healed":0.0,"max_hp_gain":0.0,"max_hp_loss":0.0,"gold_gain":75.0,"event_name":"World of Goop","player_choice":"Gather Gold","floor":3.0,"gold_loss":0.0,"damage_taken":11.0},{"cards_removed":["Strike_P"],"damage_healed":0.0,"max_hp_gain":0.0,"max_hp_loss":0.0,"gold_gain":0.0,"event_name":"Golden Wing","player_choice":"Card Removal","floor":4.0,"gold_loss":0.0,"damage_taken":7.0},{"damage_healed":0.0,"max_hp_gain":0.0,"max_hp_loss":0.0,"gold_gain":0.0,"cards_transformed":["Strike_P"],"event_name":"Transmorgrifier","player_choice":"Transformed","floor":11.0,"gold_loss":0.0,"damage_taken":0.0,"cards_obtained":["InnerPeace"]},{"damage_healed":0.0,"max_hp_gain":0.0,"max_hp_loss":0.0,"gold_gain":0.0,"event_name":"Duplicator","player_choice":"Copied","floor":19.0,"gold_loss":0.0,"damage_taken":0.0,"cards_obtained":["TalkToTheHand"]},{"damage_healed":0.0,"max_hp_gain":0.0,"max_hp_loss":0.0,"gold_gain":0.0,"event_name":"Addict","player_choice":"Stole Relic","floor":25.0,"gold_loss":0.0,"damage_taken":0.0,"relics_obtained":["InkBottle"],"cards_obtained":["Shame"]},{"damage_healed":0.0,"max_hp_gain":0.0,"max_hp_loss":0.0,"gold_gain":99.0,"event_name":"Nest","player_choice":"Stole From Cult","floor":29.0,"gold_loss":0.0,"damage_taken":0.0},{"damage_healed":0.0,"max_hp_gain":0.0,"max_hp_loss":0.0,"gold_gain":0.0,"event_name":"Winding Halls","player_choice":"Embrace Madness","floor":36.0,"gold_loss":0.0,"damage_taken":9.0,"cards_obtained":["Madness","Madness"]},{"cards_removed":["Defend_P"],"damage_healed":0.0,"max_hp_gain":0.0,"max_hp_loss":0.0,"gold_gain":0.0,"event_name":"Purifier","player_choice":"Purged","floor":38.0,"gold_loss":0.0,"damage_taken":0.0}],"is_beta":false,"boss_relics":[{"not_picked":["HolyWater","Runic Pyramid"],"picked":"Calling Bell"},{"not_picked":["Hololive_ChaosS","Sozu"],"picked":"Empty Cage"}],"items_purged_floors":[31],"is_endless":false,"potions_floor_spawned":[1,8,12,14,21,44,45,46],"ascension_level":1}}