{"host":"jm9833yuloeli2yd","time":1609379159,"event":{"mods":["AchievementEnabler","BaseMod","Better Altar","Better Match","Better Note","Better Sensory Stone","Better Skull","Better Third Choice","Better Vampires","BetterRewards","Colored Map","Colored Powertips","DeckTracker","Marked Mod","Minty Spire (QoL Compilation)","Permanent Neow","Quick Restart","StSLib","SuperFastMode"],"gold_per_floor":[110,125,141,1,19,51,51,65,65,65,10,10,28,56,56,133,133,153,166,4,16,32,32,62,72,95,95,130,154,188,26,26,102,102,118,128,128,50,50,50,50,50],"floor_reached":41,"playtime":1173,"items_purged":[],"score":972,"play_id":"6738bfcf-4636-4c4b-86ab-8c442983b4b0","local_time":"20201230204559","is_ascension_mode":true,"campfire_choices":[{"data":"Zap","floor":7.0,"key":"SMITH"},{"data":"Force Field","floor":12.0,"key":"SMITH"},{"data":"Dualcast","floor":15.0,"key":"SMITH"},{"floor":23.0,"key":"REST"},{"floor":27.0,"key":"REST"},{"data":"Buffer","floor":32.0,"key":"SMITH"},{"data":"Hologram","floor":40.0,"key":"SMITH"}],"circlet_count":0,"master_deck":["AscendersBane","Strike_B","Defend_B","Defend_B","Defend_B","Zap+1","Dualcast+1","Darkness+1","Defragment+1","Steam+1","Cold Snap","Force Field+1","Coolheaded","Self Repair","Loop+1","Echo Form","Auto Shields","Compile Driver","Core Surge","Buffer+1","Force Field","Defragment+1","Coolheaded+1","Hologram+1","Capacitor","Electrodynamics","Hologram+1","White Noise+1","Auto Shields","Go for the Eyes","Multi-Cast","Stack","Biased Cognition","Force Field"],"relics":["Astrolabe","PreservedInsect","White Beast Statue","Cables","Ornamental Fan","SacredBark","DollysMirror","Mercury Hourglass","Toy Ornithopter","Lantern","MealTicket","HornCleat","Orrery","Inserter"],"acts_visited":["Exordium","TheCity","TheBeyond"],"potions_floor_usage":[41,41],"damage_taken":[{"damage":1.0,"enemies":"2 Louse","floor":1.0,"turns":4.0},{"damage":7.0,"enemies":"Small Slimes","floor":2.0,"turns":4.0},{"damage":13.0,"enemies":"Cultist","floor":3.0,"turns":4.0},{"damage":4.0,"enemies":"Red Slaver","floor":5.0,"turns":4.0},{"damage":15.0,"enemies":"Gremlin Nob","floor":6.0,"turns":6.0},{"damage":10.0,"enemies":"3 Louse","floor":8.0,"turns":6.0},{"damage":0.0,"enemies":"Large Slime","floor":13.0,"turns":7.0},{"damage":6.0,"enemies":"Lagavulin","floor":14.0,"turns":5.0},{"damage":34.0,"enemies":"The Guardian","floor":16.0,"turns":8.0},{"damage":13.0,"enemies":"Shell Parasite","floor":18.0,"turns":6.0},{"damage":16.0,"enemies":"Spheric Guardian","floor":19.0,"turns":8.0},{"damage":28.0,"enemies":"Chosen and Byrds","floor":21.0,"turns":5.0},{"damage":12.0,"enemies":"Shelled Parasite and Fungi","floor":22.0,"turns":8.0},{"damage":27.0,"enemies":"Slavers","floor":24.0,"turns":6.0},{"damage":20.0,"enemies":"Snecko","floor":25.0,"turns":6.0},{"damage":23.0,"enemies":"Gremlin Leader","floor":28.0,"turns":7.0},{"damage":21.0,"enemies":"Slavers","floor":30.0,"turns":2.0},{"damage":21.0,"enemies":"Collector","floor":33.0,"turns":8.0},{"damage":8.0,"enemies":"Orb Walker","floor":35.0,"turns":5.0},{"damage":56.0,"enemies":"3 Darklings","floor":36.0,"turns":6.0},{"damage":80,"enemies":"Reptomancer","floor":41,"turns":4}],"seed_played":"-6989680947567526018","potions_obtained":[{"floor":2.0,"key":"Fruit Juice"},{"floor":6.0,"key":"Weak Potion"},{"floor":8.0,"key":"GamblersBrew"},{"floor":13.0,"key":"AttackPotion"},{"floor":14.0,"key":"EssenceOfDarkness"},{"floor":16.0,"key":"Ancient Potion"},{"floor":18.0,"key":"SteroidPotion"},{"floor":19.0,"key":"AttackPotion"},{"floor":21.0,"key":"Block Potion"},{"floor":22.0,"key":"AttackPotion"},{"floor":24.0,"key":"PowerPotion"},{"floor":28.0,"key":"EssenceOfSteel"},{"floor":30.0,"key":"FearPotion"},{"floor":33.0,"key":"Dexterity Potion"},{"floor":35.0,"key":"Strength Potion"}],"is_trial":false,"path_per_floor":["M","M","M","$","M","E","R","M","T","?","?","R","M","E","R","B",null,"M","M","$","M","M","R","E","M","T","R","E","T","E","$","R","B",null,"M","M","?","$","?","R","E"],"character_chosen":"DEFECT","items_purchased":["Self Repair","FocusPotion","DollysMirror","Orrery","Force Field"],"campfire_rested":2,"item_purchase_floors":[4,4,20,31,38],"current_hp_per_floor":[63,56,43,43,46,43,43,47,47,47,47,47,54,62,62,42,68,62,60,60,32,27,49,29,23,23,45,46,46,30,45,45,24,63,62,6,6,21,62,62,0,0],"gold":50,"neow_bonus":"BOSS_RELIC","is_daily":false,"chose_seed":false,"campfire_upgraded":5,"win_rate":0.0,"timestamp":1609379159,"path_taken":["M","M","M","$","M","E","R","M","T","?","?","R","M","E","R","BOSS","M","?","$","M","M","R","E","M","T","R","E","?","E","$","R","BOSS","M","M","?","$","?","R","E"],"items_purchased_type":["Card","Potion","Relic","Relic","Card"],"build_version":"2020-12-22","purchased_purges":0,"victory":false,"max_hp_per_floor":[71,71,71,71,71,76,76,76,76,76,76,76,76,76,76,76,76,76,76,76,76,76,76,76,76,76,76,76,76,76,76,76,76,76,76,76,76,76,62,62,62,62],"card_choices":[{"not_picked":["Redo","Barrage"],"picked":"Cold Snap","floor":1.0},{"not_picked":["Streamline","Undo"],"picked":"Force Field","floor":2.0},{"not_picked":["Auto Shields","Fusion"],"picked":"Coolheaded","floor":3.0},{"not_picked":["Steam","Turbo"],"picked":"Loop","floor":5.0},{"not_picked":["Redo","Coolheaded"],"picked":"Echo Form","floor":6.0},{"not_picked":["Redo","Go for the Eyes"],"picked":"Auto Shields","floor":8.0},{"not_picked":["Rebound","Go for the Eyes"],"picked":"Compile Driver","floor":13.0},{"not_picked":["Darkness","Gash"],"picked":"Core Surge","floor":14.0},{"not_picked":["Machine Learning","All For One"],"picked":"Buffer","floor":16.0},{"not_picked":["Chill","Steam"],"picked":"Force Field","floor":18.0},{"not_picked":["Self Repair","Reprogram","Ball Lightning"],"picked":"SKIP","floor":19.0},{"not_picked":["Redo","Conserve Battery"],"picked":"Coolheaded+1","floor":21.0},{"not_picked":["Turbo","Beam Cell","Stack+1"],"picked":"SKIP","floor":22.0},{"not_picked":["Beam Cell","Ball Lightning"],"picked":"Hologram","floor":24.0},{"not_picked":["Leap","Beam Cell"],"picked":"Capacitor","floor":25.0},{"not_picked":["Coolheaded+1","Gash"],"picked":"Electrodynamics","floor":28.0},{"not_picked":["Streamline","Leap"],"picked":"Hologram+1","floor":30.0},{"not_picked":["Turbo","Compile Driver+1"],"picked":"White Noise+1","floor":31.0},{"not_picked":["Rebound","Hyperbeam"],"picked":"Auto Shields","floor":31.0},{"not_picked":["Streamline","Cold Snap"],"picked":"Go for the Eyes","floor":31.0},{"not_picked":["Self Repair","Coolheaded"],"picked":"Multi-Cast","floor":31.0},{"not_picked":["Coolheaded","Tempest"],"picked":"Stack","floor":31.0},{"not_picked":["Reboot","Electrodynamics"],"picked":"Biased Cognition","floor":33.0},{"not_picked":["Hello World+1","Conserve Battery","Streamline"],"picked":"SKIP","floor":35.0},{"not_picked":["Skim","Tempest","Redo"],"picked":"SKIP","floor":36.0}],"player_experience":1200588,"relics_obtained":[{"floor":6.0,"key":"PreservedInsect"},{"floor":9.0,"key":"White Beast Statue"},{"floor":14.0,"key":"Ornamental Fan"},{"floor":24.0,"key":"Mercury Hourglass"},{"floor":26.0,"key":"Toy Ornithopter"},{"floor":28.0,"key":"Lantern"},{"floor":29.0,"key":"MealTicket"},{"floor":30.0,"key":"HornCleat"}],"event_choices":[{"damage_healed":0.0,"max_hp_gain":0.0,"max_hp_loss":0.0,"gold_gain":0.0,"event_name":"Living Wall","player_choice":"Grow","floor":10.0,"gold_loss":0.0,"damage_taken":0.0,"cards_upgraded":["Loop"]},{"damage_healed":0.0,"max_hp_gain":0.0,"max_hp_loss":0.0,"gold_gain":0.0,"event_name":"WeMeetAgain","player_choice":"Paid Gold","floor":11.0,"gold_loss":55.0,"damage_taken":0.0,"relics_obtained":["Cables"]},{"cards_removed":["Strike_B"],"damage_healed":0.0,"max_hp_gain":0.0,"max_hp_loss":0.0,"gold_gain":0.0,"event_name":"Falling","player_choice":"Removed Attack","floor":37.0,"gold_loss":0.0,"damage_taken":0.0},{"damage_healed":62.0,"max_hp_gain":0.0,"max_hp_loss":14.0,"gold_gain":0.0,"event_name":"The Moai Head","player_choice":"Heal","floor":39.0,"gold_loss":0.0,"damage_taken":0.0}],"is_beta":false,"boss_relics":[{"not_picked":["Fusion Hammer","Sozu"],"picked":"SacredBark"},{"not_picked":["Busted Crown","Runic Dome"],"picked":"Inserter"}],"items_purged_floors":[],"is_endless":false,"potions_floor_spawned":[2,6,8,13,14,16,18,19,21,22,24,25,28,30,33,35,36],"killed_by":"Reptomancer","ascension_level":20}}