{"host":"jr9f8lmgw9kaplsw","time":1609392743,"event":{"mods":["AchievementEnabler","BaseMod","BetterRewards","Colored Map","Hubris","Minty Spire (QoL Compilation)","Replay The Spire","Shop Mod","StSLib","The Cursed"],"gold_per_floor":[114,129,144,159,159,159,174,174,199,214,244,259,259,274,274,374,374,389,114,129,129,129,129,179,179,179],"floor_reached":25,"playtime":734,"items_purged":[],"score":275,"play_id":"5adc441d-3f21-4f3d-b871-3cb11f480230","local_time":"20201231003223","daily_mods":["Heirloom","Time Dilation","Lethality"],"is_ascension_mode":false,"campfire_choices":[{"data":"1","floor":6.0,"key":"LIFT"},{"data":"2","floor":8.0,"key":"LIFT"},{"floor":13.0,"key":"REST"},{"floor":23.0,"key":"REST"}],"circlet_count":0,"master_deck":["Zap","Dualcast+1","Cold Snap","Go for the Eyes","Genetic Algorithm","Rebound","Mirror Shield+1","Rip and Tear","Stack","Creative AI","hubris:Ukulele","Leap","White Noise","Biased Cognition","Scrape","hubris:Prefetch","Recycle","Beam Cell","HandOfGreed","Swift Strike","Madness","BasicCrystalCard","Crystallizer+1"],"relics":["Cracked Core","Girya","Art of War","Bag of Preparation","Pandora\u0027s Box","Gremlin Food","ReplayTheSpireMod:ShopPack","hubris:BallOfYels"],"acts_visited":["Exordium","TheCity"],"potions_floor_usage":[],"damage_taken":[{"damage":0.0,"enemies":"Cultist","floor":1.0,"turns":2.0},{"damage":0.0,"enemies":"2 Louse","floor":2.0,"turns":1.0},{"damage":0.0,"enemies":"Jaw Worm","floor":3.0,"turns":1.0},{"damage":22.0,"enemies":"Exordium Thugs","floor":4.0,"turns":4.0},{"damage":0.0,"enemies":"Blue Slaver","floor":7.0,"turns":2.0},{"damage":13.0,"enemies":"Exordium Wildlife","floor":10.0,"turns":4.0},{"damage":12.0,"enemies":"3 Sentries","floor":11.0,"turns":5.0},{"damage":0.0,"enemies":"Large Slime","floor":12.0,"turns":4.0},{"damage":0.0,"enemies":"3 Louse","floor":14.0,"turns":2.0},{"damage":0.0,"enemies":"Slime Boss","floor":16.0,"turns":6.0},{"damage":13.0,"enemies":"2 Thieves","floor":18.0,"turns":4.0},{"damage":53.0,"enemies":"3 Byrds","floor":20.0,"turns":3.0},{"damage":27.0,"enemies":"Gremlin Leader","floor":24.0,"turns":4.0},{"damage":7,"enemies":"Snake Plant","floor":25,"turns":1}],"seed_played":"-5051420239723459148","potions_obtained":[{"floor":1.0,"key":"Strength Potion"},{"floor":4.0,"key":"Weak Potion"},{"floor":10.0,"key":"FocusPotion"}],"is_trial":false,"path_per_floor":["M","M","M","M","?","R","M","R","T","M","E","M","R","M","R_BF","B",null,"M","$","M","?","$","R","E","M"],"character_chosen":"DEFECT","items_purchased":["Gremlin Food","ReplayTheSpireMod:ShopPack"],"campfire_rested":2,"item_purchase_floors":[19,19],"current_hp_per_floor":[75,75,75,53,53,53,53,53,53,40,28,28,50,50,72,72,75,62,62,9,9,9,31,4,0,0],"gold":179,"neow_bonus":"","is_daily":true,"chose_seed":false,"campfire_upgraded":0,"win_rate":0.0,"timestamp":1609392743,"path_taken":["M","?","M","M","?","R","M","R","T","M","E","M","R","M","R_BF","BOSS","M","$","M","?","$","R","E","M"],"items_purchased_type":["Relic","Relic"],"build_version":"2020-12-22","purchased_purges":0,"victory":false,"max_hp_per_floor":[75,75,75,75,75,75,75,75,75,75,75,75,75,75,75,75,75,75,75,75,75,75,75,75,75,75],"card_choices":[{"not_picked":["Steam","Hello World"],"picked":"Cold Snap","floor":1.0},{"not_picked":["Double Energy","Sunder"],"picked":"Go for the Eyes","floor":2.0},{"not_picked":["Skim","Barrage"],"picked":"Genetic Algorithm","floor":3.0},{"not_picked":["Compile Driver","Barrage","hubris:Ukulele"],"picked":"SKIP","floor":4.0},{"not_picked":["Sweeping Beam","BasicCrystalCard"],"picked":"Rebound","floor":7.0},{"not_picked":["Doom and Gloom","Panic Button"],"picked":"Mirror Shield","floor":10.0},{"not_picked":["Compile Driver","Force Field","ReplayTheSpireMod:Reroute Power"],"picked":"SKIP","floor":11.0},{"not_picked":["Darkness","Go for the Eyes"],"picked":"Rip and Tear","floor":12.0},{"not_picked":["Reprogram","Panic Button"],"picked":"Stack","floor":14.0},{"not_picked":["Fission","Core Surge"],"picked":"Creative AI","floor":16.0},{"not_picked":["Panic Button","Doom and Gloom"],"picked":"Beam Cell","floor":18.0},{"not_picked":["Master of Strategy","Transmutation"],"picked":"HandOfGreed","floor":19.0},{"not_picked":["Replay:Sssssssssshield","hubris:Ssssneak"],"picked":"Swift Strike","floor":19.0},{"not_picked":["The Bomb","Specialist"],"picked":"Madness","floor":19.0},{"not_picked":["Panic Button","Hello World+1"],"picked":"BasicCrystalCard","floor":20.0},{"not_picked":["Reprogram","ReplayTheSpireMod:GoodbyeWorld"],"picked":"Crystallizer+1","floor":24.0}],"player_experience":2792016,"relics_obtained":[{"floor":9.0,"key":"Art of War"},{"floor":11.0,"key":"Bag of Preparation"},{"floor":24.0,"key":"hubris:BallOfYels"}],"event_choices":[{"cards_removed":["Strike_B"],"damage_healed":0.0,"max_hp_gain":0.0,"max_hp_loss":0.0,"gold_gain":0.0,"event_name":"Bonfire Elementals","player_choice":"Offered Basic","floor":5.0,"gold_loss":0.0,"damage_taken":0.0},{"damage_healed":0.0,"max_hp_gain":0.0,"max_hp_loss":0.0,"gold_gain":0.0,"event_name":"Purifier","player_choice":"Ignored","floor":21.0,"gold_loss":0.0,"damage_taken":0.0}],"is_beta":false,"boss_relics":[{"not_picked":["Astrolabe","hubris:HollowSoul"],"picked":"Pandora\u0027s Box"}],"items_purged_floors":[],"is_endless":false,"potions_floor_spawned":[1,4,10,11,12,16],"killed_by":"Snake Plant","ascension_level":0}}