{"host":"hwui1o2d2vvxl1xp","time":1609419122,"event":{"mods":["ATMod(阿瑾Mod)","AchievementEnabler","Act Like it!","Alarm Clock","Arknights The Spire","BaseMod","CapriCore","Colored Map","Colored Powertips","Dota2Spire","Downfall","Gensokyo","Minty Spire (QoL Compilation)","MostiFishMod","Pale of the Ancients","Quick Restart","RumiaBox-露米娅的神秘盒子","Ryuuou龙王","Shop Mod","StSLib","TestMod","Waifu the Spire","[功能]功能增强和修复MOD","simple","【功能Mod】混沌之环修复补丁","【功能Mod】聪明的最终Boss","【遗物卡牌】REMEMod","篝火指南"],"gold_per_floor":[118,29,29,83,97,97,97],"floor_reached":6,"playtime":428,"items_purged":["ats:Strike C"],"score":34,"play_id":"81338654-f36b-4ef3-8947-0359749e3fa8","local_time":"20201231205202","is_ascension_mode":false,"campfire_choices":[],"circlet_count":0,"master_deck":["ats:Strike G","ats:Strike S","ats:Strike V","ats:Armor Crushing Shot","ats:Defend","ats:Defend","ats:Defend","ats:Emotion Absorption","Uppercut","AT_EssenceShift+1","Writhe","ats:Spore Proliferation","testmod-FightingIntention+1","ats:Rapid Magazine","ats:Very Hot Blade","ats:Leaping Hammer"],"relics":["ats:Sanity","DaveBox","testmod-TestBox","REME_ComplimentaryCards","AT_ATBox","BrkXgEgg","testmod-GiftOfSatan","Unceasing Top","SynthV:TestCard","Anchor","Ccalipers","OrangePellets","MerchantsRug"],"acts_visited":["Gensokyo:Gensokyo"],"potions_floor_usage":[],"damage_taken":[{"damage":2,"enemies":"Gensokyo:2_Kodama","floor":1,"turns":2},{"damage":0,"enemies":"Gensokyo:Gryphon","floor":5,"turns":1},{"damage":8,"enemies":"Gensokyo:Aya","floor":6,"turns":5}],"seed_played":"9043848804306783091","potions_obtained":[{"floor":1,"key":"Dota2Spire:Clarity"},{"floor":5,"key":"Weak Potion"}],"is_trial":false,"path_per_floor":["M","$","?","T","M","E"],"character_chosen":"DOCTOR_CLASS","items_purchased":["Anchor","Ccalipers","OrangePellets","testmod-FightingIntention+1","FearPotion","SmokeBomb","MerchantsRug","Ancient Potion","ats:Rapid Magazine","ats:Very Hot Blade"],"campfire_rested":0,"item_purchase_floors":[2,2,2,2,2,2,2,2,2,2],"current_hp_per_floor":[70,70,70,70,70,62,62],"gold":97,"neow_bonus":"ONE_RARE_RELIC","is_daily":false,"chose_seed":false,"campfire_upgraded":0,"win_rate":0.0,"timestamp":1609419122,"path_taken":["M","$","?","?","?","E"],"items_purchased_type":["Relic","Relic","Relic","Card","Potion","Potion","Relic","Potion","Card","Card"],"build_version":"2020-12-22","purchased_purges":1,"victory":false,"max_hp_per_floor":[72,72,72,72,72,72,72],"card_choices":[{"not_picked":["ats:Flexible Camouflage","ats:Consecutive Shot Auto"],"picked":"ats:Spore Proliferation","floor":1},{"not_picked":["ats:Encircling Forest","ats:Explosion Area Strengthen","ats:Childhood Dance","ats:Shell Defense"],"picked":"ats:Leaping Hammer","floor":5}],"player_experience":35062,"relics_obtained":[{"floor":1,"key":"SynthV:TestCard"}],"event_choices":[],"is_beta":false,"boss_relics":[],"items_purged_floors":[2],"is_endless":false,"potions_floor_spawned":[1,5],"killed_by":"Gensokyo:Aya","ascension_level":0}}