{"host":"m77rrhbqzv44va4v","time":1609401367,"event":{"mods":["AchievementEnabler","BaseMod","Colored Map","DeckTracker","Keyboard Shortcuts","Minty Spire (QoL Compilation)","StSLib","SuperFastMode","everything is the same but u backflip on backflip"],"gold_per_floor":[112,123,48,23,23,53,53,67,67,131,181,198,528,141,141,218,218,235,301,67,117,155,155,155,155],"floor_reached":24,"playtime":580,"items_purged":["Strike_R"],"score":427,"play_id":"137c3483-3ec3-4c3a-97ea-bb8688fae88c","local_time":"20201231165607","is_ascension_mode":true,"campfire_choices":[{"data":"1","floor":7.0,"key":"LIFT"},{"data":"2","floor":15.0,"key":"LIFT"},{"data":"3","floor":23,"key":"LIFT"}],"circlet_count":0,"master_deck":["AscendersBane","Strike_R","Strike_R","Strike_R","Defend_R","Defend_R","Defend_R","Defend_R","Bash","Sever Soul","Burning Pact","Anger","Blood for Blood","True Grit+1","Shrug It Off","Immolate","HandOfGreed","Double Tap","Sentinel","Bloodletting"],"relics":["Burning Blood","NeowsBlessing","SsserpentHead","Girya","Champion Belt","Old Coin","Cursed Key","OrangePellets","CeramicFish"],"acts_visited":["Exordium","TheCity"],"potions_floor_usage":[22],"damage_taken":[{"damage":0.0,"enemies":"Cultist","floor":1.0,"turns":1.0},{"damage":0.0,"enemies":"Jaw Worm","floor":2.0,"turns":1.0},{"damage":0.0,"enemies":"Lagavulin","floor":6.0,"turns":1.0},{"damage":7.0,"enemies":"Small Slimes","floor":8.0,"turns":3.0},{"damage":21.0,"enemies":"Exordium Thugs","floor":10.0,"turns":4.0},{"damage":11.0,"enemies":"Gremlin Gang","floor":12.0,"turns":2.0},{"damage":26.0,"enemies":"Gremlin Nob","floor":13.0,"turns":4.0},{"damage":56.0,"enemies":"The Guardian","floor":16.0,"turns":12.0},{"damage":5.0,"enemies":"2 Thieves","floor":18.0,"turns":2.0},{"damage":3.0,"enemies":"Spheric Guardian","floor":19.0,"turns":3.0},{"damage":31,"enemies":"Centurion and Healer","floor":22,"turns":7},{"damage":49,"enemies":"Gremlin Leader","floor":24,"turns":6}],"seed_played":"7677622564989090239","potions_obtained":[{"floor":1.0,"key":"FairyPotion"},{"floor":13.0,"key":"SkillPotion"},{"floor":16.0,"key":"Explosive Potion"},{"floor":18.0,"key":"LiquidMemories"},{"floor":19.0,"key":"SteroidPotion"}],"is_trial":false,"path_per_floor":["M","M","?","$","?","E","R","M","T","M","?","M","E","$","R","B",null,"M","M","$","?","M","R","E"],"character_chosen":"IRONCLAD","items_purchased":["Anger","Immolate","HandOfGreed","OrangePellets","Bloodletting"],"campfire_rested":0,"item_purchase_floors":[4,14,14,20,20],"current_hp_per_floor":[74,75,75,75,75,75,75,74,74,59,59,54,34,34,34,7,58,59,62,62,62,37,37,0,0],"gold":155,"neow_bonus":"THREE_ENEMY_KILL","is_daily":false,"chose_seed":false,"campfire_upgraded":0,"win_rate":0.0,"timestamp":1609401367,"path_taken":["M","?","?","$","?","E","R","M","T","?","?","M","E","?","R","BOSS","M","?","$","?","M","R","E"],"items_purchased_type":["Card","Card","Card","Relic","Card"],"build_version":"2020-12-22","purchased_purges":1,"victory":false,"max_hp_per_floor":[75,75,75,75,75,75,75,75,75,75,75,75,75,75,75,75,75,75,75,75,75,75,75,75,75],"card_choices":[{"not_picked":["Iron Wave","Clash"],"picked":"Sever Soul","floor":1.0},{"not_picked":["Thunderclap","Combust"],"picked":"Burning Pact","floor":2.0},{"not_picked":["Clothesline","Ghostly Armor"],"picked":"Blood for Blood","floor":6.0},{"not_picked":["Thunderclap","Ghostly Armor"],"picked":"Whirlwind","floor":8.0},{"not_picked":["Cleave","Carnage"],"picked":"True Grit","floor":10.0},{"not_picked":["Cleave","Rampage","Clash"],"picked":"SKIP","floor":12.0},{"not_picked":["Sentinel","Entrench"],"picked":"Shrug It Off","floor":13.0},{"not_picked":["Corruption","Bludgeon"],"picked":"Double Tap","floor":16.0},{"not_picked":["Rage","Clothesline+1"],"picked":"Sentinel","floor":18.0},{"not_picked":["Sword Boomerang","Twin Strike","Wild Strike"],"picked":"SKIP","floor":19.0},{"not_picked":["Clash","Ghostly Armor+1","True Grit"],"picked":"SKIP","floor":22},{"not_picked":["Clash","Ghostly Armor+1","True Grit"],"picked":"SKIP","floor":22}],"player_experience":851596,"relics_obtained":[{"floor":6.0,"key":"Girya"},{"floor":9.0,"key":"Champion Belt"},{"floor":13.0,"key":"Old Coin"}],"event_choices":[{"cards_removed":["Strike_R"],"damage_healed":0.0,"max_hp_gain":0.0,"max_hp_loss":0.0,"gold_gain":0.0,"event_name":"The Cleric","player_choice":"Card Removal","floor":3.0,"gold_loss":75.0,"damage_taken":0.0},{"damage_healed":0.0,"max_hp_gain":0.0,"max_hp_loss":0.0,"gold_gain":0.0,"event_name":"FaceTrader","player_choice":"Trade","floor":5.0,"gold_loss":0.0,"damage_taken":0.0,"relics_obtained":["SsserpentHead"]},{"damage_healed":0.0,"max_hp_gain":0.0,"max_hp_loss":0.0,"gold_gain":0.0,"event_name":"Upgrade Shrine","player_choice":"Upgraded","floor":11.0,"gold_loss":0.0,"damage_taken":0.0,"cards_upgraded":["True Grit"]},{"cards_removed":["Whirlwind"],"damage_healed":0.0,"max_hp_gain":0.0,"max_hp_loss":0.0,"gold_gain":0.0,"event_name":"WeMeetAgain","player_choice":"Gave Card","floor":21.0,"gold_loss":0.0,"damage_taken":0.0,"relics_obtained":["CeramicFish"]}],"is_beta":false,"boss_relics":[{"not_picked":["Runic Pyramid","Runic Cube"],"picked":"Cursed Key"}],"items_purged_floors":[14],"is_endless":false,"potions_floor_spawned":[1,13,16,18,19],"killed_by":"Gremlin Leader","ascension_level":17}}