{"host":"vumwfieg2b2mnrfl","time":1609443740,"event":{"mods":["AchievementEnabler","BaseMod","Minty Spire (QoL Compilation)","Rare Cards Sparkle","Relic Stats"],"gold_per_floor":[20,30,30,30,30,59,73,108,108,108,133,146,163,174,174,246,246,257,69,69,84,94,94,126,126,126,154,172,198,198,123,123,199,199,215,263,276,276,291,291,323,323,323,336,366,366,0,0,0,0],"floor_reached":51,"playtime":2646,"items_purged":[],"score":1342,"play_id":"f1f66e00-31e5-4a80-9baf-9e6441c16356","local_time":"20201231134220","is_ascension_mode":true,"campfire_choices":[{"floor":10,"key":"REST"},{"floor":15,"key":"REST"},{"data":"Apotheosis","floor":23,"key":"SMITH"},{"data":"Well Laid Plans","floor":25,"key":"SMITH"},{"floor":32,"key":"REST"},{"floor":40,"key":"REST"},{"data":"Burst","floor":42,"key":"SMITH"},{"floor":46,"key":"REST"},{"floor":49,"key":"REST"}],"circlet_count":0,"master_deck":["AscendersBane","Strike_G","Strike_G","Strike_G","Defend_G","Defend_G","Defend_G","Defend_G","Survivor","Glass Knife+1","Burst+1","Backflip","Catalyst","Prepared","Deadly Poison","Blur","Calculated Gamble","Terror","Malaise","Dagger Spray+1","Apotheosis+1","Well Laid Plans+1","Acrobatics+1","Leg Sweep","Leg Sweep","Concentrate","Poisoned Stab","Night Terror","Corpse Explosion","Deadly Poison","Noxious Fumes+1"],"relics":["Ring of the Snake","Incense Burner","Pocketwatch","TungstenRod","Prayer Wheel","Sozu","Strawberry","InkBottle","Tiny Chest","Bronze Scales","SlaversCollar","Dream Catcher","Frozen Egg 2","Bottled Lightning","Ice Cream","Red Mask"],"acts_visited":["Exordium","TheCity","TheBeyond"],"potions_floor_usage":[8,14,16,24],"damage_taken":[{"damage":0,"enemies":"2 Louse","floor":1,"turns":2},{"damage":7,"enemies":"Cultist","floor":2,"turns":4},{"damage":32,"enemies":"3 Sentries","floor":6,"turns":10},{"damage":0,"enemies":"Small Slimes","floor":7,"turns":3},{"damage":13,"enemies":"Gremlin Nob","floor":8,"turns":4},{"damage":10,"enemies":"3 Sentries","floor":11,"turns":8},{"damage":0,"enemies":"Exordium Wildlife","floor":12,"turns":3},{"damage":0,"enemies":"Looter","floor":13,"turns":4},{"damage":0,"enemies":"Gremlin Gang","floor":14,"turns":6},{"damage":18,"enemies":"Hexaghost","floor":16,"turns":13},{"damage":0,"enemies":"3 Byrds","floor":18,"turns":6},{"damage":0,"enemies":"Shell Parasite","floor":21,"turns":5},{"damage":6,"enemies":"Snecko","floor":22,"turns":6},{"damage":4,"enemies":"Gremlin Leader","floor":24,"turns":5},{"damage":31,"enemies":"Slavers","floor":27,"turns":7},{"damage":0,"enemies":"Snake Plant","floor":28,"turns":4},{"damage":11,"enemies":"Book of Stabbing","floor":29,"turns":5},{"damage":21,"enemies":"Automaton","floor":33,"turns":17},{"damage":11,"enemies":"3 Darklings","floor":35,"turns":9},{"damage":1,"enemies":"3 Shapes","floor":37,"turns":8},{"damage":2,"enemies":"Spire Growth","floor":39,"turns":8},{"damage":0,"enemies":"Giant Head","floor":41,"turns":3},{"damage":7,"enemies":"Transient","floor":44,"turns":5},{"damage":3,"enemies":"Nemesis","floor":45,"turns":5},{"damage":30,"enemies":"Donu and Deca","floor":50,"turns":5}],"seed_played":"-5306386643192003916","potions_obtained":[{"floor":6,"key":"EssenceOfSteel"},{"floor":7,"key":"Strength Potion"},{"floor":13,"key":"DistilledChaos"},{"floor":14,"key":"DistilledChaos"}],"is_trial":false,"path_per_floor":["M","M","?","$","?","E","M","E","T","R","E","M","M","M","R","B",null,"M","$","?","M","M","R","E","R","T","E","M","E","?","?","R","B",null,"M","T","M","$","M","R","E","R","T","M","E","R","?","?","R","B",null],"character_chosen":"THE_SILENT","items_purchased":["Apotheosis"],"campfire_rested":6,"item_purchase_floors":[19],"current_hp_per_floor":[63,56,56,56,61,29,29,16,16,38,28,28,28,28,50,32,64,64,64,64,64,58,58,61,61,61,30,30,19,19,19,43,22,67,56,56,55,55,53,77,77,77,77,70,67,82,82,82,82,52],"gold":0,"neow_bonus":"THREE_RARE_CARDS","is_daily":false,"chose_seed":false,"campfire_upgraded":3,"win_rate":0.0,"timestamp":1609443740,"path_taken":["M","M","?","?","?","E","?","E","T","R","E","M","M","M","R","BOSS","M","$","?","M","M","R","E","R","T","E","?","E","?","?","R","BOSS","M","?","M","$","M","R","E","R","T","M","E","R","?","?","R","BOSS"],"items_purchased_type":["Card"],"build_version":"2020-12-22","purchased_purges":0,"victory":true,"max_hp_per_floor":[70,70,70,70,75,75,75,75,75,75,75,75,75,75,75,75,75,75,75,75,75,75,75,82,82,82,82,82,82,82,82,82,82,82,82,82,82,82,82,82,82,82,82,82,82,82,82,82,82,82],"relic_stats":{"Sozu":7,"Dream Catcher":3,"counters":[25,155],"Bronze Scales":[165],"Prayer Wheel":11,"Tiny Chest":1,"obtain_stats":[{"Ice Cream":45,"Incense Burner":6,"Frozen Egg 2":41,"Sozu":17,"SlaversCollar":34,"Dream Catcher":36,"Strawberry":24,"Bronze Scales":29,"Prayer Wheel":11,"Tiny Chest":27,"Red Mask":47,"Bottled Lightning":43,"TungstenRod":9,"InkBottle":26,"Ring of the Snake":0,"Pocketwatch":8},{"Ice Cream":24,"Incense Burner":3,"Frozen Egg 2":22,"Sozu":10,"SlaversCollar":18,"Dream Catcher":19,"Strawberry":14,"Bronze Scales":17,"Prayer Wheel":6,"Tiny Chest":15,"Red Mask":24,"Bottled Lightning":22,"TungstenRod":5,"InkBottle":14,"Ring of the Snake":0,"Pocketwatch":5},{"Ice Cream":150,"Incense Burner":16,"Frozen Egg 2":140,"Sozu":57,"SlaversCollar":112,"Dream Catcher":121,"Strawberry":79,"Bronze Scales":95,"Prayer Wheel":31,"Tiny Chest":86,"Red Mask":150,"Bottled Lightning":140,"TungstenRod":23,"InkBottle":79,"Ring of the Snake":0,"Pocketwatch":23}],"TungstenRod":63,"InkBottle":[28],"Ring of the Snake":[50],"Pocketwatch":[177]},"card_choices":[{"not_picked":["Adrenaline","Grand Finale"],"picked":"Glass Knife","floor":0},{"not_picked":["Deflect","Flying Knee","Dodge and Roll"],"picked":"SKIP","floor":1},{"not_picked":["Backstab","Bane"],"picked":"Sucker Punch","floor":2},{"not_picked":["After Image","Bouncing Flask"],"picked":"Burst","floor":6},{"not_picked":["Blade Dance","Quick Slash"],"picked":"Backflip","floor":7},{"not_picked":["Setup","Concentrate"],"picked":"Catalyst","floor":8},{"not_picked":["Slice","Concentrate"],"picked":"Prepared","floor":11},{"not_picked":["Flying Knee","Dodge and Roll"],"picked":"Deadly Poison","floor":12},{"not_picked":["Bane","Dodge and Roll"],"picked":"Blur","floor":12},{"not_picked":["Deflect","Distraction"],"picked":"Calculated Gamble","floor":13},{"not_picked":["Setup","Doppelganger","Deadly Poison"],"picked":"SKIP","floor":13},{"not_picked":["Reflex","Dagger Spray"],"picked":"Terror","floor":14},{"not_picked":["Cloak And Dagger","Deflect","Riddle With Holes"],"picked":"SKIP","floor":14},{"not_picked":["Bullet Time","Unload"],"picked":"Malaise","floor":16},{"not_picked":["Underhanded Strike","Dagger Spray","Prepared"],"picked":"SKIP","floor":18},{"not_picked":["Sucker Punch","Slice","Dagger Spray+1"],"picked":"SKIP","floor":18},{"not_picked":["Sucker Punch","Slice"],"picked":"Dagger Spray+1","floor":18},{"not_picked":["Underhanded Strike","Dagger Spray","Prepared"],"picked":"SKIP","floor":18},{"not_picked":["Accuracy","Reflex"],"picked":"Well Laid Plans","floor":21},{"not_picked":["Quick Slash","Infinite Blades","Flying Knee"],"picked":"SKIP","floor":21},{"not_picked":["Dagger Spray+1","Quick Slash+1"],"picked":"Acrobatics+1","floor":22},{"not_picked":["Calculated Gamble","Deflect","Flying Knee+1"],"picked":"SKIP","floor":22},{"not_picked":["Infinite Blades","Dagger Throw"],"picked":"Leg Sweep","floor":24},{"not_picked":["Reflex","Dodge and Roll","Acrobatics"],"picked":"SKIP","floor":27},{"not_picked":["Flying Knee","Expertise","Reflex"],"picked":"SKIP","floor":28},{"not_picked":["Well Laid Plans","Quick Slash","Blade Dance"],"picked":"SKIP","floor":28},{"not_picked":["Skewer","Flechettes","Blur"],"picked":"SKIP","floor":29},{"not_picked":["Cloak And Dagger","Escape Plan"],"picked":"Poisoned Stab","floor":35},{"not_picked":["Deflect","Quick Slash+1","Setup"],"picked":"SKIP","floor":35},{"not_picked":["All Out Attack","Outmaneuver+1","Prepared"],"picked":"SKIP","floor":37},{"not_picked":["Dodge and Roll","Dagger Throw+1","Underhanded Strike"],"picked":"SKIP","floor":37},{"not_picked":["Masterful Stab","Deflect+1"],"picked":"Night Terror","floor":39},{"not_picked":["Deflect","Riddle With Holes","Infinite Blades"],"picked":"SKIP","floor":39},{"not_picked":["Deadly Poison","Blade Dance"],"picked":"Corpse Explosion","floor":41},{"not_picked":["Well Laid Plans+1","Cloak And Dagger"],"picked":"Deadly Poison","floor":44},{"not_picked":["Dagger Spray","PiercingWail+1","Storm of Steel"],"picked":"SKIP","floor":44},{"not_picked":["Underhanded Strike","Terror","Prepared"],"picked":"SKIP","floor":45},{"not_picked":["Calculated Gamble","Infinite Blades+1"],"picked":"Noxious Fumes+1","floor":46}],"player_experience":331718,"relics_obtained":[{"floor":6,"key":"Incense Burner"},{"floor":8,"key":"Pocketwatch"},{"floor":9,"key":"TungstenRod"},{"floor":11,"key":"Prayer Wheel"},{"floor":24,"key":"Strawberry"},{"floor":26,"key":"InkBottle"},{"floor":27,"key":"Tiny Chest"},{"floor":29,"key":"Bronze Scales"},{"floor":36,"key":"Dream Catcher"},{"floor":41,"key":"Frozen Egg 2"},{"floor":43,"key":"Bottled Lightning"},{"floor":45,"key":"Ice Cream"}],"event_choices":[{"damage_healed":0,"gold_gain":0,"player_choice":"Upgraded","damage_taken":0,"max_hp_gain":0,"max_hp_loss":0,"event_name":"Upgrade Shrine","floor":3,"gold_loss":0,"cards_upgraded":["Glass Knife"]},{"damage_healed":0,"gold_gain":0,"player_choice":"Donut","damage_taken":0,"max_hp_gain":5,"max_hp_loss":0,"event_name":"Big Fish","floor":5,"gold_loss":0},{"cards_removed":["Strike_G"],"damage_healed":0,"gold_gain":0,"player_choice":"Purged","damage_taken":0,"max_hp_gain":0,"max_hp_loss":0,"event_name":"Purifier","floor":20,"gold_loss":0},{"damage_healed":0,"gold_gain":0,"cards_transformed":["Sucker Punch","Strike_G"],"player_choice":"Became Test Subject","damage_taken":0,"max_hp_gain":0,"max_hp_loss":0,"event_name":"Drug Dealer","floor":30,"gold_loss":0,"cards_obtained":["Leg Sweep","Concentrate"]},{"cards_removed":["Defend_G"],"damage_healed":0,"gold_gain":0,"player_choice":"Gave Gold","damage_taken":0,"max_hp_gain":0,"max_hp_loss":0,"event_name":"Beggar","floor":31,"gold_loss":75},{"damage_healed":0,"gold_gain":0,"player_choice":"Paid","damage_taken":0,"relics_obtained":["Red Mask"],"max_hp_gain":0,"max_hp_loss":0,"event_name":"Tomb of Lord Red Mask","floor":47,"gold_loss":366},{"cards_removed":["Neutralize"],"damage_healed":0,"gold_gain":0,"player_choice":"Removed Attack","damage_taken":0,"max_hp_gain":0,"max_hp_loss":0,"event_name":"Falling","floor":48,"gold_loss":0}],"is_beta":false,"boss_relics":[{"not_picked":["HoveringKite","SacredBark"],"picked":"Sozu"},{"not_picked":["Cursed Key","Runic Dome"],"picked":"SlaversCollar"}],"items_purged_floors":[],"is_endless":false,"potions_floor_spawned":[6,7,13,14,21,27,28,29,35,41,44],"ascension_level":13}}