{"host":"xcuflocadasoaqda","time":1609379222,"event":{"mods":["BaseMod","Bestiary","Filter the Spire","Minty Spire (QoL Compilation)","Relic Stats"],"gold_per_floor":[112,126,199,219,23,48,48,48,48,63,117,162,174,214,226,311,323,347,376,147,167,92,92,119,134,134,134,167,167,197,211,211,290,290,306,117,1116,1134,1134,1134,1134,1165,1190,867,203,223,233,267,267,267,267,267,267,34,63,63],"floor_reached":57,"playtime":2843,"items_purged":["Devotion","Eruption","Perseverance","Normality","Normality","Vigilance+1"],"score":3447,"play_id":"5f67afe3-f61f-443b-becd-bea681cad235","local_time":"20201230194702","is_ascension_mode":true,"campfire_choices":[{"data":"SignatureMove","floor":7,"key":"SMITH"},{"data":"PathToVictory","floor":15,"key":"SMITH"},{"data":"Worship","floor":23,"key":"SMITH"},{"data":"Vault","floor":27,"key":"SMITH"},{"data":"SpiritShield","floor":32,"key":"SMITH"},{"floor":40,"key":"RECALL"},{"floor":41,"key":"REST"},{"data":"PathToVictory","floor":49,"key":"SMITH"},{"data":"Meditate","floor":53,"key":"SMITH"}],"circlet_count":0,"master_deck":["AscendersBane","SpiritShield+1","Worship+1","Meditate+1","Vault+1","DeusExMachina","SignatureMove+1","Evaluate+1","Judgement+1","Establishment+1","PathToVictory+1","Vault+1","Protect+1","PathToVictory+1","PathToVictory+1","Protect+1"],"relics":["Pandora\u0027s Box","Membership Card","Matryoshka","Bird Faced Urn","Dream Catcher","MawBank","Strawberry","Juzu Bracelet","Blue Candle","Runic Pyramid","Anchor","TheAbacus","WingedGreaves","Sundial","Toxic Egg 2","The Courier","Busted Crown","ClockworkSouvenir","Happy Flower","War Paint","Whetstone","OrangePellets","Pear","Lee\u0027s Waffle","FossilizedHelix","Centennial Puzzle","InkBottle","Potion Belt","Letter Opener","Gambling Chip","Oddly Smooth Stone","Eternal Feather"],"acts_visited":["Exordium","TheCity","TheBeyond","TheEnding"],"potions_floor_usage":[4,28,30,38,54,56,56,56,56],"damage_taken":[{"damage":0,"enemies":"Cultist","floor":1,"turns":4},{"damage":0,"enemies":"Small Slimes","floor":2,"turns":3},{"damage":0,"enemies":"Jaw Worm","floor":4,"turns":1},{"damage":0,"enemies":"Lagavulin","floor":6,"turns":5},{"damage":0,"enemies":"Blue Slaver","floor":10,"turns":4},{"damage":0,"enemies":"Gremlin Nob","floor":12,"turns":2},{"damage":0,"enemies":"Lagavulin","floor":14,"turns":4},{"damage":17,"enemies":"Hexaghost","floor":16,"turns":7},{"damage":10,"enemies":"2 Thieves","floor":18,"turns":3},{"damage":2,"enemies":"Shell Parasite","floor":19,"turns":5},{"damage":6,"enemies":"Snake Plant","floor":21,"turns":5},{"damage":4,"enemies":"Book of Stabbing","floor":24,"turns":6},{"damage":0,"enemies":"3 Cultists","floor":25,"turns":5},{"damage":19,"enemies":"Slavers","floor":28,"turns":5},{"damage":2,"enemies":"Gremlin Leader","floor":30,"turns":5},{"damage":0,"enemies":"Chosen and Byrds","floor":31,"turns":3},{"damage":0,"enemies":"Champ","floor":33,"turns":8},{"damage":0,"enemies":"Orb Walker","floor":35,"turns":4},{"damage":31,"enemies":"3 Darklings","floor":38,"turns":5},{"damage":10,"enemies":"Reptomancer","floor":42,"turns":4},{"damage":0,"enemies":"Writhing Mass","floor":46,"turns":5},{"damage":0,"enemies":"Sphere and 2 Shapes","floor":47,"turns":3},{"damage":0,"enemies":"Giant Head","floor":48,"turns":6},{"damage":0,"enemies":"Time Eater","floor":50,"turns":5},{"damage":0,"enemies":"Donu and Deca","floor":51,"turns":9},{"damage":2,"enemies":"Shield and Spear","floor":55,"turns":8},{"damage":0,"enemies":"The Heart","floor":56,"turns":7}],"seed_played":"-1668506793186670680","potions_obtained":[{"floor":2,"key":"BottledMiracle"},{"floor":4,"key":"EssenceOfSteel"},{"floor":12,"key":"SteroidPotion"},{"floor":18,"key":"AttackPotion"},{"floor":31,"key":"SkillPotion"},{"floor":35,"key":"FearPotion"}],"is_trial":false,"path_per_floor":["M","M","?","M","$","E","R","?","T","M","T","E","?","E","R","B",null,"M","M","$","M","?","R","E","M","T","R","E","?","E","M","R","B",null,"M","$","?","M","?","R","R","E","T","$","$","M","M","E","R","B","B",null,"R","$","E","B",null],"character_chosen":"WATCHER","items_purchased":["Membership Card","PathToVictory","Anchor","TheAbacus","ClockworkSouvenir","Happy Flower","OrangePellets","Pear","Ambrosia","Block Potion","Lee\u0027s Waffle","FossilizedHelix","Centennial Puzzle","InkBottle","Potion Belt","Letter Opener","DuplicationPotion","Weak Potion","Oddly Smooth Stone","Fruit Juice","PowerPotion"],"campfire_rested":1,"item_purchase_floors":[5,20,20,20,36,36,44,44,44,44,45,45,45,45,45,45,45,45,54,54,54],"current_hp_per_floor":[61,61,61,61,61,61,61,56,56,58,65,65,42,46,46,33,65,57,59,59,55,55,55,53,55,55,55,36,36,36,38,38,40,66,68,68,68,39,39,39,60,52,52,62,88,88,88,88,88,88,88,88,88,93,91,93],"gold":63,"neow_bonus":"BOSS_RELIC","is_daily":false,"chose_seed":false,"campfire_upgraded":7,"win_rate":0.0,"timestamp":1609379222,"path_taken":["M","?","?","M","$","E","R","?","T","M","?","E","?","E","R","BOSS","M","M","$","M","?","R","E","M","T","R","E","?","E","M","R","BOSS","M","$","?","M","?","R","R","E","T","$","$","M","M","E","R","BOSS","BOSS","R","$","E","BOSS"],"items_purchased_type":["Relic","Card","Relic","Relic","Relic","Relic","Relic","Relic","Potion","Potion","Relic","Relic","Relic","Relic","Relic","Relic","Potion","Potion","Relic","Potion","Potion"],"build_version":"2020-12-22","purchased_purges":6,"victory":true,"max_hp_per_floor":[68,68,68,68,68,68,68,68,68,68,75,75,75,75,75,75,75,75,75,75,75,75,75,75,75,75,75,75,75,75,75,75,75,75,75,75,75,75,71,71,71,71,71,81,88,88,88,88,88,88,88,88,88,93,93,93],"relic_stats":{"Lee\u0027s Waffle":26,"Happy Flower":[17],"counters":[27,131],"Blue Candle":[4],"Eternal Feather":0,"Juzu Bracelet":0,"Whetstone":[],"Letter Opener":[202],"War Paint":["Judgement","Evaluate"],"MawBank":108,"OrangePellets":[2],"Dream Catcher":1,"Centennial Puzzle":[4],"TheAbacus":[150],"Busted Crown":16,"Sundial":[12],"Bird Faced Urn":[36],"Gambling Chip":[2],"Pandora\u0027s Box":["Perseverance","SpiritShield","Worship","Meditate","Wireheading","Devotion","Vault","DeusExMachina"],"obtain_stats":[{"Juzu Bracelet":12,"Whetstone":43,"ClockworkSouvenir":36,"Dream Catcher":9,"Centennial Puzzle":45,"Matryoshka":6,"TheAbacus":20,"Sundial":26,"Strawberry":11,"Gambling Chip":48,"WingedGreaves":24,"Toxic Egg 2":28,"InkBottle":45,"Runic Pyramid":17,"Potion Belt":45,"Lee\u0027s Waffle":45,"Pear":44,"Happy Flower":36,"Blue Candle":14,"Oddly Smooth Stone":54,"Eternal Feather":55,"The Courier":30,"Letter Opener":45,"War Paint":42,"MawBank":11,"OrangePellets":44,"Anchor":20,"Busted Crown":34,"Bird Faced Urn":8,"Pandora\u0027s Box":0,"Membership Card":5,"PureWater":0,"FossilizedHelix":45},{"Juzu Bracelet":6,"Whetstone":20,"ClockworkSouvenir":18,"Dream Catcher":4,"Centennial Puzzle":20,"Matryoshka":4,"TheAbacus":10,"Sundial":13,"Strawberry":5,"Gambling Chip":23,"WingedGreaves":12,"Toxic Egg 2":14,"InkBottle":20,"Runic Pyramid":8,"Potion Belt":20,"Lee\u0027s Waffle":20,"Pear":20,"Happy Flower":18,"Blue Candle":7,"Oddly Smooth Stone":25,"Eternal Feather":26,"The Courier":15,"Letter Opener":20,"War Paint":20,"MawBank":5,"OrangePellets":20,"Anchor":10,"Busted Crown":17,"Bird Faced Urn":4,"Pandora\u0027s Box":0,"Membership Card":3,"PureWater":0,"FossilizedHelix":20},{"Juzu Bracelet":19,"Whetstone":88,"ClockworkSouvenir":79,"Dream Catcher":13,"Centennial Puzzle":88,"Matryoshka":13,"TheAbacus":38,"Sundial":54,"Strawberry":17,"Gambling Chip":102,"WingedGreaves":49,"Toxic Egg 2":59,"InkBottle":88,"Runic Pyramid":30,"Potion Belt":88,"Lee\u0027s Waffle":88,"Pear":88,"Happy Flower":79,"Blue Candle":23,"Oddly Smooth Stone":116,"Eternal Feather":124,"The Courier":64,"Letter Opener":88,"War Paint":88,"MawBank":17,"OrangePellets":88,"Anchor":38,"Busted Crown":75,"Bird Faced Urn":13,"Pandora\u0027s Box":0,"Membership Card":8,"PureWater":0,"FossilizedHelix":88}],"InkBottle":[18]},"card_choices":[{"not_picked":["ThirdEye","Nirvana"],"picked":"SignatureMove","floor":1},{"not_picked":["Collect","ClearTheMind"],"picked":"Evaluate","floor":2},{"not_picked":["CutThroughFate","EmptyBody","Consecrate"],"picked":"SKIP","floor":4},{"not_picked":["CutThroughFate","BowlingBash"],"picked":"Judgement","floor":6},{"not_picked":["WreathOfFlame","Conclude","Wallop"],"picked":"SKIP","floor":10},{"not_picked":["Protect","Prostrate"],"picked":"Establishment","floor":12},{"not_picked":["Wireheading","SashWhip"],"picked":"PathToVictory","floor":14},{"not_picked":["Ragnarok","Establishment"],"picked":"Vault","floor":16},{"not_picked":["Meditate","Crescendo"],"picked":"Protect+1","floor":18},{"not_picked":["Vengeance+1","EmptyBody","DeceiveReality"],"picked":"SKIP","floor":19},{"not_picked":["Conclude","Protect","InnerPeace"],"picked":"SKIP","floor":21},{"not_picked":["EmptyFist","CrushJoints","ClearTheMind"],"picked":"SKIP","floor":24},{"not_picked":["EmptyFist","CrushJoints","ClearTheMind"],"picked":"SKIP","floor":24},{"not_picked":["Sanctity","EmptyFist","CutThroughFate"],"picked":"SKIP","floor":25},{"not_picked":["SandsOfTime","Brilliance"],"picked":"PathToVictory+1","floor":28},{"not_picked":["EmptyFist","Sanctity+1","FlurryOfBlows"],"picked":"SKIP","floor":30},{"not_picked":["ClearTheMind+1","Protect+1","Pray+1"],"picked":"SKIP","floor":31},{"not_picked":["EmptyBody+1"],"picked":"SKIP","floor":35},{"not_picked":["Consecrate"],"picked":"SKIP","floor":38},{"not_picked":[],"picked":"Protect+1","floor":41},{"not_picked":["FollowUp"],"picked":"SKIP","floor":42},{"not_picked":["Prostrate+1"],"picked":"SKIP","floor":46},{"not_picked":["Evaluate+1"],"picked":"SKIP","floor":47},{"not_picked":["LessonLearned"],"picked":"SKIP","floor":48},{"not_picked":["BattleHymn+1"],"picked":"SKIP","floor":55}],"player_experience":1825979,"relics_obtained":[{"floor":6,"key":"Matryoshka"},{"floor":9,"key":"Dream Catcher"},{"floor":11,"key":"MawBank"},{"floor":11,"key":"Strawberry"},{"floor":12,"key":"Juzu Bracelet"},{"floor":14,"key":"Blue Candle"},{"floor":24,"key":"WingedGreaves"},{"floor":26,"key":"Sundial"},{"floor":28,"key":"Toxic Egg 2"},{"floor":30,"key":"The Courier"},{"floor":42,"key":"War Paint"},{"floor":43,"key":"Whetstone"},{"floor":48,"key":"Gambling Chip"},{"floor":55,"key":"Eternal Feather"}],"event_choices":[{"damage_healed":0,"gold_gain":73,"player_choice":"Gained Gold","damage_taken":0,"max_hp_gain":0,"max_hp_loss":0,"event_name":"Golden Wing","floor":3,"gold_loss":0},{"damage_healed":0,"gold_gain":0,"player_choice":"Success","damage_taken":5,"relics_obtained":["Bird Faced Urn"],"max_hp_gain":0,"max_hp_loss":0,"event_name":"Scrap Ooze","floor":8,"gold_loss":0},{"damage_healed":0,"gold_gain":0,"player_choice":"Entered Light","damage_taken":23,"max_hp_gain":0,"max_hp_loss":0,"event_name":"Shining Light","floor":13,"gold_loss":0,"cards_upgraded":["Vault","Vigilance"]},{"cards_removed":["Wireheading"],"damage_healed":0,"gold_gain":0,"player_choice":"Gave Gold","damage_taken":0,"max_hp_gain":0,"max_hp_loss":0,"event_name":"Beggar","floor":22,"gold_loss":75},{"damage_healed":0,"gold_gain":0,"player_choice":"Upgraded","damage_taken":0,"max_hp_gain":0,"max_hp_loss":0,"event_name":"Upgrade Shrine","floor":29,"gold_loss":0,"cards_upgraded":["Establishment"]},{"damage_healed":0,"gold_gain":999,"player_choice":"Gold","damage_taken":0,"max_hp_gain":0,"max_hp_loss":0,"event_name":"MindBloom","floor":37,"gold_loss":0,"cards_obtained":["Normality","Normality"]},{"damage_healed":0,"gold_gain":0,"player_choice":"Max HP","damage_taken":0,"max_hp_gain":0,"max_hp_loss":4,"event_name":"Winding Halls","floor":39,"gold_loss":0}],"is_beta":false,"boss_relics":[{"not_picked":["SacredBark","Velvet Choker"],"picked":"Runic Pyramid"},{"not_picked":["VioletLotus","Black Star"],"picked":"Busted Crown"}],"items_purged_floors":[5,20,36,44,45,54],"is_endless":false,"potions_floor_spawned":[2,4,12,18,19,31,35,47,48],"ascension_level":20}}