{"host":"obl22cu6uafq1ffx","time":1609391294,"event":{"mods":["BaseMod","Colored Map","Hubris","Hunter ¡‘»À","KinomotoSakuraMod(ƒæ÷Æ±æ”£)","Lobotomy","Minty Spire (QoL Compilation)","Pikachu Mod","Shop Mod","Small Relic Pack","StSLib","The Poker Player","The Saiyan","TheHero","[IsaacMod]“‘»ˆº‚À˛","vexMod","°æ“≈ŒÔø®≈∆°øREMEMod"],"gold_per_floor":[93,109,23,41,51,51,122,148,148,159,159,159,190,190,190,323,323,341,360,373,383,483,483,515,515,538,567,567,567,567,616,616,716,716,729,704,704,723,89,122,122,142,193,193,209,26,53,53,53,53,53],"floor_reached":50,"playtime":5719,"items_purged":[],"score":754,"play_id":"e09ba66f-03e3-4af5-b550-164bb295b0cd","local_time":"20201231130814","is_ascension_mode":true,"campfire_choices":[{"data":"Saiyan:CCCapsule","floor":6,"key":"SMITH"},{"floor":11,"key":"REST"},{"floor":15,"key":"REST"},{"floor":23,"key":"REST"},{"floor":25,"key":"REST"},{"floor":30,"key":"REST"},{"floor":32,"key":"REST"},{"floor":41,"key":"REST"},{"floor":49,"key":"REST"}],"circlet_count":0,"master_deck":["Saiyan:SAIYA_Strike","Saiyan:SAIYA_Strike","Saiyan:SAIYA_Strike","Saiyan:SAIYA_Defend","Saiyan:SAIYA_Defend","Saiyan:SAIYA_Defend","Saiyan:SAIYA_Defend","Saiyan:EnergyBlast","Saiyan:KaioKen","Saiyan:RuthlessBlow","PokerPlayerMod:ChangeRules","Saiyan:TransfigurationBeam","Saiyan:Rekindle","Saiyan:CCCapsule+1","Saiyan:FingerParry","Saiyan:Kienzan","Saiyan:SaiyanHubris","Saiyan:KameHameHa","Saiyan:DragonFist","Saiyan:SaiyanHubris","Saiyan:TransfigurationBeam","Saiyan:KameHameHa+1","Saiyan:BackAttack","Saiyan:Scouter","Saiyan:Taunt","Saiyan:MonkeyTail","Saiyan:RemoveWeights","Saiyan:DoubleMasenko","Saiyan:PressOn","Saiyan:KameHameHa","Saiyan:PlotArmor+1","Saiyan:SaiyanHubris","Saiyan:TurtleShell+1","Saiyan:Quickening+1","Saiyan:Medicine","Saiyan:SpiritSword","Saiyan:DoubleMasenko","Saiyan:PowerUp+1","REME_TwoStrings","Saiyan:Planning","Saiyan:Expend","Thinking Ahead","Saiyan:MeteorDash","Saiyan:BackAttack","Saiyan:Expend+1","Saiyan:LastResort","Saiyan:ReverberatingForce+1","Saiyan:FingerParry+1","Saiyan:DoubleMasenko","Saiyan:BigBangAttack+1","Saiyan:TurtleShell+1","Saiyan:Quickening+1","Saiyan:Planning","Swift Strike+1","Saiyan:PlotArmor","Saiyan:MajinSeal","Saiyan:BackAttack+1"],"relics":["SaiyanSoul","SaiyanHeart","HushsDoor","REME_ComplimentaryCards","PokeGo","GnawedLeaf","HornCleat","Oddly Smooth Stone","Fusion Hammer","Ornamental Fan","Ancient Tea Set","REME_IWantAll","BookOfRevelations","hubris:HollowSoul","hubris:Icosahedron","SteamSale","Incense Burner","PreservedInsect","Pantograph","Blood Vial","relicPack:OneForAll","Molten Egg 2","vexMod:CardConverter"],"acts_visited":["Exordium","TheCity","TheBeyond"],"potions_floor_usage":[8,8,8,13,13,16,20,24,27,27,31,40,50,50],"damage_taken":[{"damage":1,"enemies":"Small Slimes","floor":1,"turns":5},{"damage":0,"enemies":"2 Louse","floor":2,"turns":2},{"damage":0,"enemies":"Jaw Worm","floor":4,"turns":4},{"damage":0,"enemies":"Red Slaver","floor":5,"turns":4},{"damage":66,"enemies":"Lagavulin","floor":8,"turns":14},{"damage":0,"enemies":"Looter","floor":10,"turns":3},{"damage":0,"enemies":"3 Sentries","floor":13,"turns":8},{"damage":15,"enemies":"Hexaghost","floor":16,"turns":16},{"damage":9,"enemies":"2 Thieves","floor":18,"turns":4},{"damage":20,"enemies":"Spheric Guardian","floor":19,"turns":5},{"damage":16,"enemies":"Cultist and Chosen","floor":20,"turns":6},{"damage":0,"enemies":"Centurion and Healer","floor":21,"turns":6},{"damage":45,"enemies":"REME_1_Revenger","floor":24,"turns":4},{"damage":19,"enemies":"Book of Stabbing","floor":27,"turns":7},{"damage":0,"enemies":"Shelled Parasite and Fungi","floor":31,"turns":2},{"damage":0,"enemies":"Collector","floor":33,"turns":8},{"damage":5,"enemies":"3 Shapes","floor":35,"turns":6},{"damage":0,"enemies":"Orb Walker","floor":38,"turns":4},{"damage":59,"enemies":"Nemesis","floor":40,"turns":5},{"damage":66,"enemies":"Sphere and 2 Shapes","floor":42,"turns":10},{"damage":16,"enemies":"4 Shapes","floor":45,"turns":9},{"damage":72,"enemies":"Reptomancer","floor":47,"turns":6},{"damage":26,"enemies":"Donu and Deca","floor":50,"turns":4}],"seed_played":"3422977556157750780","potions_obtained":[{"floor":1,"key":"GamblersBrew"},{"floor":8,"key":"GamblersBrew"},{"floor":10,"key":"Block Potion"},{"floor":13,"key":"REME_GoldPotion"},{"floor":21,"key":"DistilledChaos"},{"floor":24,"key":"Swift Potion"},{"floor":27,"key":"REME_GoldPotion"},{"floor":42,"key":"Ancient Potion"},{"floor":47,"key":"SkillPotion"}],"is_trial":false,"path_per_floor":["M","M","$","M","M","R","?","E","T","M","R","?","E","$","R","B",null,"M","M","M","M","?","R","E","R","T","E","?","?","R","M","R","B",null,"M","?","?","M","$","E","R","M","T","?","M","$","E","?","R","B"],"character_chosen":"SAIYAJIN","items_purchased":["Saiyan:FingerParry","Saiyan:Kienzan","SteamSale","REME_TwoStrings","Saiyan:Planning","Incense Burner","FairyPotion","PreservedInsect","Saiyan:Expend","Thinking Ahead","Saiyan:MeteorDash","Saiyan:Planning","Molten Egg 2","Swift Strike+1"],"campfire_rested":8,"item_purchase_floors":[3,3,39,39,39,39,39,39,39,39,39,46,46,46],"current_hp_per_floor":[62,62,62,64,66,66,66,3,3,4,25,25,27,27,48,35,75,67,50,36,38,38,62,19,44,44,28,28,28,54,58,85,89,96,95,95,95,99,99,43,75,16,16,16,10,10,44,44,82,0,0],"gold":53,"neow_bonus":"TRANSFORM_CARD","is_daily":false,"chose_seed":false,"campfire_upgraded":1,"win_rate":0.0,"timestamp":1609391294,"path_taken":["M","M","$","M","M","R","?","E","T","M","R","?","E","$","R","BOSS","M","M","M","M","?","R","E","R","T","E","?","?","R","M","R","BOSS","M","?","?","M","$","E","R","M","T","?","?","$","E","?","R","BOSS"],"items_purchased_type":["Card","Card","Relic","Card","Card","Relic","Potion","Relic","Card","Card","Card","Card","Relic","Card"],"build_version":"2020-12-22","purchased_purges":0,"victory":false,"max_hp_per_floor":[63,63,63,65,67,67,67,70,70,71,71,71,73,73,73,75,75,76,79,81,83,83,83,85,85,85,88,88,88,88,92,92,96,96,100,100,100,104,104,107,107,111,111,111,116,116,128,128,128,128,128],"card_choices":[{"not_picked":[],"picked":"Bomb","floor":0},{"not_picked":["Saiyan:TurtleShell","Saiyan:PowerUp"],"picked":"Saiyan:Rekindle","floor":1},{"not_picked":["Saiyan:DrainingStrike","Saiyan:PlotArmor"],"picked":"Saiyan:CCCapsule","floor":2},{"not_picked":["Saiyan:KiExplosion","Saiyan:Endure"],"picked":"Saiyan:SaiyanHubris","floor":4},{"not_picked":["Saiyan:PressOn","Saiyan:SaiyanHubris"],"picked":"Saiyan:KameHameHa","floor":5},{"not_picked":["Saiyan:KiStrike","Saiyan:Expend"],"picked":"Saiyan:DragonFist","floor":8},{"not_picked":["Saiyan:Quickening","Saiyan:Scouter"],"picked":"Saiyan:SaiyanHubris","floor":10},{"not_picked":["Saiyan:TurtleShell","Saiyan:Fly"],"picked":"Bomb","floor":13},{"not_picked":["Saiyan:GhostAttack","Saiyan:HyperTimeChamber"],"picked":"Saiyan:TransfigurationBeam","floor":16},{"not_picked":["Saiyan:DragonFist","Saiyan:RemoveWeights"],"picked":"Saiyan:KameHameHa+1","floor":18},{"not_picked":["Saiyan:TurtleShell","Saiyan:Pacing"],"picked":"Saiyan:BackAttack","floor":19},{"not_picked":["Saiyan:Kienzan","Saiyan:KiExplosion"],"picked":"Saiyan:Scouter","floor":20},{"not_picked":["Saiyan:KameHameHa","Saiyan:PowerUp"],"picked":"Saiyan:Taunt","floor":21},{"not_picked":["Saiyan:KiExplosion","Saiyan:Scouter"],"picked":"Saiyan:MonkeyTail","floor":24},{"not_picked":["Saiyan:RemoveWeights","Saiyan:DoubleMasenko","Saiyan:PressOn"],"picked":"Singing Bowl","floor":27},{"not_picked":["Saiyan:KameHameHa","Saiyan:PlotArmor+1","Saiyan:SaiyanHubris"],"picked":"Singing Bowl","floor":31},{"not_picked":["Saiyan:MajinSeal","Saiyan:TransfigurationBeam","Saiyan:SenzuBean"],"picked":"Singing Bowl","floor":33},{"not_picked":["Saiyan:TurtleShell+1","Saiyan:Quickening+1","Saiyan:Medicine"],"picked":"Singing Bowl","floor":35},{"not_picked":["Saiyan:SpiritSword","Saiyan:DoubleMasenko","Saiyan:PowerUp+1"],"picked":"Singing Bowl","floor":38},{"not_picked":["Saiyan:BackAttack","Saiyan:Expend+1","Saiyan:LastResort"],"picked":"Singing Bowl","floor":40},{"not_picked":["Saiyan:ReverberatingForce+1","Saiyan:FingerParry+1","Saiyan:DoubleMasenko"],"picked":"Singing Bowl","floor":42},{"not_picked":["Saiyan:BigBangAttack+1","Saiyan:TurtleShell+1","Saiyan:Quickening+1"],"picked":"Singing Bowl","floor":45},{"not_picked":["Saiyan:PlotArmor","Saiyan:MajinSeal","Saiyan:BackAttack+1"],"picked":"Singing Bowl","floor":47}],"player_experience":17083,"relics_obtained":[{"floor":8,"key":"GnawedLeaf"},{"floor":9,"key":"HornCleat"},{"floor":13,"key":"Oddly Smooth Stone"},{"floor":24,"key":"Ornamental Fan"},{"floor":26,"key":"Ancient Tea Set"},{"floor":27,"key":"REME_IWantAll"},{"floor":40,"key":"Pantograph"},{"floor":43,"key":"Blood Vial"},{"floor":47,"key":"vexMod:CardConverter"}],"event_choices":[{"damage_healed":0,"gold_gain":71,"player_choice":"Gained Gold","damage_taken":0,"max_hp_gain":0,"max_hp_loss":0,"event_name":"Golden Wing","floor":7,"gold_loss":0},{"damage_healed":0,"gold_gain":100,"player_choice":"Pray","damage_taken":0,"max_hp_gain":0,"max_hp_loss":0,"event_name":"Golden Shrine","floor":22,"gold_loss":0},{"damage_healed":0,"gold_gain":0,"player_choice":"Opened","damage_taken":0,"relics_obtained":["BookOfRevelations"],"max_hp_gain":0,"max_hp_loss":0,"event_name":"The Mausoleum","floor":29,"gold_loss":0},{"damage_healed":0,"gold_gain":0,"player_choice":"Ignored","damage_taken":0,"max_hp_gain":0,"max_hp_loss":0,"event_name":"Mysterious Sphere","floor":48,"gold_loss":0}],"is_beta":false,"boss_relics":[{"not_picked":["relicPack:KazumaCape","hubris:RunicObelisk"],"picked":"Fusion Hammer"},{"not_picked":[]},{"not_picked":["ChampionBelt","Black Star"],"picked":"hubris:HollowSoul"},{"not_picked":[]}],"items_purged_floors":[],"is_endless":false,"potions_floor_spawned":[1,8,10,13,21,24,27,38,42,47],"killed_by":"Donu and Deca","ascension_level":1}}