{"host":"1hppsasng8mkn0s8","time":1609411975,"event":{"mods":["BaseMod","Downfall","Minty Spire (QoL Compilation)","StSLib"],"gold_per_floor":[99,99,99,99,99,125,177,177,27,41,41,60,91,91,106,106,106,106],"floor_reached":16,"playtime":876,"items_purged":[],"score":106,"play_id":"c4bd56d8-4a53-4dd9-a377-9cf9620757a0","local_time":"20201231185255","is_ascension_mode":false,"campfire_choices":[{"floor":1.0,"key":"RECALL"},{"data":"hexamod:RainOfEmbers","floor":9,"key":"SMITH"},{"floor":11,"key":"REST"}],"circlet_count":0,"master_deck":["hexamod:Strike","hexamod:Strike","hexamod:Strike","hexamod:Strike","hexamod:Defend","hexamod:Defend","hexamod:Defend","hexamod:Defend","hexamod:Sear","hexamod:Float","hexamod:RainOfEmbers+1","hexamod:GhostOfSpirePast","hexamod:HeatMetal","hexamod:DynamicBlow+1","hexamod:ThirdSeal","hexamod:ChargedBarrage","hexamod:TimeWarp+1","hexamod:GhostLash+1","hexamod:BurningTouch","hexamod:SpectersWail+1"],"relics":["hexamod:SpiritBrand","downfall:HeartsMalice","Molten Egg 2","Darkstone Periapt","downfall:BrokenWingStatue","downfall:HeartBlessingBlue","downfall:HeartBlessingRed","Pen Nib"],"acts_visited":["Exordium"],"potions_floor_usage":[10,16],"damage_taken":[{"damage":0.0,"enemies":"Cultist","floor":2.0,"turns":1.0},{"damage":0.0,"enemies":"Small Slimes","floor":3.0,"turns":1.0},{"damage":0.0,"enemies":"2 Louse","floor":4.0,"turns":1.0},{"damage":45,"enemies":"Gremlin Nob","floor":6,"turns":6},{"damage":5,"enemies":"Lots of Slimes","floor":10,"turns":4},{"damage":7,"enemies":"Blue Slaver","floor":12,"turns":3},{"damage":18,"enemies":"3 Sentries","floor":13,"turns":6},{"damage":1,"enemies":"2 Fungi Beasts","floor":15,"turns":3},{"damage":28,"enemies":"downfall:Defect","floor":16,"turns":4}],"seed_played":"-4013887098218998814","potions_obtained":[{"floor":6,"key":"Fire Potion"},{"floor":10,"key":"SteroidPotion"},{"floor":13,"key":"Fire Potion"}],"is_trial":false,"path_per_floor":["R","M","M","M","?","E","T","?","R","M","R","M","E","?","M","B"],"character_chosen":"THE_SPIRIT","items_purchased":[],"campfire_rested":1,"item_purchase_floors":[],"current_hp_per_floor":[70,70,70,70,67,22,22,22,32,27,51,44,26,26,25,0,0,0],"gold":106,"neow_bonus":"THREE_ENEMY_KILL","is_daily":false,"chose_seed":false,"campfire_upgraded":1,"win_rate":0.0,"timestamp":1609411975,"path_taken":["R","?","M","M","?","E","T","?","R","M","R","M","E","?","M","BOSS"],"items_purchased_type":[],"build_version":"2020-12-22","purchased_purges":0,"victory":false,"max_hp_per_floor":[70,70,70,70,70,70,70,70,80,80,80,80,80,80,80,80,80,80],"card_choices":[{"not_picked":["hexamod:NightmareStrike","hexamod:ExtraCrispy"],"picked":"hexamod:RainOfEmbers","floor":2.0},{"not_picked":["hexamod:NightmareGuise","hexamod:GhostLash"],"picked":"hexamod:GhostOfSpirePast","floor":3.0},{"not_picked":["hexamod:GhostOfSpirePast","hexamod:RainOfEmbers"],"picked":"hexamod:HeatMetal","floor":4.0},{"not_picked":["hexamod:ChargedBarrage","hexamod:GhostLash+1"],"picked":"hexamod:DynamicBlow+1","floor":6},{"not_picked":["hexamod:Haunt","hexamod:RetreatToShadows"],"picked":"hexamod:ThirdSeal","floor":10},{"not_picked":["hexamod:GhostflameBarrier","hexamod:Haunt"],"picked":"hexamod:ChargedBarrage","floor":12},{"not_picked":["hexamod:HeatMetal+1","hexamod:GhostOfSpirePast"],"picked":"hexamod:TimeWarp+1","floor":13},{"not_picked":["hexamod:DynamicBlow+1","hexamod:InspiringFlames"],"picked":"hexamod:GhostLash+1","floor":13},{"not_picked":["hexamod:RainOfEmbers+1","hexamod:ChargedBarrage"],"picked":"hexamod:BurningTouch","floor":15},{"not_picked":["hexamod:BacktrackSmack+1","hexamod:Hexaguard"],"picked":"hexamod:SpectersWail+1","floor":15}],"player_experience":191490,"relics_obtained":[{"floor":6,"key":"Darkstone Periapt"},{"floor":13,"key":"Pen Nib"}],"event_choices":[{"damage_healed":0.0,"max_hp_gain":0.0,"max_hp_loss":0.0,"gold_gain":0.0,"event_name":"Scrap Ooze","player_choice":"Success","floor":5.0,"gold_loss":0.0,"damage_taken":3.0,"relics_obtained":["Molten Egg 2"]},{"damage_healed":0,"gold_gain":0,"player_choice":"Ignored","damage_taken":0,"max_hp_gain":0,"max_hp_loss":0,"event_name":"NoteForYourself","floor":14,"gold_loss":0}],"is_beta":false,"boss_relics":[],"items_purged_floors":[],"is_endless":false,"potions_floor_spawned":[6,10,13],"killed_by":"downfall:Defect","ascension_level":0}}