{"host":"8i4doyxqctgl5qb0","time":1609423692,"event":{"mods":["AchievementEnabler","BaseMod","Block Reminder","Colored Powertips","Downfall","Marisa£®ÏF”Í°°ƒß¿Ì…≥£©","Minty Spire (QoL Compilation)","Permanent Neow","Potion Indicator Mod","Rare Cards Sparkle","StSLib","SuperFastMode"],"gold_per_floor":[118,68,79,79,254,254,274,116,116,116,116,131,131,141,141,240,240,250,250,250,57,76,76,175,191,216,226,239,254,179,194,194,194,194],"floor_reached":33,"playtime":1459,"items_purged":["Defend_R"],"score":264,"play_id":"93bcbdd7-d77d-43ab-80f6-12928f4710b4","local_time":"20201231220812","is_ascension_mode":false,"campfire_choices":[{"data":"Flex","floor":6.0,"key":"SMITH"},{"data":"expansioncontent:Collect","floor":10.0,"key":"SMITH"},{"data":"Barricade","floor":13.0,"key":"SMITH"},{"data":"Perfected Strike","floor":15.0,"key":"SMITH"},{"floor":23.0,"key":"REST"},{"floor":32.0,"key":"REST"}],"circlet_count":0,"master_deck":["Strike_R","Strike_R","Strike_R","Strike_R","Defend_R","Defend_R","Defend_R","Bash","Flex+1","Flame Barrier","Doubt","Shrug It Off","expansioncontent:Collect+1","Warcry","Flash of Steel","Barricade+1","Perfected Strike+1","Thunderclap","Feed","Cleave+1","J.A.X.","Mayhem","Inflame+1","Battle Trance","Bloodletting","Searing Blow","Body Slam+1","Pommel Strike+1"],"relics":["Burning Blood","Blood Vial","Self Forming Clay","HornCleat","Black Star","Regal Pillow"],"acts_visited":["Exordium","TheCity"],"potions_floor_usage":[33,33],"damage_taken":[{"damage":0.0,"enemies":"Small Slimes","floor":1.0,"turns":3.0},{"damage":3.0,"enemies":"2 Louse","floor":3.0,"turns":3.0},{"damage":3.0,"enemies":"Jaw Worm","floor":7.0,"turns":5.0},{"damage":6.0,"enemies":"3 Louse","floor":12.0,"turns":5.0},{"damage":8.0,"enemies":"Red Slaver","floor":14.0,"turns":6.0},{"damage":43.0,"enemies":"Slime Boss","floor":16.0,"turns":23.0},{"damage":31.0,"enemies":"Spheric Guardian","floor":18.0,"turns":10.0},{"damage":22.0,"enemies":"3 Byrds","floor":22.0,"turns":6.0},{"damage":8.0,"enemies":"Snake Plant","floor":25.0,"turns":4.0},{"damage":21.0,"enemies":"Snecko","floor":27.0,"turns":6.0},{"damage":29.0,"enemies":"3 Cultists","floor":28.0,"turns":6.0},{"damage":17.0,"enemies":"Centurion and Healer","floor":29.0,"turns":7.0},{"damage":8.0,"enemies":"Snake Plant","floor":31.0,"turns":4.0},{"damage":73,"enemies":"Collector","floor":33,"turns":7}],"seed_played":"-9088559841167941310","potions_obtained":[{"floor":12.0,"key":"SkillPotion"},{"floor":14.0,"key":"ElixirPotion"},{"floor":16.0,"key":"Dexterity Potion"},{"floor":22.0,"key":"FearPotion"},{"floor":25.0,"key":"DistilledChaos"},{"floor":28.0,"key":"GamblersBrew"}],"is_trial":false,"path_per_floor":["M","?","M","?","?","R","M","$","T","R","?","M","R","M","R","B",null,"M","?","?","$","M","R","?","M","T","M","M","M","?","M","R","B"],"character_chosen":"IRONCLAD","items_purchased":["expansioncontent:Collect","Mayhem"],"campfire_rested":2,"item_purchase_floors":[8,21],"current_hp_per_floor":[80,80,80,80,80,80,80,80,80,80,80,80,80,78,78,43,80,55,40,40,40,29,55,55,58,58,45,27,21,21,24,69,0,0],"gold":194,"neow_bonus":"RANDOM_COMMON_RELIC","is_daily":false,"chose_seed":false,"campfire_upgraded":4,"win_rate":0.0,"timestamp":1609423692,"path_taken":["M","?","M","?","?","R","?","$","T","R","?","M","R","M","R","BOSS","M","?","?","$","M","R","?","?","T","M","M","M","?","M","R","BOSS"],"items_purchased_type":["Card","Card"],"build_version":"2020-12-22","purchased_purges":1,"victory":false,"max_hp_per_floor":[80,80,80,80,80,80,80,80,80,80,80,80,80,80,80,80,80,80,85,85,85,88,88,88,91,91,91,94,97,97,100,100,100,100],"card_choices":[{"not_picked":["Body Slam","Clothesline"],"picked":"Flex","floor":1.0},{"not_picked":["Rupture","Hemokinesis"],"picked":"Flame Barrier","floor":3.0},{"not_picked":["Warcry","Sever Soul"],"picked":"Shrug It Off","floor":7.0},{"not_picked":["Carnage","Iron Wave"],"picked":"Perfected Strike","floor":12.0},{"not_picked":["Heavy Blade","Twin Strike"],"picked":"Thunderclap","floor":14.0},{"not_picked":["Double Tap","Barricade"],"picked":"Feed","floor":16.0},{"not_picked":["Clash","Anger+1"],"picked":"Cleave+1","floor":18.0},{"not_picked":["Iron Wave","Hemokinesis"],"picked":"Inflame+1","floor":22.0},{"not_picked":["Flame Barrier","Body Slam"],"picked":"Battle Trance","floor":25.0},{"not_picked":["Flame Barrier","Headbutt"],"picked":"Bloodletting","floor":27.0},{"not_picked":["Intimidate","Body Slam"],"picked":"Searing Blow","floor":28.0},{"not_picked":["Thunderclap","Dark Embrace"],"picked":"Body Slam+1","floor":29.0},{"not_picked":["Infernal Blade","Battle Trance"],"picked":"Pommel Strike+1","floor":31.0}],"player_experience":3404,"relics_obtained":[{"floor":9.0,"key":"HornCleat"},{"floor":26.0,"key":"Regal Pillow"}],"event_choices":[{"cards_removed":["Strike_R"],"damage_healed":0.0,"max_hp_gain":0.0,"max_hp_loss":0.0,"gold_gain":0.0,"event_name":"The Cleric","player_choice":"Card Removal","floor":2.0,"gold_loss":50.0,"damage_taken":0.0},{"damage_healed":0.0,"max_hp_gain":0.0,"max_hp_loss":0.0,"gold_gain":0.0,"event_name":"Big Fish","player_choice":"Box","floor":4.0,"gold_loss":0.0,"damage_taken":0.0,"relics_obtained":["Self Forming Clay"],"cards_obtained":["Regret"]},{"damage_healed":0.0,"max_hp_gain":0.0,"max_hp_loss":0.0,"gold_gain":175.0,"event_name":"Liars Game","player_choice":"AGREE","floor":5.0,"gold_loss":0.0,"damage_taken":0.0,"cards_obtained":["Doubt"]},{"damage_healed":0.0,"max_hp_gain":0.0,"max_hp_loss":0.0,"gold_gain":0.0,"event_name":"Match and Keep!","player_choice":"3 cards matched","floor":11.0,"gold_loss":0.0,"damage_taken":0.0,"cards_obtained":["Warcry","Flash of Steel","Barricade"]},{"damage_healed":0.0,"max_hp_gain":5.0,"max_hp_loss":0.0,"gold_gain":0.0,"event_name":"Forgotten Altar","player_choice":"Shed Blood","floor":19.0,"gold_loss":0.0,"damage_taken":20.0},{"damage_healed":0.0,"max_hp_gain":0.0,"max_hp_loss":0.0,"gold_gain":0.0,"event_name":"Drug Dealer","player_choice":"Obtain J.A.X.","floor":20.0,"gold_loss":0.0,"damage_taken":0.0,"cards_obtained":["J.A.X."]},{"damage_healed":0.0,"max_hp_gain":0.0,"max_hp_loss":0.0,"gold_gain":99.0,"event_name":"Nest","player_choice":"Stole From Cult","floor":24.0,"gold_loss":0.0,"damage_taken":0.0},{"cards_removed":["Regret"],"damage_healed":0.0,"max_hp_gain":0.0,"max_hp_loss":0.0,"gold_gain":0.0,"event_name":"Beggar","player_choice":"Gave Gold","floor":30.0,"gold_loss":75.0,"damage_taken":0.0}],"is_beta":false,"boss_relics":[{"not_picked":["Runic Pyramid","Fusion Hammer"],"picked":"Black Star"}],"items_purged_floors":[8],"is_endless":false,"potions_floor_spawned":[12,14,16,22,25,28],"killed_by":"Collector","ascension_level":0}}