{"host":"Rich","time":1609448458,"event":{"mods":["AchievementEnabler","BaseMod","Highlight Path","Minty Spire (QoL Compilation)","Relic Stats"],"gold_per_floor":[412,412,425,108,132,168,168,168,168,195,195,195],"floor_reached":11,"playtime":329,"items_purged":["Strike_P"],"score":146,"play_id":"cd4099c4-8b2d-456e-a4d8-c6f7a4345104","local_time":"20201231160058","is_ascension_mode":true,"campfire_choices":[{"data":"Adaptation","floor":7,"key":"SMITH"}],"circlet_count":0,"master_deck":["AscendersBane","Strike_P","Strike_P","Strike_P","Defend_P","Defend_P","Defend_P","Defend_P","Eruption","Vigilance","CurseOfTheBell","ForeignInfluence+1","Judgement","Adaptation+1","BowlingBash","Halt","CutThroughFate"],"relics":["Calling Bell","Bag of Marbles","Question Card","Old Coin","CeramicFish","Sundial","Shuriken"],"acts_visited":["Exordium"],"potions_floor_usage":[11],"damage_taken":[{"damage":4,"enemies":"Jaw Worm","floor":1,"turns":3},{"damage":20,"enemies":"Small Slimes","floor":3,"turns":3},{"damage":0,"enemies":"2 Louse","floor":5,"turns":2},{"damage":12,"enemies":"3 Sentries","floor":6,"turns":6},{"damage":0,"enemies":"Looter","floor":10,"turns":2},{"damage":80,"enemies":"Gremlin Nob","floor":11,"turns":4}],"seed_played":"-1426246198698674568","potions_obtained":[{"floor":3,"key":"DuplicationPotion"},{"floor":6,"key":"Regen Potion"}],"is_trial":false,"path_per_floor":["M","?","M","$","M","E","R","?","T","M","E"],"character_chosen":"WATCHER","items_purchased":["CeramicFish","Adaptation"],"campfire_rested":0,"item_purchase_floors":[4,4],"current_hp_per_floor":[57,57,37,37,37,25,25,25,25,25,0,0],"gold":195,"neow_bonus":"BOSS_RELIC","is_daily":false,"chose_seed":false,"campfire_upgraded":1,"win_rate":0.0,"timestamp":1609448458,"path_taken":["M","?","M","$","M","E","R","?","T","M","E"],"items_purchased_type":["Relic","Card"],"build_version":"2020-12-18","purchased_purges":1,"victory":false,"max_hp_per_floor":[68,68,68,68,68,68,68,68,68,68,68,68],"relic_stats":{"counters":[6,20],"Sundial":[0],"Shuriken":[1],"CeramicFish":36,"Question Card":5,"obtain_stats":[{"Calling Bell":0,"Sundial":6,"Shuriken":9,"CeramicFish":4,"Bag of Marbles":0,"PureWater":0,"Question Card":0,"Old Coin":0},{"Calling Bell":0,"Sundial":4,"Shuriken":4,"CeramicFish":2,"Bag of Marbles":0,"PureWater":0,"Question Card":0,"Old Coin":0},{"Calling Bell":0,"Sundial":14,"Shuriken":14,"CeramicFish":6,"Bag of Marbles":0,"PureWater":0,"Question Card":0,"Old Coin":0}]},"card_choices":[{"not_picked":["ThirdEye","Protect","FlurryOfBlows"],"picked":"ForeignInfluence","floor":1},{"not_picked":["BowlingBash","ReachHeaven","EmptyBody"],"picked":"Judgement","floor":3},{"not_picked":["Halt","Prostrate","JustLucky"],"picked":"BowlingBash","floor":5},{"not_picked":["Vengeance","WreathOfFlame","JustLucky"],"picked":"Halt","floor":6},{"not_picked":["Judgement","BattleHymn","Evaluate"],"picked":"CutThroughFate","floor":10}],"player_experience":1947730,"relics_obtained":[{"floor":0.0,"key":"Bag of Marbles"},{"floor":0.0,"key":"Question Card"},{"floor":0.0,"key":"Old Coin"},{"floor":6,"key":"Sundial"},{"floor":9,"key":"Shuriken"}],"event_choices":[{"damage_healed":0,"gold_gain":0,"player_choice":"Grow","damage_taken":0,"max_hp_gain":0,"max_hp_loss":0,"event_name":"Living Wall","floor":2,"gold_loss":0,"cards_upgraded":["ForeignInfluence"]},{"damage_healed":0,"gold_gain":0,"player_choice":"Ignored","damage_taken":0,"max_hp_gain":0,"max_hp_loss":0,"event_name":"Liars Game","floor":8,"gold_loss":0}],"is_beta":true,"boss_relics":[],"items_purged_floors":[4],"is_endless":false,"potions_floor_spawned":[3,6,10],"killed_by":"Gremlin Nob","ascension_level":20}}