{"host":"873t0y8ybyo38pfq","time":1609429467,"event":{"mods":["BaseMod","Bestiary","Colored Map","Colored Powertips","Highlight Path","Minty Spire (QoL Compilation)","Quick Restart","RNG Fix","Rare Cards Sparkle","Relic Stats","StSLib"],"gold_per_floor":[115,129,13,28,28,28,38,38,38,38,52,52,52,64,64,139,139,151,163,173,173,173],"floor_reached":21,"playtime":499,"items_purged":[],"score":346,"play_id":"e5afa6a3-0875-4452-8239-977df3733eaa","local_time":"20201231104427","is_ascension_mode":true,"campfire_choices":[{"data":"Lockon","floor":6,"key":"SMITH"},{"data":"Zap","floor":8,"key":"SMITH"},{"data":"Ball Lightning","floor":10,"key":"SMITH"},{"data":"Genetic Algorithm","floor":15,"key":"SMITH"}],"circlet_count":0,"master_deck":["AscendersBane","Strike_B","Strike_B","Strike_B","Strike_B","Defend_B","Defend_B","Defend_B","Defend_B","Zap+1","Dualcast","Tempest+1","Lockon+1","Leap","Leap","Ball Lightning+1","Genetic Algorithm+1","Seek","Aggregate+1","Conserve Battery"],"relics":["Cracked Core","HornCleat","Inserter"],"acts_visited":["Exordium","TheCity"],"potions_floor_usage":[18,20,21],"damage_taken":[{"damage":5,"enemies":"2 Louse","floor":1,"turns":3},{"damage":1,"enemies":"Cultist","floor":2,"turns":3},{"damage":12,"enemies":"Jaw Worm","floor":4,"turns":2},{"damage":9,"enemies":"Red Slaver","floor":7,"turns":3},{"damage":0,"enemies":"Looter","floor":11,"turns":2},{"damage":0,"enemies":"2 Fungi Beasts","floor":14,"turns":2},{"damage":25,"enemies":"The Guardian","floor":16,"turns":9},{"damage":13,"enemies":"3 Byrds","floor":18,"turns":5},{"damage":19,"enemies":"Shell Parasite","floor":19,"turns":4},{"damage":17,"enemies":"Snake Plant","floor":20,"turns":5},{"damage":15,"enemies":"Snecko","floor":21,"turns":4}],"seed_played":"-1639651577900388454","potions_obtained":[{"floor":2,"key":"DistilledChaos"},{"floor":4,"key":"Weak Potion"},{"floor":18,"key":"PotionOfCapacity"},{"floor":20,"key":"LiquidBronze"}],"is_trial":false,"path_per_floor":["M","M","$","M","?","R","M","R","T","R","M","$","T","M","R","B",null,"M","M","M","M"],"character_chosen":"DEFECT","items_purchased":["Lockon","Leap"],"campfire_rested":0,"item_purchase_floors":[3,3],"current_hp_per_floor":[66,65,65,53,53,53,44,44,44,44,44,44,44,44,44,19,63,50,31,14,0,0],"gold":173,"neow_bonus":"TEN_PERCENT_HP_BONUS","is_daily":false,"chose_seed":false,"campfire_upgraded":4,"win_rate":0.0,"timestamp":1609429467,"path_taken":["M","M","$","M","?","R","?","R","T","R","M","$","?","M","R","BOSS","M","M","M","M"],"items_purchased_type":["Card","Card"],"build_version":"2020-12-22","purchased_purges":0,"victory":false,"max_hp_per_floor":[78,78,78,78,78,78,78,78,78,78,78,78,78,78,78,78,78,78,78,78,78,78],"relic_stats":{"Inserter":[9],"counters":[11,42],"obtain_stats":[{"HornCleat":9,"Inserter":17,"Cracked Core":0},{"HornCleat":4,"Inserter":7,"Cracked Core":0},{"HornCleat":11,"Inserter":24,"Cracked Core":0}]},"card_choices":[{"not_picked":["Go for the Eyes","Redo"],"picked":"Tempest","floor":1},{"not_picked":["Streamline","Gash","Stack"],"picked":"SKIP","floor":2},{"not_picked":["Aggregate","Stack"],"picked":"Leap","floor":4},{"not_picked":["Turbo","Chaos"],"picked":"Ball Lightning","floor":7},{"not_picked":["Sweeping Beam","Undo","Turbo"],"picked":"SKIP","floor":11},{"not_picked":["Recycle","Storm"],"picked":"Genetic Algorithm","floor":14},{"not_picked":["Creative AI","Meteor Strike"],"picked":"Seek","floor":16},{"not_picked":["Gash","Reinforced Body"],"picked":"Aggregate+1","floor":18},{"not_picked":["White Noise","Stack","Go for the Eyes+1"],"picked":"SKIP","floor":19},{"not_picked":["Turbo","Rip and Tear"],"picked":"Conserve Battery","floor":20}],"player_experience":1444359,"relics_obtained":[{"floor":9,"key":"HornCleat"}],"event_choices":[{"damage_healed":0,"gold_gain":0,"player_choice":"Forge","damage_taken":0,"max_hp_gain":0,"max_hp_loss":0,"event_name":"Accursed Blacksmith","floor":5,"gold_loss":0,"cards_upgraded":["Tempest"]}],"is_beta":false,"boss_relics":[{"not_picked":["SlaversCollar","Busted Crown"],"picked":"Inserter"}],"items_purged_floors":[],"is_endless":false,"potions_floor_spawned":[2,4,7,16,18,20],"killed_by":"Snecko","ascension_level":20}}