{"host":"hdafziggwnbzqpcb","time":1609455802,"event":{"mods":["BaseMod","Bestiary","Better Altar","Better Match","Better Note","Better Third Choice","Better Vampires","Colored Map","Colored Powertips","Curses Come First","Duelist Mod","GifTheSpireLib","Hero for Fun","Minty Spire (QoL Compilation)","Quick Restart","Rare Cards Sparkle","Relic Stats","Spicy Shops","StSLib","The Bug Knight","The Cursed","The Marked","The Runesmith","The Senshi","The Wild Card","TheHero"],"gold_per_floor":[115,115,133,57,72,72,88,88,88,102,134,134,59,90,90,189,189,209,209,219,236,76,76,76,1,1,18,0,0,0,0],"floor_reached":30,"playtime":1820,"items_purged":["Runesmith:Strike_RS","Runesmith:Defend_RS"],"score":238,"play_id":"db09f0fd-4fa5-45d4-a6bc-8921208388f8","local_time":"20201231150322","is_ascension_mode":false,"campfire_choices":[{"data":"Runesmith:HammerThrow","floor":6,"key":"SMITH"},{"data":"Runesmith:Repurpose","floor":12,"key":"SMITH"},{"floor":15,"key":"REST"},{"data":"Runesmith:Supernova","floor":23,"key":"SMITH"}],"circlet_count":0,"master_deck":["Runesmith:Strike_RS","Runesmith:Strike_RS","Runesmith:Defend_RS","Runesmith:Defend_RS","Runesmith:Defend_RS","Runesmith:CraftFirestone","Runesmith:Fortify","Runesmith:HeatedChisel","theWildCard:Metatron","Runesmith:HammerThrow+1","Runesmith:ChiselStab","Runesmith:CraftProtectio","Runesmith:CraftMagma","Runesmith:Repurpose+1","Runesmith:Firewall","Runesmith:Supernova+1","Runesmith:LithiumIon","Runesmith:EnergizedChisel","Runesmith:RuneHurl"],"relics":["Runesmith:BrokenRuby","NeowsBlessing","Kunai","Darkstone Periapt","Pantograph","SlaversCollar"],"acts_visited":["Exordium","TheCity"],"potions_floor_usage":[11,16,20],"damage_taken":[{"damage":0,"enemies":"Small Slimes","floor":1,"turns":1},{"damage":0,"enemies":"2 Louse","floor":3,"turns":2},{"damage":0,"enemies":"Jaw Worm","floor":5,"turns":3},{"damage":7,"enemies":"Blue Slaver","floor":7,"turns":4},{"damage":2,"enemies":"Exordium Wildlife","floor":10,"turns":3},{"damage":18,"enemies":"3 Sentries","floor":11,"turns":5},{"damage":8,"enemies":"HollowMod:MossKnight","floor":14,"turns":5},{"damage":19,"enemies":"The Guardian","floor":16,"turns":12},{"damage":5,"enemies":"Spheric Guardian","floor":18,"turns":4},{"damage":17,"enemies":"3 Byrds","floor":20,"turns":4},{"damage":13,"enemies":"Cultist and Chosen","floor":21,"turns":8},{"damage":15,"enemies":"3 Cultists","floor":27,"turns":4},{"damage":21,"enemies":"Snake Plant","floor":30,"turns":3}],"seed_played":"4779367506792125134","potions_obtained":[{"floor":1,"key":"Dexterity Potion"},{"floor":7,"key":"BlessingOfTheForge"},{"floor":10,"key":"Explosive Potion"},{"floor":14,"key":"LiquidMemories"}],"is_trial":false,"path_per_floor":["M","?","M","$","M","R","M","?","T","M","E","R","$","E","R","B",null,"M","?","M","M","$","R","$","?","T","M","?","?","M"],"character_chosen":"RUNESMITH_CLASS","items_purchased":["Runesmith:ChiselStab","Runesmith:EnergizedChisel"],"campfire_rested":1,"item_purchase_floors":[4,22],"current_hp_per_floor":[70,70,70,70,70,70,63,63,63,61,43,43,43,35,56,51,70,65,65,48,35,35,35,35,35,35,20,20,20,0,0],"gold":0,"neow_bonus":"THREE_ENEMY_KILL","is_daily":false,"chose_seed":false,"campfire_upgraded":3,"win_rate":0.0,"timestamp":1609455802,"path_taken":["M","?","M","$","M","R","M","?","T","?","E","R","$","E","R","BOSS","M","?","M","M","$","R","$","?","T","M","?","?","M"],"items_purchased_type":["Card","Card"],"build_version":"2020-12-22","purchased_purges":2,"victory":false,"max_hp_per_floor":[70,70,70,70,70,70,70,70,70,70,70,70,70,70,70,70,70,70,70,70,70,70,70,70,70,70,70,70,70,70,70],"relic_stats":{"Darkstone Periapt":0,"counters":[13,58],"Pantograph":14,"Kunai":[8],"obtain_stats":[{"Darkstone Periapt":11,"SlaversCollar":17,"Runesmith:BrokenRuby":0,"NeowsBlessing":0,"Pantograph":14,"Kunai":9},{"Darkstone Periapt":6,"SlaversCollar":8,"Runesmith:BrokenRuby":0,"NeowsBlessing":0,"Pantograph":7,"Kunai":4},{"Darkstone Periapt":18,"SlaversCollar":35,"Runesmith:BrokenRuby":0,"NeowsBlessing":0,"Pantograph":23,"Kunai":10}]},"card_choices":[{"not_picked":["Runesmith:RunicBlueprint","Runesmith:GoWithTheFlow"],"picked":"Runesmith:HeatedChisel","floor":1},{"not_picked":["Runesmith:Empowerment","Runesmith:EarthShield"],"picked":"Runesmith:HammerThrow","floor":3},{"not_picked":["Runesmith:Retool","Runesmith:Reinforce","Runesmith:BackupBattery"],"picked":"SKIP","floor":5},{"not_picked":["Runesmith:ChiselStab","Runesmith:ShiftingStrike"],"picked":"Runesmith:CraftProtectio","floor":7},{"not_picked":["Runesmith:Malloc","Runesmith:HeatExchange"],"picked":"Runesmith:CraftMagma","floor":10},{"not_picked":["Runesmith:StaticCage","Runesmith:ArcReactor"],"picked":"Runesmith:Repurpose","floor":11},{"not_picked":["Runesmith:EarthShield","Runesmith:Grindstone"],"picked":"Runesmith:Firewall","floor":14},{"not_picked":["Runesmith:LastStand","Runesmith:GenerateForcefield"],"picked":"Runesmith:Supernova","floor":16},{"not_picked":["Runesmith:Accelerate","Runesmith:UnstableHammer"],"picked":"Runesmith:LithiumIon","floor":18},{"not_picked":["Runesmith:HammerTime+1","Runesmith:UnstableHammer","Runesmith:CraftReservo+1"],"picked":"SKIP","floor":20},{"not_picked":["Runesmith:Electrocute","Runesmith:UnstableHammer","Runesmith:EarthShield"],"picked":"SKIP","floor":21},{"not_picked":["Runesmith:HammerThrow","Runesmith:CraftReservo"],"picked":"Runesmith:RuneHurl","floor":27}],"player_experience":699257,"relics_obtained":[{"floor":9,"key":"Kunai"},{"floor":11,"key":"Darkstone Periapt"},{"floor":14,"key":"Pantograph"}],"event_choices":[{"damage_healed":0,"gold_gain":0,"player_choice":"Ignored","damage_taken":88,"max_hp_gain":0,"max_hp_loss":0,"event_name":"betterThird:BetterSerpent","floor":8,"gold_loss":0},{"cards_removed":["theWildCard:Metatron"],"damage_healed":0,"gold_gain":0,"player_choice":"Give","damage_taken":0,"max_hp_gain":0,"max_hp_loss":0,"event_name":"betterNote:BetterNote","floor":19,"gold_loss":0,"cards_obtained":["Doubt"]},{"cards_removed":["Runesmith:Strike_RS"],"damage_healed":0,"gold_gain":0,"player_choice":"Gave Gold","damage_taken":0,"max_hp_gain":0,"max_hp_loss":0,"event_name":"Beggar","floor":25,"gold_loss":75},{"damage_healed":0,"gold_gain":0,"player_choice":"Paid Fearfully","damage_taken":0,"max_hp_gain":0,"max_hp_loss":0,"event_name":"Masked Bandits","floor":28,"gold_loss":18}],"is_beta":false,"boss_relics":[{"not_picked":["Philosopher\u0027s Stone","Tiny House"],"picked":"SlaversCollar"}],"items_purged_floors":[13,22],"is_endless":false,"potions_floor_spawned":[1,7,10,14],"killed_by":"Snake Plant","ascension_level":0}}