{"host":"fv7sm2hdyueep16p","time":1609402664,"event":{"mods":["Act Like it!","BaseMod","Better Vampires","Gensokyo","Hermit","Marisa£®ÏF”Í°°ƒß¿Ì…≥£©","Minty Spire (QoL Compilation)","Remilia£®¿Ÿ√◊¿Ú—«£©","StSLib","The Hierophant","Youmu£®ªÍ∆«—˝√Œ£©"],"gold_per_floor":[368,368,381,66,79,79,92,92,169,169,169,169,187,187,187,283,283,296,395,423,698,717,772,792,792,792],"floor_reached":25,"playtime":753,"items_purged":[],"score":236,"play_id":"8cfd5f4f-5dbf-4dfa-b406-034519700860","local_time":"20201231161744","is_ascension_mode":false,"campfire_choices":[{"floor":6.0,"key":"REST"},{"floor":8.0,"key":"REST"},{"floor":11.0,"key":"REST"},{"data":"PropBag","floor":15.0,"key":"SMITH"}],"circlet_count":0,"master_deck":["Strike_MRS","Strike_MRS","Strike_MRS","Strike_MRS","Defend_MRS","Defend_MRS","Defend_MRS","Defend_MRS","MasterSpark","UpSweep","SporeBomb+1","PropBag+1","GrandCross+1","FairyDestructionRay+1","DoubleSpark+1","FairyDestructionRay+1","CollectingQuirk+1","PowerUp","GalacticHalo","Regret","IllusionStar+1","DarkSpark+1","MagicAbsorber+1"],"relics":["BewitchedHakkero","Molten Egg 2","Question Card","InkBottle","Red Mask","Art of War","Mercury Hourglass"],"acts_visited":["Exordium","TheCity"],"potions_floor_usage":[23,23],"damage_taken":[{"damage":7.0,"enemies":"Small Slimes","floor":1.0,"turns":3.0},{"damage":6.0,"enemies":"Cultist","floor":3.0,"turns":3.0},{"damage":7.0,"enemies":"Jaw Worm","floor":5.0,"turns":2.0},{"damage":11.0,"enemies":"Looter","floor":7.0,"turns":3.0},{"damage":0.0,"enemies":"Large Slime","floor":13.0,"turns":5.0},{"damage":53.0,"enemies":"Hexaghost","floor":16.0,"turns":5.0},{"damage":0.0,"enemies":"Spheric Guardian","floor":18.0,"turns":1.0},{"damage":10,"enemies":"Masked Bandits","floor":20,"turns":2},{"damage":5,"enemies":"2 Thieves","floor":22,"turns":2},{"damage":22,"enemies":"Slavers","floor":23,"turns":4},{"damage":31,"enemies":"Snecko","floor":24,"turns":4},{"damage":9,"enemies":"Gremlin Leader","floor":25,"turns":2}],"seed_played":"4088872526233726371","potions_obtained":[{"floor":5.0,"key":"PowerPotion"},{"floor":16.0,"key":"ColorlessPotion"},{"floor":18.0,"key":"SpeedPotion"},{"floor":20,"key":"ColorlessPotion"}],"is_trial":false,"path_per_floor":["M","?","M","$","M","R","M","R","T","$","R","T","M","$","R","B",null,"M","?","?","?","M","E","M","E"],"character_chosen":"MARISA","items_purchased":["Molten Egg 2","GrandCross+1"],"campfire_rested":3,"item_purchase_floors":[4,4],"current_hp_per_floor":[47,47,41,41,34,56,45,67,67,67,75,75,75,75,75,22,75,75,75,65,65,60,38,7,0,0],"gold":792,"neow_bonus":"TWO_FIFTY_GOLD","is_daily":false,"chose_seed":false,"campfire_upgraded":1,"win_rate":0.0,"timestamp":1609402664,"path_taken":["M","?","M","$","M","R","?","R","T","?","R","?","M","$","R","BOSS","M","?","?","?","?","E","M","E"],"items_purchased_type":["Relic","Card"],"build_version":"2020-12-22","purchased_purges":0,"victory":false,"max_hp_per_floor":[75,75,75,75,75,75,75,75,75,75,75,75,75,75,75,75,75,75,75,75,75,75,75,75,75,75],"card_choices":[{"not_picked":["OneTimeOff","WitchLeyline"],"picked":"SporeBomb","floor":1.0},{"not_picked":["UnstableBomb","StarBarrage"],"picked":"PropBag","floor":3.0},{"not_picked":["PowerUp","DoubleSpark+1"],"picked":"FairyDestructionRay+1","floor":5.0},{"not_picked":["LuminesStrike+1","ShootTheMoon+1"],"picked":"DoubleSpark+1","floor":7.0},{"not_picked":["DoubleSpark+1","StarBarrage+1","SatelliteIllusion"],"picked":"FairyDestructionRay+1","floor":13.0},{"not_picked":["MillisecondPulsars","UltimateShortwave","BinaryStars"],"picked":"CollectingQuirk+1","floor":16.0},{"not_picked":["Orbital","6A+1","WitchLeyline+1"],"picked":"PowerUp","floor":18.0},{"not_picked":["OortCloud","AsteroidBelt","ShootingEcho+1"],"picked":"GalacticHalo","floor":20},{"not_picked":["GalacticHalo+1","ShootingEcho+1","DoubleSpark+1"],"picked":"IllusionStar+1","floor":22},{"not_picked":["6A+1","BigCrunch","LuminesStrike+1"],"picked":"DarkSpark+1","floor":23},{"not_picked":["6A+1","AsteroidBelt","PulseMagic+1"],"picked":"MagicAbsorber+1","floor":24}],"player_experience":144270,"relics_obtained":[{"floor":9.0,"key":"Question Card"},{"floor":12.0,"key":"InkBottle"},{"floor":20,"key":"Red Mask"},{"floor":23,"key":"Art of War"}],"event_choices":[{"damage_healed":0.0,"max_hp_gain":0.0,"max_hp_loss":0.0,"gold_gain":0.0,"event_name":"Upgrade Shrine","player_choice":"Upgraded","floor":2.0,"gold_loss":0.0,"damage_taken":0.0,"cards_upgraded":["SporeBomb"]},{"damage_healed":0.0,"max_hp_gain":0.0,"max_hp_loss":0.0,"gold_gain":99.0,"event_name":"Nest","player_choice":"Stole From Cult","floor":19.0,"gold_loss":0.0,"damage_taken":0.0},{"damage_healed":0,"gold_gain":0,"player_choice":"Fought Bandits","damage_taken":0,"max_hp_gain":0,"max_hp_loss":0,"event_name":"Masked Bandits","floor":20,"gold_loss":0},{"damage_healed":0,"gold_gain":275,"player_choice":"Desecrate","damage_taken":0,"max_hp_gain":0,"max_hp_loss":0,"event_name":"Golden Shrine","floor":21,"gold_loss":0,"cards_obtained":["Regret"]}],"is_beta":false,"boss_relics":[{"not_picked":["Coffee Dripper","Ectoplasm"],"picked":"BewitchedHakkero"}],"items_purged_floors":[],"is_endless":false,"potions_floor_spawned":[5,16,18,20],"killed_by":"Gremlin Leader","ascension_level":0}}