{"host":"m77rrhbqzv44va4v","time":1609392288,"event":{"mods":["AchievementEnabler","BaseMod","Colored Map","DeckTracker","Keyboard Shortcuts","Minty Spire (QoL Compilation)","StSLib","SuperFastMode","everything is the same but u backflip on backflip"],"gold_per_floor":[114,129,143,153,168,196,212,212,238,238,255,267,297,313,313,313,313],"floor_reached":16,"playtime":379,"items_purged":[],"score":218,"play_id":"e5a8976d-5abc-4655-ac4f-0dbe7e48c99e","local_time":"20201231142448","is_ascension_mode":true,"campfire_choices":[{"floor":10.0,"key":"REST"},{"data":"Fire Breathing","floor":15,"key":"SMITH"}],"circlet_count":0,"master_deck":["AscendersBane","Strike_R","Strike_R","Strike_R","Strike_R","Defend_R","Defend_R","Defend_R","Defend_R","Bash","Whirlwind","Flex","Wild Strike","Sever Soul","Feed+1","Battle Trance","Shrug It Off","Evolve","Fire Breathing+1"],"relics":["Burning Blood","Sundial","Vajra","Unceasing Top"],"acts_visited":["Exordium"],"potions_floor_usage":[13,16],"damage_taken":[{"damage":9.0,"enemies":"2 Louse","floor":1.0,"turns":3.0},{"damage":6.0,"enemies":"Cultist","floor":2.0,"turns":4.0},{"damage":6.0,"enemies":"Jaw Worm","floor":3.0,"turns":4.0},{"damage":8.0,"enemies":"Lots of Slimes","floor":4.0,"turns":2.0},{"damage":1.0,"enemies":"2 Fungi Beasts","floor":5.0,"turns":4.0},{"damage":49.0,"enemies":"Lagavulin","floor":6.0,"turns":7.0},{"damage":0.0,"enemies":"3 Louse","floor":7.0,"turns":1.0},{"damage":13.0,"enemies":"Blue Slaver","floor":11.0,"turns":2.0},{"damage":7.0,"enemies":"Looter","floor":12.0,"turns":3.0},{"damage":18,"enemies":"3 Sentries","floor":13,"turns":7},{"damage":9,"enemies":"2 Fungi Beasts","floor":14,"turns":2},{"damage":39,"enemies":"Hexaghost","floor":16,"turns":9}],"seed_played":"-4490845614848645816","potions_obtained":[{"floor":1.0,"key":"Dexterity Potion"},{"floor":2.0,"key":"PowerPotion"},{"floor":4.0,"key":"BlessingOfTheForge"},{"floor":14,"key":"DuplicationPotion"}],"is_trial":false,"path_per_floor":["M","M","M","M","M","E","M","?","T","R","M","M","E","M","R","B"],"character_chosen":"IRONCLAD","items_purchased":[],"campfire_rested":1,"item_purchase_floors":[],"current_hp_per_floor":[65,65,65,63,68,25,31,31,31,53,50,53,45,46,46,7,7],"gold":313,"neow_bonus":"REMOVE_CARD","is_daily":false,"chose_seed":false,"campfire_upgraded":1,"win_rate":0.0,"timestamp":1609392288,"path_taken":["M","M","M","M","M","E","M","?","T","R","M","M","E","M","R","BOSS"],"items_purchased_type":[],"build_version":"2020-12-22","purchased_purges":0,"victory":false,"max_hp_per_floor":[75,75,75,75,75,75,75,75,75,75,79,83,87,91,91,91,91],"card_choices":[{"not_picked":["Burning Pact","Combust"],"picked":"Whirlwind","floor":1.0},{"not_picked":["Battle Trance","True Grit"],"picked":"Flex","floor":2.0},{"not_picked":["Heavy Blade","Dropkick"],"picked":"Wild Strike","floor":3.0},{"not_picked":["Entrench","Thunderclap","Anger"],"picked":"SKIP","floor":4.0},{"not_picked":["Anger","Twin Strike","Body Slam"],"picked":"SKIP","floor":5.0},{"not_picked":["Thunderclap","Combust"],"picked":"Sever Soul","floor":6.0},{"not_picked":["Hemokinesis","Uppercut"],"picked":"Feed","floor":7.0},{"not_picked":["Disarm","Clash"],"picked":"Battle Trance","floor":11.0},{"not_picked":["Pommel Strike","Sentinel"],"picked":"Shrug It Off","floor":12.0},{"not_picked":["Heavy Blade","Burning Pact"],"picked":"Evolve","floor":13},{"not_picked":["Sword Boomerang","Dropkick"],"picked":"Fire Breathing","floor":14}],"player_experience":847515,"relics_obtained":[{"floor":6.0,"key":"Sundial"},{"floor":9.0,"key":"Vajra"},{"floor":13,"key":"Unceasing Top"}],"event_choices":[{"damage_healed":0.0,"max_hp_gain":0.0,"max_hp_loss":0.0,"gold_gain":0.0,"event_name":"Upgrade Shrine","player_choice":"Upgraded","floor":8.0,"gold_loss":0.0,"damage_taken":0.0,"cards_upgraded":["Feed"]}],"is_beta":false,"boss_relics":[],"items_purged_floors":[],"is_endless":false,"potions_floor_spawned":[1,2,4,5,14],"killed_by":"Hexaghost","ascension_level":17}}