{"host":"watt8gvwfmxuscaf","time":1609451997,"event":{"mods":["BaseMod","CatGirl Mod","Colored Map","Colored Powertips","Conspire","Downfall","GifTheSpireLib","Hermit","Hubris","Infinite Spire","Marisa????????","Minty Spire (QoL Compilation)","Quick Restart","Rare Cards Sparkle","Relic Stats","Replay The Spire","Shop Mod","StSLib","Stuff the Spire","SuperFastMode","The Animator","The Cursed","The Hierophant","The Mystic","The Necromancer","The Poker Player","The Runesmith","The Servant 0.9.4","The Wild Card"],"gold_per_floor":[113,113,113,123,223,256,269,296,296,310,310,14,28,62,62,160,160,170,170,184,0,13,46,46,46,46],"floor_reached":25,"playtime":809,"items_purged":["Strike_B"],"score":359,"play_id":"62455de0-0a8b-4c70-be6f-08b9d2fb83ce","local_time":"20201231165957","is_ascension_mode":true,"campfire_choices":[{"floor":11,"key":"REST"},{"floor":15,"key":"REST"},{"floor":24,"key":"REST"}],"circlet_count":0,"master_deck":["Strike_B","Strike_B","Strike_B","Defend_B","Defend_B","Defend_B","Defend_B","Zap","Dualcast","ReplayGash+1","Chill","Mirror Shield","Rebound","Melter","Self Repair","BootSequence","Reboot","hubris:InfiniteBlow","Barrage"],"relics":["Cracked Core","NeowsBlessing","Singing Bowl","StuffTheSpire:Barrel","hubris:RGBLights","Quantum Egg","ReplayFunnel","Chameleon Ring","Philosopher\u0027s Stone","conspire:SlowCooker","StuffTheSpire:RubySignet","StuffTheSpire:ColdMirror"],"acts_visited":["Exordium","TheCity"],"potions_floor_usage":[8,14,22,23,25],"damage_taken":[{"damage":0,"enemies":"Jaw Worm","floor":1,"turns":1},{"damage":0,"enemies":"Small Slimes","floor":4,"turns":1},{"damage":0,"enemies":"Lagavulin","floor":6,"turns":1},{"damage":6,"enemies":"Cultist","floor":7,"turns":3},{"damage":36,"enemies":"Gremlin Nob","floor":8,"turns":4},{"damage":3,"enemies":"3 Louse","floor":10,"turns":3},{"damage":34,"enemies":"Large Slime","floor":13,"turns":5},{"damage":5,"enemies":"3 Sentries","floor":14,"turns":8},{"damage":54,"enemies":"Fading Forest","floor":16,"turns":11},{"damage":5,"enemies":"Spheric Guardian","floor":18,"turns":3},{"damage":31,"enemies":"Shell Parasite","floor":20,"turns":4},{"damage":30,"enemies":"Shelled Parasite and Fungi","floor":22,"turns":5},{"damage":10,"enemies":"conspire:SneckoGhost","floor":23,"turns":7},{"damage":76,"enemies":"Gremlin Leader","floor":25,"turns":9}],"seed_played":"8668354006293721838","potions_obtained":[{"floor":1,"key":"Swift Potion"},{"floor":7,"key":"Regen Potion"},{"floor":13,"key":"SpeedPotion"},{"floor":16,"key":"Explosive Potion"},{"floor":22,"key":"PowerPotion"},{"floor":23,"key":"Weak Potion"}],"is_trial":false,"path_per_floor":["M","?","?","M","?","E","M","E","T","M","R","$","M","E","R","B",null,"M","AVR","M","?","M","E","R","E"],"character_chosen":"DEFECT","items_purchased":["Melter","Self Repair","ReplayFunnel"],"campfire_rested":3,"item_purchase_floors":[12,12,12],"current_hp_per_floor":[68,50,50,52,52,52,46,22,22,21,44,44,27,37,61,22,66,70,70,48,48,35,46,72,0,0],"gold":46,"neow_bonus":"THREE_ENEMY_KILL","is_daily":false,"chose_seed":false,"campfire_upgraded":0,"win_rate":0.0,"timestamp":1609451997,"path_taken":["M","?","?","M","?","E","M","E","T","M","R","$","?","E","R","BOSS","M","AVR","M","?","M","E","R","E"],"items_purchased_type":["Card","Card","Relic"],"build_version":"2020-12-22","purchased_purges":1,"victory":false,"max_hp_per_floor":[75,75,75,77,77,77,77,77,77,79,79,79,81,81,81,81,81,83,83,85,85,85,87,87,87,87],"relic_stats":{"Singing Bowl":12,"counters":[14,65],"obtain_stats":[{"ReplayFunnel":12,"StuffTheSpire:Barrel":6,"Chameleon Ring":14,"NeowsBlessing":0,"Singing Bowl":2,"Quantum Egg":9,"StuffTheSpire:ColdMirror":23,"Philosopher\u0027s Stone":17,"conspire:SlowCooker":19,"StuffTheSpire:RubySignet":19,"Cracked Core":0,"hubris:RGBLights":8},{"ReplayFunnel":6,"StuffTheSpire:Barrel":3,"Chameleon Ring":8,"NeowsBlessing":0,"Singing Bowl":1,"Quantum Egg":5,"StuffTheSpire:ColdMirror":13,"Philosopher\u0027s Stone":9,"conspire:SlowCooker":10,"StuffTheSpire:RubySignet":10,"Cracked Core":0,"hubris:RGBLights":5},{"ReplayFunnel":13,"StuffTheSpire:Barrel":3,"Chameleon Ring":26,"NeowsBlessing":0,"Singing Bowl":1,"Quantum Egg":10,"StuffTheSpire:ColdMirror":56,"Philosopher\u0027s Stone":37,"conspire:SlowCooker":40,"StuffTheSpire:RubySignet":40,"Cracked Core":0,"hubris:RGBLights":10}]},"card_choices":[{"not_picked":["Beam Cell","Compile Driver"],"picked":"ReplayGash","floor":1},{"not_picked":["Coolheaded","Hologram","conspire:Rain"],"picked":"Singing Bowl","floor":4},{"not_picked":["BasicCrystalCard","Aggregate"],"picked":"Chill","floor":6},{"not_picked":["Barrage","ReplayTheSpireMod:Dual Polarity"],"picked":"Mirror Shield","floor":7},{"not_picked":["Beam Cell","Storm"],"picked":"Rebound","floor":8},{"not_picked":["Doom and Gloom","ReplayTheSpireMod:Dual Polarity","Darkness"],"picked":"Singing Bowl","floor":10},{"not_picked":["Turbo","Rebound","Defragment"],"picked":"Singing Bowl","floor":13},{"not_picked":["Rebound","StuffTheSpire:Purify"],"picked":"BootSequence","floor":14},{"not_picked":["ReplayTheSpireMod:Fabricate Wheel","Mirror Shield"],"picked":"Reboot","floor":16},{"not_picked":["Compile Driver","Ball Lightning","Go for the Eyes"],"picked":"Singing Bowl","floor":18},{"not_picked":["Force Field+1","Stack","Rebound"],"picked":"Singing Bowl","floor":20},{"not_picked":["Hologram","Sweeping Beam"],"picked":"Barrage","floor":22},{"not_picked":["Go for the Eyes+1","Stack+1","Biased Cognition"],"picked":"Singing Bowl","floor":23}],"player_experience":533540,"relics_obtained":[{"floor":6,"key":"StuffTheSpire:Barrel"},{"floor":8,"key":"hubris:RGBLights"},{"floor":9,"key":"Quantum Egg"},{"floor":14,"key":"Chameleon Ring"},{"floor":23,"key":"StuffTheSpire:ColdMirror"}],"event_choices":[{"damage_healed":0,"gold_gain":0,"player_choice":"Success","damage_taken":18,"relics_obtained":["Singing Bowl"],"max_hp_gain":0,"max_hp_loss":0,"event_name":"Scrap Ooze","floor":2,"gold_loss":0},{"damage_healed":0,"gold_gain":100,"player_choice":"Gold","damage_taken":0,"max_hp_gain":0,"max_hp_loss":0,"event_name":"Wheel of Change","floor":5,"gold_loss":0},{"damage_healed":0,"gold_gain":0,"player_choice":"Paid Fearfully","damage_taken":0,"max_hp_gain":0,"max_hp_loss":0,"event_name":"Masked Bandits","floor":21,"gold_loss":184}],"is_beta":false,"boss_relics":[{"not_picked":["Nuclear Battery","Painkiller Herb"],"picked":"Philosopher\u0027s Stone"}],"items_purged_floors":[19],"is_endless":false,"potions_floor_spawned":[1,7,13,16,22,23],"killed_by":"Gremlin Leader","ascension_level":7}}