{"host":"a4s27ghlnr83kbqz","time":1609389381,"event":{"mods":["AchievementEnabler","BaseMod","Colored Map","Minty Spire (QoL Compilation)","Permanent Neow","SuperFastMode"],"gold_per_floor":[112,132,102,121,134,134,148,176,176,176,189,189,218,231,231,331,331,346,271,281,281,300,300,365,305,305,323,288,153,153,153],"floor_reached":30,"playtime":810,"items_purged":["Strike_G","Strike_G"],"score":354,"play_id":"36fd62fe-abd8-4af4-82bc-1ee3267984c1","local_time":"20201231123621","is_ascension_mode":true,"campfire_choices":[{"data":"Deadly Poison","floor":6,"key":"SMITH"},{"data":"Adrenaline","floor":10,"key":"SMITH"},{"floor":12,"key":"REST"},{"floor":15,"key":"REST"},{"data":"Burst","floor":23,"key":"SMITH"}],"circlet_count":0,"master_deck":["Strike_G","Strike_G","Defend_G","Defend_G","Defend_G","Defend_G","Defend_G","Survivor","Neutralize","Poisoned Stab","Dagger Throw","Deadly Poison+1","Dodge and Roll","PiercingWail","Blur","Adrenaline+1","Bane","Burst+1","Tactician+1","Dash","A Thousand Cuts","Pain","Backflip","Blur"],"relics":["Ring of the Snake","Pen Nib","The Courier","Bronze Scales","Cursed Key","SsserpentHead","Bottled Tornado","Kunai"],"acts_visited":["Exordium","TheCity"],"potions_floor_usage":[5,7,16,22,27,30,30],"damage_taken":[{"damage":2,"enemies":"Jaw Worm","floor":1,"turns":4},{"damage":1,"enemies":"Cultist","floor":2,"turns":3},{"damage":2,"enemies":"2 Louse","floor":4,"turns":3},{"damage":3,"enemies":"Gremlin Gang","floor":5,"turns":5},{"damage":3,"enemies":"3 Louse","floor":7,"turns":3},{"damage":33,"enemies":"Lagavulin","floor":8,"turns":7},{"damage":12,"enemies":"Large Slime","floor":11,"turns":7},{"damage":16,"enemies":"3 Sentries","floor":13,"turns":11},{"damage":6,"enemies":"2 Fungi Beasts","floor":14,"turns":2},{"damage":14,"enemies":"The Guardian","floor":16,"turns":10},{"damage":0,"enemies":"3 Byrds","floor":18,"turns":4},{"damage":9,"enemies":"2 Thieves","floor":20,"turns":4},{"damage":18,"enemies":"Snake Plant","floor":22,"turns":4},{"damage":17,"enemies":"Shelled Parasite and Fungi","floor":24,"turns":5},{"damage":11,"enemies":"Snecko","floor":27,"turns":5},{"damage":8,"enemies":"Sentry and Sphere","floor":30,"turns":5}],"seed_played":"-484915956009219813","potions_obtained":[{"floor":2,"key":"SneckoOil"},{"floor":3,"key":"DistilledChaos"},{"floor":3,"key":"Block Potion"},{"floor":8,"key":"GamblersBrew"},{"floor":11,"key":"Dexterity Potion"},{"floor":16,"key":"GhostInAJar"},{"floor":20,"key":"LiquidMemories"},{"floor":24,"key":"DistilledChaos"}],"is_trial":false,"path_per_floor":["M","M","?","M","M","R","M","E","T","R","M","R","E","M","R","B",null,"M","?","M","?","M","R","M","$","T","M","?","$","M"],"character_chosen":"THE_SILENT","items_purchased":["Blur"],"campfire_rested":2,"item_purchase_floors":[29],"current_hp_per_floor":[61,60,60,58,55,55,52,19,19,19,7,28,12,6,27,13,56,56,56,47,47,29,29,12,12,12,1,1,1,0,0],"gold":153,"neow_bonus":"THREE_CARDS","is_daily":false,"chose_seed":false,"campfire_upgraded":3,"win_rate":0.0,"timestamp":1609389381,"path_taken":["M","M","?","M","M","R","M","E","T","R","M","R","E","M","R","BOSS","M","?","M","?","M","R","?","$","T","M","?","$","M"],"items_purchased_type":["Card"],"build_version":"2020-12-22","purchased_purges":2,"victory":false,"max_hp_per_floor":[70,70,70,70,70,70,70,70,70,70,70,70,70,70,70,70,70,70,70,70,70,70,70,70,70,70,70,70,70,70,70],"card_choices":[{"not_picked":["Underhanded Strike","Bane"],"picked":"Poisoned Stab","floor":0},{"not_picked":["Quick Slash","Backflip"],"picked":"Dagger Throw","floor":1},{"not_picked":["Poisoned Stab","Backflip"],"picked":"Deadly Poison","floor":2},{"not_picked":["Concentrate","Outmaneuver"],"picked":"Dodge and Roll","floor":4},{"not_picked":["Infinite Blades","Slice"],"picked":"PiercingWail","floor":5},{"not_picked":["Dodge and Roll","Underhanded Strike"],"picked":"Blur","floor":7},{"not_picked":["Setup","Endless Agony"],"picked":"Adrenaline","floor":8},{"not_picked":["Dodge and Roll","PiercingWail","Tactician"],"picked":"SKIP","floor":11},{"not_picked":["Backstab","Prepared"],"picked":"Bane","floor":13},{"not_picked":["Finisher","Blade Dance","Acrobatics"],"picked":"SKIP","floor":14},{"not_picked":["Malaise","Unload"],"picked":"Burst","floor":16},{"not_picked":["PiercingWail+1","Flechettes"],"picked":"Tactician+1","floor":18},{"not_picked":["Quick Slash+1","Dagger Throw","Deadly Poison"],"picked":"SKIP","floor":20},{"not_picked":["Slice","Sucker Punch"],"picked":"Dash","floor":22},{"not_picked":["Dagger Spray","Outmaneuver"],"picked":"A Thousand Cuts","floor":24},{"not_picked":["Acrobatics","Cloak And Dagger"],"picked":"Backflip","floor":27}],"player_experience":1063879,"relics_obtained":[{"floor":8,"key":"Pen Nib"},{"floor":9,"key":"The Courier"},{"floor":13,"key":"Bronze Scales"},{"floor":26,"key":"Bottled Tornado"}],"event_choices":[{"damage_healed":0,"gold_gain":0,"player_choice":"Bought 2 Potions","damage_taken":0,"max_hp_gain":0,"max_hp_loss":0,"event_name":"The Woman in Blue","floor":3,"gold_loss":0},{"cards_removed":["Strike_G"],"damage_healed":0,"gold_gain":0,"player_choice":"Gave Gold","damage_taken":0,"max_hp_gain":0,"max_hp_loss":0,"event_name":"Beggar","floor":19,"gold_loss":75},{"damage_healed":0,"gold_gain":0,"player_choice":"Trade","damage_taken":0,"relics_obtained":["SsserpentHead"],"max_hp_gain":0,"max_hp_loss":0,"event_name":"FaceTrader","floor":21,"gold_loss":0},{"damage_healed":0,"gold_gain":0,"player_choice":"Obtained Relic","damage_taken":0,"relics_obtained":["Kunai"],"max_hp_gain":0,"max_hp_loss":0,"event_name":"Addict","floor":28,"gold_loss":85}],"is_beta":false,"boss_relics":[{"not_picked":["Busted Crown","HoveringKite"],"picked":"Cursed Key"}],"items_purged_floors":[25,29],"is_endless":false,"potions_floor_spawned":[2,8,11,16,20,24],"killed_by":"Sentry and Sphere","ascension_level":9}}