{"host":"tpad8qsc9e0g0pa5","time":1609420586,"event":{"mods":["BaseMod","Minty Spire (QoL Compilation)","Quick Restart","StSLib","The Bug Knight","The Servant 0.9.4"],"gold_per_floor":[109,109,121,134,30,57,57,70,97,97,114,140,140,140,140,260,260,283,283,297,310,1,1,35,35,61,61,79,79,79,79,79],"floor_reached":31,"playtime":3210,"items_purged":[],"score":350,"play_id":"bfe50259-164d-4930-9942-794d078e90a3","local_time":"20201231211626","is_ascension_mode":true,"campfire_choices":[{"data":"HollowMod:SoulStrike","floor":7.0,"key":"SMITH"},{"data":"HollowMod:Weaversong","floor":10.0,"key":"SMITH"},{"data":"HollowMod:HerrahsAnger","floor":15.0,"key":"SMITH"},{"floor":23.0,"key":"REST"},{"floor":25.0,"key":"REST"}],"circlet_count":0,"master_deck":["HollowMod:NailStrikeStart","HollowMod:NailStrikeStart","HollowMod:NailStrikeStart","HollowMod:QuickDashStart","HollowMod:QuickDashStart","HollowMod:FocusHealStart","HollowMod:PogoStrike","HollowMod:SoulShaman","HollowMod:Weaversong+1","HollowMod:ChannelNail","HollowMod:MonomonsArchive","HollowMod:HowlingWraiths","HollowMod:SoulStrike+1","HollowMod:HerrahsAnger+1","HollowMod:DreamGate","HollowMod:PureVessel","HollowMod:MonomonsArchive","HollowMod:LifebloodCocoon+1","HollowMod:CornifersMapStart","HollowMod:SoulVessel","HollowMod:CrystalDash","HollowMod:CloakDash","HollowMod:HuntersJournal"],"relics":["HollowMod:KingsSoulRelic","Juzu Bracelet","Blood Vial","Bronze Scales","Bag of Preparation","Golden Idol","Pear","Oddly Smooth Stone","Mango","Pen Nib"],"acts_visited":["Exordium","TheCity"],"potions_floor_usage":[30],"damage_taken":[{"damage":0.0,"enemies":"2 Louse","floor":1.0,"turns":3.0},{"damage":5.0,"enemies":"Small Slimes","floor":3.0,"turns":4.0},{"damage":3.0,"enemies":"Jaw Worm","floor":4.0,"turns":4.0},{"damage":16.0,"enemies":"Gremlin Nob","floor":6.0,"turns":4.0},{"damage":0.0,"enemies":"Large Slime","floor":8.0,"turns":4.0},{"damage":6.0,"enemies":"3 Louse","floor":11.0,"turns":2.0},{"damage":5.0,"enemies":"Lagavulin","floor":12.0,"turns":5.0},{"damage":21.0,"enemies":"HollowMod:FalseKnight","floor":16.0,"turns":6.0},{"damage":12.0,"enemies":"3 Byrds","floor":18.0,"turns":2.0},{"damage":23.0,"enemies":"Shell Parasite","floor":20.0,"turns":4.0},{"damage":35.0,"enemies":"Centurion and Healer","floor":21.0,"turns":7.0},{"damage":29.0,"enemies":"Gremlin Leader","floor":24.0,"turns":7.0},{"damage":27.0,"enemies":"Snake Plant","floor":28.0,"turns":5.0},{"damage":0,"enemies":"Slavers","floor":30,"turns":1},{"damage":86,"enemies":"Cultist and Chosen","floor":31,"turns":10}],"seed_played":"-5859921501036894337","potions_obtained":[{"floor":1.0,"key":"PowerPotion"},{"floor":4.0,"key":"Strength Potion"},{"floor":11.0,"key":"Explosive Potion"},{"floor":20.0,"key":"Block Potion"},{"floor":28.0,"key":"SmokeBomb"}],"is_trial":false,"path_per_floor":["M","?","M","M","$","E","R","M","T","R","M","E","?","?","R","B",null,"M","?","M","M","$","R","E","R","T","?","M","?","E","M"],"character_chosen":"THE_BUGKNIGHT","items_purchased":["HollowMod:MonomonsArchive","HollowMod:HowlingWraiths","HollowMod:SoulVessel","HollowMod:CrystalDash","Oddly Smooth Stone","HollowMod:CloakDash"],"campfire_rested":2,"item_purchase_floors":[5,5,22,22,22,22],"current_hp_per_floor":[75,68,73,70,70,60,60,68,68,68,64,61,61,43,43,24,75,66,76,55,38,38,63,55,84,84,84,63,63,65,0,0],"gold":79,"neow_bonus":"RANDOM_COMMON_RELIC","is_daily":false,"chose_seed":false,"campfire_upgraded":3,"win_rate":0.0,"timestamp":1609420586,"path_taken":["M","?","M","M","$","E","R","M","T","R","M","E","?","?","R","BOSS","M","?","M","M","$","R","E","R","T","?","M","?","E","M"],"items_purchased_type":["Card","Card","Card","Card","Relic","Card"],"build_version":"2020-12-22","purchased_purges":0,"victory":false,"max_hp_per_floor":[75,75,75,75,75,75,75,75,75,75,75,75,75,75,75,75,75,75,85,85,85,85,85,99,99,99,99,99,99,99,99,99],"card_choices":[{"not_picked":["HollowMod:CloakDash","HollowMod:LifebloodCocoon"],"picked":"HollowMod:SoulShaman","floor":1.0},{"not_picked":["HollowMod:HowlingWraiths","HollowMod:SoulShaman"],"picked":"HollowMod:Weaversong","floor":3.0},{"not_picked":["HollowMod:HeavyBlow","HollowMod:GreatSlash"],"picked":"HollowMod:ChannelNail","floor":4.0},{"not_picked":["HollowMod:BlackTendrils","HollowMod:ChannelNail"],"picked":"HollowMod:SoulStrike","floor":6.0},{"not_picked":["HollowMod:HowlingWraiths","HollowMod:DashSlash","HollowMod:MonarchWings"],"picked":"SKIP","floor":8.0},{"not_picked":["HollowMod:SiblingsSouls","HollowMod:CloakDash"],"picked":"HollowMod:HerrahsAnger","floor":11.0},{"not_picked":["HollowMod:SiblingsShadow","HollowMod:VoidDash"],"picked":"HollowMod:DreamGate","floor":12.0},{"not_picked":["HollowMod:Weaversong","HollowMod:SlysStrikes"],"picked":"HollowMod:PureVessel","floor":16.0},{"not_picked":["HollowMod:GreatSlash","HollowMod:InfectedCysts"],"picked":"HollowMod:MonomonsArchive","floor":18.0},{"not_picked":["HollowMod:MonarchWings","HollowMod:BlackTendrils"],"picked":"HollowMod:LifebloodCocoon+1","floor":20.0},{"not_picked":["HollowMod:ShadowDash","HollowMod:SharpenedNail"],"picked":"HollowMod:CornifersMapStart","floor":21.0},{"not_picked":["HollowMod:WraithStrike","HollowMod:NewGlowingWomb","HollowMod:InfectedCysts"],"picked":"SKIP","floor":24.0},{"not_picked":["HollowMod:DescendingDark+1","HollowMod:ElderbugsWisdom"],"picked":"HollowMod:HuntersJournal","floor":28.0}],"player_experience":301428,"relics_obtained":[{"floor":6.0,"key":"Blood Vial"},{"floor":9.0,"key":"Bronze Scales"},{"floor":12.0,"key":"Bag of Preparation"},{"floor":24.0,"key":"Mango"},{"floor":26.0,"key":"Pen Nib"}],"event_choices":[{"cards_removed":["HollowMod:QuickDashStart"],"damage_healed":0.0,"max_hp_gain":0.0,"max_hp_loss":0.0,"gold_gain":0.0,"event_name":"Golden Wing","player_choice":"Card Removal","floor":2.0,"gold_loss":0.0,"damage_taken":7.0},{"damage_healed":0.0,"max_hp_gain":0.0,"max_hp_loss":0.0,"gold_gain":0.0,"event_name":"Liars Game","player_choice":"Ignored","floor":13.0,"gold_loss":0.0,"damage_taken":0.0},{"damage_healed":0.0,"max_hp_gain":0.0,"max_hp_loss":0.0,"gold_gain":0.0,"event_name":"Golden Idol","player_choice":"Take Damage","floor":14.0,"gold_loss":0.0,"damage_taken":18.0,"relics_obtained":["Golden Idol"]},{"damage_healed":0.0,"max_hp_gain":0.0,"max_hp_loss":0.0,"gold_gain":0.0,"event_name":"The Mausoleum","player_choice":"Opened","floor":19.0,"gold_loss":0.0,"damage_taken":0.0,"relics_obtained":["Pear"]},{"cards_removed":["HollowMod:NailStrikeStart"],"damage_healed":0.0,"max_hp_gain":0.0,"max_hp_loss":0.0,"gold_gain":0.0,"event_name":"Back to Basics","player_choice":"Elegance","floor":27.0,"gold_loss":0.0,"damage_taken":0.0}],"is_beta":false,"boss_relics":[{"not_picked":["Runic Pyramid","Sozu"],"picked":"HollowMod:KingsSoulRelic"}],"items_purged_floors":[],"is_endless":false,"potions_floor_spawned":[1,4,11,20,28],"killed_by":"Cultist and Chosen","ascension_level":3}}