{"host":"Dean","time":1609451075,"event":{"mods":["2.2 Compatiblity","AchievementEnabler","BaseMod","Block Reminder","Colored Map","Colored Powertips","Minty Spire (QoL Compilation)","Permanent Neow","Quick Restart","Relic Stats","Replay The Spire","StSLib"],"gold_per_floor":[117,192,192,192,0,0,26,26,49,86,129,141,153,32,32,127,127,137,137,4,24,114,114,139,170,193,218,218,53,80,110,110,209,209,221,256,256,256,256,291,291,319,319,319,319,345,87,87,87,111,111,111,14,61,87],"floor_reached":56,"playtime":4021,"items_purged":["Regret","Strike_R","Strike_R","Strike_R","Strike_R+1"],"score":2011,"play_id":"80a1ade7-7a80-4d36-85a6-24238de47f73","local_time":"20201231164435","daily_mods":["Diverse","Heirloom","Flight"],"is_ascension_mode":true,"campfire_choices":[{"data":"Carnage","floor":6.0,"key":"SMITH"},{"data":"Bash","floor":6.0,"key":"SMITH"},{"data":"Reinforced Body","floor":8.0,"key":"SMITH"},{"data":"Defend_R","floor":8.0,"key":"SMITH"},{"data":"Wallop","floor":13.0,"key":"SMITH"},{"data":"Conserve Battery","floor":13.0,"key":"SMITH"},{"floor":15.0,"key":"RECALL"},{"data":"Flash of Steel","floor":23.0,"key":"SMITH"},{"data":"PiercingWail","floor":23.0,"key":"SMITH"},{"data":"Calculated Gamble","floor":28,"key":"SMITH"},{"data":"Pot Of Greed","floor":28,"key":"SMITH"},{"data":"Footwork","floor":32,"key":"SMITH"},{"data":"Pot Of Greed","floor":32,"key":"SMITH"},{"data":"Pot Of Greed","floor":41,"key":"SMITH"},{"data":"Pot Of Greed","floor":41,"key":"SMITH"},{"data":"Self Repair","floor":45,"key":"SMITH"},{"data":"Defend_R","floor":45,"key":"SMITH"},{"data":"Defend_R","floor":49,"key":"SMITH"},{"data":"Defend_R","floor":49,"key":"SMITH"},{"floor":52,"key":"REST"}],"circlet_count":0,"master_deck":["Strike_R+1","Defend_R+1","Defend_R+1","Defend_R+1","Bash+1","Reinforced Body+1","Carnage+1","Conserve Battery+1","PiercingWail+1","Wallop+1","Replay:Bag of Tricks+1","FTL+1","FTL+1","Coolheaded+1","Fluid Movement+1","ReplayTheSpireMod:GoodbyeWorld+1","Creative AI+1","Rampage+1","Poison Darts+1","Flash of Steel+1","All For One+1","White Noise+1","Blind+1","Hello World+1","Pot Of Greed+1","Pot Of Greed+1","Pot Of Greed+1","Flying Knee+1","Calculated Gamble+1","FIFO Queue+1","Mayhem+1","Footwork+1","Alpha+1","CutThroughFate+1","All For One+1","Glacier+1","Pot Of Greed+1","Ball Lightning+1","Self Repair+1","Well Laid Plans+1","Ball Lightning+1","BasicCrystalCard+1","Disarm"],"relics":["Burning Blood","Ring of Chaos","replay:Trail_Library","FossilizedHelix","Replay:Arrowhead","Golden Egg","StoneCalendar","Replay:Mystery Machine","Smiling Mask","Membership Card","Membership Card","Replay:WaspNest","Whetstone","MawBank","Pear","Quantum Egg","Orrery","Black Star","Mummified Hand","Bag of Preparation","Juzu Bracelet","Replay:Bottled Snecko","ReplayTheSpireMod:Lightbulb","Grinning Jar","Potion Belt","PreservedInsect","Ancient Tea Set","Incense Burner","Prayer Wheel","Nunchaku","Bottled Flame","Sozu","Letter Opener","Boot","Eternal Feather","ReplayFunnel","Orichalcum","Replay:Bandana","ReplayTheSpireMod:Ninjato","Replay:Towering Pillar of Hats","BargainBundle","ReplayTheSpireMod:Spearhead","Mercury Hourglass"],"acts_visited":["Exordium","TheCity","TheBeyond","TheEnding"],"potions_floor_usage":[27,55,55],"damage_taken":[{"damage":10.0,"enemies":"Small Slimes","floor":1.0,"turns":5.0},{"damage":15.0,"enemies":"3 Sentries","floor":7.0,"turns":7.0},{"damage":0.0,"enemies":"Replay:BlueRogue","floor":10.0,"turns":5.0},{"damage":2.0,"enemies":"3 Sentries","floor":11.0,"turns":7.0},{"damage":0.0,"enemies":"Fading Forest","floor":16.0,"turns":11.0},{"damage":5.0,"enemies":"Chosen","floor":18.0,"turns":4.0},{"damage":0.0,"enemies":"Spheric Guardian","floor":21.0,"turns":1.0},{"damage":12,"enemies":"Gremlin Leader","floor":24,"turns":4},{"damage":20,"enemies":"Slavers","floor":25,"turns":5},{"damage":19,"enemies":"Gremlin Leader","floor":27,"turns":4},{"damage":0,"enemies":"Book of Stabbing","floor":30,"turns":4},{"damage":0,"enemies":"Slavers","floor":31,"turns":5},{"damage":13,"enemies":"Pondfish","floor":33,"turns":6},{"damage":0,"enemies":"3 Shapes","floor":35,"turns":5},{"damage":0,"enemies":"R_Hoarder","floor":40,"turns":3},{"damage":0,"enemies":"Reptomancer","floor":42,"turns":4},{"damage":0,"enemies":"R_Hoarder","floor":46,"turns":6},{"damage":0,"enemies":"Donu and Deca","floor":50,"turns":5},{"damage":0,"enemies":"Shield and Spear","floor":54,"turns":3},{"damage":54,"enemies":"The Heart","floor":55,"turns":5}],"seed_played":"7783380350098111990","potions_obtained":[{"floor":10.0,"key":"SteroidPotion"},{"floor":21.0,"key":"Strength Potion"},{"floor":24,"key":"ColorlessPotion"},{"floor":27,"key":"SkillPotion"},{"floor":30,"key":"Fire Potion"},{"floor":33,"key":"FearPotion"}],"is_trial":true,"path_per_floor":["M","?","T","?","$","R","E","R","T","E","E","?","R","$","R","B",null,"M","?","$","M","?","R","E","E","T","E","R","$","E","E","R","B",null,"M","?","?","?","T","E","R","E","T","?","R","E","$","?","R","B",null,"R","$","E","B",null],"character_chosen":"IRONCLAD","items_purchased":["Membership Card","Replay:WaspNest","FTL","Coolheaded","Orrery","All For One","White Noise","Mummified Hand","Bag of Preparation","Blind","Hello World","FIFO Queue","Mayhem","Replay:Towering Pillar of Hats","Well Laid Plans","Ball Lightning","BargainBundle","BasicCrystalCard"],"campfire_rested":1,"item_purchase_floors":[5,5,14,14,14,20,20,20,20,20,20,29,29,47,47,47,53,53],"current_hp_per_floor":[76,65,65,65,65,65,56,56,56,72,76,76,76,76,76,90,90,90,90,90,90,90,90,84,70,70,57,57,57,63,69,69,62,90,90,54,54,90,90,90,90,90,90,90,90,90,90,90,90,90,90,90,90,90,52],"gold":87,"neow_bonus":"","is_daily":false,"chose_seed":false,"campfire_upgraded":18,"win_rate":0.0,"timestamp":1609451075,"path_taken":["M","?","?","?","$","R","E","R","T","E","E","?","R","?","R","BOSS","M","?","$","?","?","R","E","E","T","E","R","$","E","E","R","BOSS","M","?","?","?","?","E","R","E","T","?","R","E","$","?","R","BOSS","R","$","E","BOSS"],"items_purchased_type":["Relic","Relic","Card","Card","Relic","Card","Card","Relic","Relic","Card","Card","Card","Card","Relic","Card","Card","Relic","Card"],"build_version":"2020-12-18","purchased_purges":5,"victory":true,"max_hp_per_floor":[80,80,80,80,80,80,80,80,80,90,90,90,90,90,90,90,90,90,90,90,90,90,90,90,90,90,90,90,90,90,90,90,90,90,90,90,90,90,90,90,90,90,90,90,90,90,90,90,90,90,90,90,90,90,90],"relic_stats":{"counters":[20,99],"StoneCalendar":[141],"Eternal Feather":0,"PreservedInsect":356,"Bag of Preparation":[28],"Juzu Bracelet":1,"Whetstone":["Strike_R","Strike_R"],"Letter Opener":[190],"Orichalcum":[24],"Smiling Mask":64,"MawBank":60,"Boot":[5],"Burning Blood":75,"Mercury Hourglass":[12],"Sozu":6,"Nunchaku":[15],"Mummified Hand":[156],"Prayer Wheel":1,"Black Star":9,"obtain_stats":[{"ReplayFunnel":42,"Golden Egg":0,"StoneCalendar":3,"Bag of Preparation":20,"Juzu Bracelet":24,"Incense Burner":30,"Whetstone":7,"Replay:Mystery Machine":4,"Smiling Mask":4,"Ancient Tea Set":27,"Boot":40,"Burning Blood":0,"Sozu":34,"Nunchaku":31,"Replay:Bandana":46,"Mummified Hand":20,"Prayer Wheel":30,"Replay:Bottled Snecko":24,"replay:Trail_Library":0,"Potion Belt":26,"BargainBundle":53,"Pear":10,"ReplayTheSpireMod:Ninjato":46,"Replay:Towering Pillar of Hats":47,"Quantum Egg":11,"Circlet":4,"Eternal Feather":42,"Ring of Chaos":0,"Replay:WaspNest":5,"PreservedInsect":27,"Letter Opener":40,"Orichalcum":43,"MawBank":9,"Replay:Arrowhead":0,"Mercury Hourglass":54,"Bottled Flame":31,"ReplayTheSpireMod:Spearhead":54,"Orrery":14,"Black Star":17,"Membership Card":4,"Grinning Jar":25,"ReplayTheSpireMod:Lightbulb":25,"FossilizedHelix":0},{"ReplayFunnel":16,"Golden Egg":0,"StoneCalendar":1,"Bag of Preparation":6,"Juzu Bracelet":8,"Incense Burner":11,"Whetstone":2,"Replay:Mystery Machine":1,"Smiling Mask":1,"Ancient Tea Set":10,"Boot":15,"Burning Blood":0,"Sozu":13,"Nunchaku":12,"Replay:Bandana":17,"Mummified Hand":6,"Prayer Wheel":11,"Replay:Bottled Snecko":8,"replay:Trail_Library":0,"Potion Belt":9,"BargainBundle":18,"Pear":3,"ReplayTheSpireMod:Ninjato":17,"Replay:Towering Pillar of Hats":17,"Quantum Egg":4,"Circlet":1,"Eternal Feather":16,"Ring of Chaos":0,"Replay:WaspNest":1,"PreservedInsect":10,"Letter Opener":15,"Orichalcum":16,"MawBank":2,"Replay:Arrowhead":0,"Mercury Hourglass":19,"Bottled Flame":12,"ReplayTheSpireMod:Spearhead":19,"Orrery":4,"Black Star":5,"Membership Card":1,"Grinning Jar":9,"ReplayTheSpireMod:Lightbulb":9,"FossilizedHelix":0},{"ReplayFunnel":80,"Golden Egg":0,"StoneCalendar":5,"Bag of Preparation":39,"Juzu Bracelet":44,"Incense Burner":57,"Whetstone":12,"Replay:Mystery Machine":5,"Smiling Mask":5,"Ancient Tea Set":53,"Boot":76,"Burning Blood":0,"Sozu":68,"Nunchaku":62,"Replay:Bandana":86,"Mummified Hand":39,"Prayer Wheel":57,"Replay:Bottled Snecko":44,"replay:Trail_Library":0,"Potion Belt":49,"BargainBundle":91,"Pear":17,"ReplayTheSpireMod:Ninjato":86,"Replay:Towering Pillar of Hats":86,"Quantum Egg":24,"Circlet":5,"Eternal Feather":80,"Ring of Chaos":0,"Replay:WaspNest":5,"PreservedInsect":53,"Letter Opener":76,"Orichalcum":80,"MawBank":12,"Replay:Arrowhead":0,"Mercury Hourglass":94,"Bottled Flame":62,"ReplayTheSpireMod:Spearhead":94,"Orrery":24,"Black Star":35,"Membership Card":5,"Grinning Jar":49,"ReplayTheSpireMod:Lightbulb":49,"FossilizedHelix":0}]},"card_choices":[{"not_picked":["Stack","FollowUp"],"picked":"Reinforced Body","floor":1.0},{"not_picked":["Storm","Warcry","Searing Blow"],"picked":"SKIP","floor":7.0},{"not_picked":["Evaluate","Deflect"],"picked":"Conserve Battery","floor":10.0},{"not_picked":["Protect","ReplayTheSpireMod:Strike From Hell"],"picked":"PiercingWail","floor":11.0},{"not_picked":["Fasting2","CrushJoints"],"picked":"Fluid Movement","floor":14.0},{"not_picked":["Redo","SandsOfTime"],"picked":"ReplayTheSpireMod:GoodbyeWorld","floor":14.0},{"not_picked":["Backflip","FearNoEvil"],"picked":"Creative AI","floor":14.0},{"not_picked":["Loop","Headbutt"],"picked":"Rampage","floor":14.0},{"not_picked":["Judgement","Replay:LoomingThreat"],"picked":"Poison Darts","floor":16.0},{"not_picked":["Replay:ManipulateFuture","Consume"],"picked":"All Out Attack","floor":18.0},{"not_picked":["FollowUp","Sneak Up","Leap"],"picked":"SKIP","floor":21.0},{"not_picked":["Clash","Twin Strike","Ball Lightning"],"picked":"SKIP","floor":24},{"not_picked":["Clash","Twin Strike","Ball Lightning"],"picked":"SKIP","floor":24},{"not_picked":["Multi-Cast","Toxin Wave+1"],"picked":"Flying Knee+1","floor":25},{"not_picked":["MentalFortress","Reinforced Body","EmptyFist+1"],"picked":"SKIP","floor":27},{"not_picked":["ReplayTheSpireMod:The Works","Flying Knee"],"picked":"Footwork","floor":30},{"not_picked":["Abandon","Sanctity","Hidden Blade"],"picked":"SKIP","floor":31},{"not_picked":["A Thousand Cuts","Night Terror"],"picked":"Alpha","floor":33},{"not_picked":["Carnage","Pommel Strike+1"],"picked":"CutThroughFate+1","floor":35},{"not_picked":["Searing Blow","Steam Power+1","Fluid Movement+1"],"picked":"SKIP","floor":35},{"not_picked":["Turbo","Intimidate"],"picked":"Glacier+1","floor":40},{"not_picked":["Uppercut+1","MentalFortress"],"picked":"Ball Lightning+1","floor":42},{"not_picked":["Genetic Algorithm+1","Deadly Poison","ReplayTheSpireMod:LeadingStrike+1"],"picked":"SKIP","floor":46},{"not_picked":["Replay:ManipulateFuture+1","SignatureMove"],"picked":"Disarm","floor":54}],"player_experience":752018,"relics_obtained":[{"floor":3.0,"key":"StoneCalendar"},{"floor":7.0,"key":"Whetstone"},{"floor":9.0,"key":"MawBank"},{"floor":10.0,"key":"Pear"},{"floor":11.0,"key":"Quantum Egg"},{"floor":24,"key":"Juzu Bracelet"},{"floor":24,"key":"Replay:Bottled Snecko"},{"floor":25,"key":"ReplayTheSpireMod:Lightbulb"},{"floor":25,"key":"Grinning Jar"},{"floor":26,"key":"Potion Belt"},{"floor":27,"key":"PreservedInsect"},{"floor":27,"key":"Ancient Tea Set"},{"floor":30,"key":"Incense Burner"},{"floor":30,"key":"Prayer Wheel"},{"floor":31,"key":"Nunchaku"},{"floor":31,"key":"Bottled Flame"},{"floor":40,"key":"Letter Opener"},{"floor":40,"key":"Boot"},{"floor":42,"key":"Eternal Feather"},{"floor":42,"key":"ReplayFunnel"},{"floor":43,"key":"Orichalcum"},{"floor":46,"key":"Replay:Bandana"},{"floor":46,"key":"ReplayTheSpireMod:Ninjato"},{"floor":54,"key":"ReplayTheSpireMod:Spearhead"},{"floor":54,"key":"Mercury Hourglass"}],"event_choices":[{"damage_healed":0.0,"max_hp_gain":0.0,"max_hp_loss":0.0,"gold_gain":75.0,"event_name":"World of Goop","player_choice":"Gather Gold","floor":2.0,"gold_loss":0.0,"damage_taken":11.0},{"damage_healed":0.0,"max_hp_gain":0.0,"max_hp_loss":0.0,"gold_gain":0.0,"event_name":"Big Fish","player_choice":"Box","floor":4.0,"gold_loss":0.0,"damage_taken":0.0,"relics_obtained":["Replay:Mystery Machine"],"cards_obtained":["Regret"]},{"damage_healed":0.0,"max_hp_gain":0.0,"max_hp_loss":0.0,"gold_gain":0.0,"event_name":"Match and Keep!","player_choice":"1 cards matched","floor":19.0,"gold_loss":0.0,"damage_taken":0.0,"cards_obtained":["Flash of Steel"]},{"damage_healed":0,"gold_gain":0,"player_choice":"Copied","damage_taken":0,"max_hp_gain":0,"max_hp_loss":0,"event_name":"Duplicator","floor":37,"gold_loss":0,"cards_obtained":["All For One"]},{"damage_healed":36,"gold_gain":0,"player_choice":"Full Heal","damage_taken":0,"max_hp_gain":0,"max_hp_loss":0,"event_name":"Wheel of Change","floor":38,"gold_loss":0},{"damage_healed":0,"gold_gain":0,"player_choice":"Ignored","damage_taken":0,"max_hp_gain":0,"max_hp_loss":0,"event_name":"Tomb of Lord Red Mask","floor":44,"gold_loss":0},{"damage_healed":0,"gold_gain":0,"player_choice":"Ignored","damage_taken":0,"max_hp_gain":0,"max_hp_loss":0,"event_name":"NoteForYourself","floor":48,"gold_loss":0}],"is_beta":true,"boss_relics":[{"not_picked":["ChewingGum","ReplayTheSpireMod:DimensionalGlitch"],"picked":"Black Star"},{"not_picked":["Runic Dome","Snecko Heart"],"picked":"Sozu"}],"items_purged_floors":[5,20,29,47,53],"is_endless":false,"potions_floor_spawned":[10,21,24,27,30,33,35,42,46],"ascension_level":1}}