{"host":"zig6x0mxqzam82fb","time":1609444092,"event":{"mods":["BaseMod","Block Reminder","Colored Map","Colored Powertips","Marisa????????","Minty Spire (QoL Compilation)","Relic Stats","StSLib","The Cursed","The Marked","Waifu the Spire"],"gold_per_floor":[112,129,146,158,12,12,39,39,66,66,96,111,123,143,143,246,246,259,158,168,168,168,200,200,150,150,150,75,92,92,92,92],"floor_reached":31,"playtime":2431,"items_purged":["Strike_G","Strike_G"],"score":318,"play_id":"6c6fb13c-6479-4a3c-9208-5a2a866f1e80","local_time":"20201231144812","is_ascension_mode":true,"campfire_choices":[{"data":"Secret Technique","floor":6,"key":"SMITH"},{"data":"Infinite Blades","floor":8,"key":"SMITH"},{"floor":10,"key":"REST"},{"floor":15,"key":"REST"},{"floor":24,"key":"REST"},{"data":"Envenom","floor":27,"key":"SMITH"},{"floor":30,"key":"REST"}],"circlet_count":0,"master_deck":["Strike_G","Strike_G","Defend_G","Defend_G","Defend_G","Defend_G","Survivor","Neutralize","Secret Technique+1","Blur","PiercingWail","Flying Knee","Underhanded Strike","Poisoned Stab","Acrobatics","Infinite Blades+1","Outmaneuver","Cloak And Dagger","Sucker Punch","Tools of the Trade","Calculated Gamble","Poisoned Stab","Outmaneuver+1","Envenom+1","Acrobatics"],"relics":["Ring of the Snake","Centennial Puzzle","Orichalcum","Smiling Mask","HoveringKite","Juzu Bracelet","Bag of Preparation","Mercury Hourglass"],"acts_visited":["Exordium","TheCity"],"potions_floor_usage":[16,23,31,31],"damage_taken":[{"damage":0,"enemies":"Cultist","floor":1,"turns":4},{"damage":4,"enemies":"Jaw Worm","floor":2,"turns":4},{"damage":2,"enemies":"Small Slimes","floor":3,"turns":4},{"damage":0,"enemies":"Blue Slaver","floor":4,"turns":7},{"damage":27,"enemies":"Lagavulin","floor":7,"turns":9},{"damage":17,"enemies":"3 Sentries","floor":11,"turns":10},{"damage":10,"enemies":"Exordium Thugs","floor":12,"turns":5},{"damage":1,"enemies":"3 Louse","floor":13,"turns":3},{"damage":0,"enemies":"Large Slime","floor":14,"turns":5},{"damage":51,"enemies":"The Guardian","floor":16,"turns":15},{"damage":14,"enemies":"Spheric Guardian","floor":18,"turns":6},{"damage":1,"enemies":"Chosen","floor":20,"turns":5},{"damage":32,"enemies":"Slavers","floor":23,"turns":9},{"damage":15,"enemies":"Snake Plant","floor":29,"turns":5},{"damage":60,"enemies":"Gremlin Leader","floor":31,"turns":5}],"seed_played":"1301876054400934783","potions_obtained":[{"floor":1,"key":"GhostInAJar"},{"floor":3,"key":"FairyPotion"},{"floor":13,"key":"Regen Potion"},{"floor":18,"key":"BlessingOfTheForge"},{"floor":29,"key":"LiquidMemories"}],"is_trial":false,"path_per_floor":["M","M","M","M","$","R","E","R","T","R","E","M","M","M","R","B",null,"M","$","M","T","?","E","R","?","T","R","?","M","R","E"],"character_chosen":"THE_SILENT","items_purchased":["Poisoned Stab","Acrobatics","Poisoned Stab"],"campfire_rested":4,"item_purchase_floors":[5,5,19],"current_hp_per_floor":[63,59,57,57,57,57,30,30,30,48,31,21,20,20,38,2,63,49,49,48,48,48,16,34,34,34,34,34,19,37,0,0],"gold":92,"neow_bonus":"RANDOM_COLORLESS_2","is_daily":false,"chose_seed":false,"campfire_upgraded":3,"win_rate":0.0,"timestamp":1609444092,"path_taken":["M","M","M","M","$","R","E","R","T","R","E","M","M","M","R","BOSS","M","$","M","?","?","E","R","?","T","R","?","M","R","E"],"items_purchased_type":["Card","Card","Card"],"build_version":"2020-12-22","purchased_purges":2,"victory":false,"max_hp_per_floor":[63,63,63,63,63,63,63,63,63,63,63,63,63,63,63,63,63,63,63,63,63,63,63,63,63,63,63,63,63,63,63,63],"relic_stats":{"Centennial Puzzle":[27],"counters":[15,96],"HoveringKite":[27],"Juzu Bracelet":2,"Bag of Preparation":[4],"Orichalcum":[114],"Smiling Mask":50,"obtain_stats":[{"Centennial Puzzle":7,"HoveringKite":17,"Juzu Bracelet":21,"Bag of Preparation":23,"Orichalcum":9,"Smiling Mask":11,"Ring of the Snake":0,"Mercury Hourglass":26},{"Centennial Puzzle":5,"HoveringKite":10,"Juzu Bracelet":12,"Bag of Preparation":13,"Orichalcum":5,"Smiling Mask":6,"Ring of the Snake":0,"Mercury Hourglass":13},{"Centennial Puzzle":28,"HoveringKite":66,"Juzu Bracelet":77,"Bag of Preparation":86,"Orichalcum":28,"Smiling Mask":38,"Ring of the Snake":0,"Mercury Hourglass":86}],"Ring of the Snake":[30],"Mercury Hourglass":[48]},"card_choices":[{"not_picked":["Chrysalis","Transmutation"],"picked":"Secret Technique","floor":0},{"not_picked":["Caltrops","Underhanded Strike"],"picked":"Blur","floor":1},{"not_picked":["Deadly Poison","Deflect"],"picked":"PiercingWail","floor":2},{"not_picked":["Underhanded Strike","Acrobatics"],"picked":"Flying Knee","floor":3},{"not_picked":["Acrobatics","Footwork"],"picked":"Underhanded Strike","floor":4},{"not_picked":["Riddle With Holes","Accuracy"],"picked":"Infinite Blades","floor":7},{"not_picked":["A Thousand Cuts","Caltrops"],"picked":"Outmaneuver","floor":11},{"not_picked":["Heel Hook","Underhanded Strike"],"picked":"Cloak And Dagger","floor":12},{"not_picked":["PiercingWail","Flechettes"],"picked":"Sucker Punch","floor":13},{"not_picked":["Backstab","Flechettes","Deflect"],"picked":"SKIP","floor":14},{"not_picked":["A Thousand Cuts","Doppelganger"],"picked":"Tools of the Trade","floor":16},{"not_picked":["Poisoned Stab+1","Dagger Throw"],"picked":"Calculated Gamble","floor":18},{"not_picked":["Dagger Throw","Outmaneuver+1","Flying Knee+1"],"picked":"SKIP","floor":20},{"not_picked":["Dagger Throw","Flying Knee+1"],"picked":"Outmaneuver+1","floor":20},{"not_picked":["Predator","Infinite Blades"],"picked":"Envenom","floor":23},{"not_picked":["Slice+1","Prepared"],"picked":"Acrobatics","floor":29}],"player_experience":406606,"relics_obtained":[{"floor":7,"key":"Centennial Puzzle"},{"floor":9,"key":"Orichalcum"},{"floor":11,"key":"Smiling Mask"},{"floor":21,"key":"Juzu Bracelet"},{"floor":23,"key":"Bag of Preparation"},{"floor":26,"key":"Mercury Hourglass"}],"event_choices":[{"cards_removed":["Strike_G"],"damage_healed":0,"gold_gain":0,"player_choice":"Purged","damage_taken":0,"max_hp_gain":0,"max_hp_loss":0,"event_name":"Purifier","floor":22,"gold_loss":0},{"damage_healed":0,"gold_gain":0,"player_choice":"Bet on Owner","damage_taken":0,"max_hp_gain":0,"max_hp_loss":0,"event_name":"The Joust","floor":25,"gold_loss":50},{"cards_removed":["Defend_G"],"damage_healed":0,"gold_gain":0,"player_choice":"Gave Gold","damage_taken":0,"max_hp_gain":0,"max_hp_loss":0,"event_name":"Beggar","floor":28,"gold_loss":75}],"is_beta":false,"boss_relics":[{"not_picked":["Coffee Dripper","Astrolabe"],"picked":"HoveringKite"}],"items_purged_floors":[5,19],"is_endless":false,"potions_floor_spawned":[1,3,13,14,18,20,29],"killed_by":"Gremlin Leader","ascension_level":4}}