{"host":"nlowmoq7gy18n72d","time":1609456444,"event":{"mods":["BaseMod","Conspire","Downfall","Hermit","Infinite Spire","Jorbs\u0027s Wanderer Trilogy","Minty Spire (QoL Compilation)","Replay The Spire","StSLib","The Cursed"],"gold_per_floor":[99,117,132,144,144,144,217,217,227,227,259,274,298,329,344,440,440,365,378,378,37,47,47,47,67,100,100,119,119,135,135,151,254,254,254,266,266,16,16,34,60,74,108,162,187,37,72,57,72,72,72,72],"floor_reached":50,"playtime":2432,"items_purged":["champ:Strike","champ:Strike"],"score":829,"play_id":"6a4ca1a7-533f-49a8-8403-a27e3395c1e8","local_time":"20210101021404","is_ascension_mode":true,"campfire_choices":[{"data":"champ:MurderStrike","floor":1,"key":"SMITH"},{"data":"champ:Backstep","floor":10,"key":"SMITH"},{"data":"champ:HoldFirm","floor":18,"key":"SMITH"},{"data":"champ:HoldFirm","floor":23,"key":"SMITH"},{"data":"champ:SkillfulDodge","floor":27,"key":"SMITH"},{"floor":35,"key":"RECALL"},{"data":"champ:TornadoPunch","floor":46,"key":"SMITH"}],"circlet_count":0,"master_deck":["champ:Defend","champ:Defend","champ:Defend","champ:Defend","champ:Execute","champ:Taunt","Injury","champ:MurderStrike+1","Dark Shackles","infinitespire:TheBestDefense","Guardian:CurlUp","champ:ShieldSigil+1","champ:Backstep+1","champ:ViciousMockery+1","champ:HoldFirm+1","champ:RageSigil","champ:Control","champ:DeathBlow","champ:SkillfulDodge+1","champ:HoldFirm+1","champ:TornadoPunch+1","champ:DefensiveShout+1","champ:DefensiveStyle+1","champ:SkillfulDodge+1","champ:HoldFirm+1","champ:CalledShot","champ:BerserkerStyle","champ:TornadoPunch+1","Looming Evil","champ:RisingSlash","champ:EnchantCrown+1","CurseOfTheBell","champ:SwordSigil+1","expansioncontent:AwakenDeath","champ:Duel+1","champ:FalseCounter+1","champ:ShieldWall+1"],"relics":["ReplayTheSpireMod:SealedPack","Replay:Bottled Flurry","champ:LiftRelic","ReplayFunnel","Akabeko","Replay:Mystery Machine","Sozu","downfall:HeartBlessingGreen","FaceOfCleric","Toxic Egg 2","Eternal Feather","Boot","Ring of Panic","Ring of Hypnosis","Calling Bell","Strawberry","Girya","Replay:Bottled Eggs","Membership Card","conspire:TopHat","Bottled Flame","CaptainsWheel","Art of War","downfall:HeartBlessingRed","downfall:HeartBlessingBlue","infinitespire:PuzzleCube"],"acts_visited":["Exordium","TheCity","TheBeyond"],"potions_floor_usage":[14,16,50],"damage_taken":[{"damage":13,"enemies":"Cultist","floor":2,"turns":6},{"damage":2,"enemies":"2 Louse","floor":3,"turns":4},{"damage":16,"enemies":"Small Slimes","floor":4,"turns":4},{"damage":8,"enemies":"2 Fungi Beasts","floor":9,"turns":5},{"damage":20,"enemies":"Lagavulin","floor":11,"turns":10},{"damage":2,"enemies":"Exordium Wildlife","floor":12,"turns":5},{"damage":24,"enemies":"Gremlin Nob","floor":14,"turns":5},{"damage":12,"enemies":"Exordium Thugs","floor":15,"turns":4},{"damage":39,"enemies":"downfall:Watcher","floor":16,"turns":11},{"damage":13,"enemies":"Chosen","floor":19,"turns":5},{"damage":10,"enemies":"downfall:FleeingMerchant","floor":21,"turns":4},{"damage":0,"enemies":"3 Byrds","floor":22,"turns":3},{"damage":10,"enemies":"Snecko","floor":25,"turns":4},{"damage":9,"enemies":"Book of Stabbing","floor":26,"turns":7},{"damage":0,"enemies":"Shelled Parasite and Fungi","floor":28,"turns":5},{"damage":29,"enemies":"Sentry and Sphere","floor":30,"turns":8},{"damage":10,"enemies":"Cultist and Chosen","floor":32,"turns":5},{"damage":26,"enemies":"downfall:Defect","floor":33,"turns":16},{"damage":38,"enemies":"Orb Walker","floor":36,"turns":4},{"damage":9,"enemies":"downfall:FleeingMerchant","floor":38,"turns":4},{"damage":4,"enemies":"3 Shapes","floor":40,"turns":3},{"damage":10,"enemies":"Maw","floor":42,"turns":9},{"damage":33,"enemies":"R_Hoarder","floor":43,"turns":20},{"damage":5,"enemies":"2 Orb Walkers","floor":44,"turns":5},{"damage":30,"enemies":"Nemesis","floor":45,"turns":9},{"damage":41,"enemies":"R_Hoarder","floor":47,"turns":9},{"damage":8,"enemies":"downfall:FleeingMerchant","floor":48,"turns":4},{"damage":67,"enemies":"Transient","floor":49,"turns":5},{"damage":64,"enemies":"downfall:Ironclad","floor":50,"turns":9}],"seed_played":"5767932631647419614","potions_obtained":[{"floor":11,"key":"ColorlessPotion"},{"floor":12,"key":"Toxic Potion"},{"floor":14,"key":"Weak Potion"}],"is_trial":false,"path_per_floor":["R","M","M","M","?","?","T","?","M","R","E","M","T","E","M","B",null,"R","M","?","$","M","R","T","M","E","R","M","?","M","?","M","B",null,"R","M","?","$","T","M","T","M","E","?","E","R","E","$","M","B"],"character_chosen":"THE_CHAMP","items_purchased":["Toxic Egg 2","Membership Card","expansioncontent:AwakenDeath"],"campfire_rested":0,"item_purchase_floors":[21,38,38],"current_hp_per_floor":[90,82,80,78,78,78,78,78,75,75,60,58,58,42,40,21,90,90,90,90,91,92,92,92,93,90,94,95,95,94,94,95,93,105,105,80,80,81,81,78,78,79,74,75,64,95,96,97,49,0,0,0],"gold":72,"neow_bonus":"BOSS_RELIC","is_daily":false,"chose_seed":false,"campfire_upgraded":6,"win_rate":0.0,"timestamp":1609456444,"path_taken":["R","M","M","?","?","?","T","?","M","R","E","M","?","E","M","BOSS","R","M","?","?","M","R","T","?","E","R","M","?","M","?","M","BOSS","R","M","?","$","?","M","T","M","E","?","E","R","E","$","M","BOSS"],"items_purchased_type":["Relic","Relic","Card"],"build_version":"2020-12-22","purchased_purges":2,"victory":false,"max_hp_per_floor":[90,90,90,90,90,90,90,90,90,90,90,90,90,90,90,90,90,90,90,90,91,92,92,92,93,94,94,95,95,96,96,97,98,105,105,106,106,107,107,108,108,109,110,111,112,122,123,124,125,125,125,125],"card_choices":[{"not_picked":["champ:VampiricStrike","champ:DancingMaster"],"picked":"champ:MurderStrike","floor":0},{"not_picked":["expansioncontent:BronzeBeam","Madness"],"picked":"Dark Shackles","floor":0},{"not_picked":["ReplayTheSpireMod:Chaos Vortex","ReplayTheSpireMod:??????????????????????"],"picked":"infinitespire:TheBestDefense","floor":0},{"not_picked":["stsjorbsmod:Exhale","stsjorbsmod:Paralysis"],"picked":"Guardian:CurlUp","floor":0},{"not_picked":["champ:Aggression","champ:FanOfKnives"],"picked":"champ:ShieldSigil","floor":2},{"not_picked":["champ:BringItOn","champ:GutPunch"],"picked":"champ:Backstep","floor":3},{"not_picked":["champ:PerfectedStrike","champ:Haymaker"],"picked":"champ:ViciousMockery","floor":4},{"not_picked":["champ:HeartStrike","champ:FlashCut"],"picked":"champ:HoldFirm","floor":9},{"not_picked":["champ:FalseCounter","champ:BringItOn"],"picked":"champ:RageSigil","floor":11},{"not_picked":["champ:Circumvent","champ:CrookedStrike"],"picked":"champ:Control","floor":12},{"not_picked":["champ:BerserkersShout","champ:ShieldSigil"],"picked":"champ:DeathBlow","floor":14},{"not_picked":["champ:ViciousMockery","champ:Haymaker"],"picked":"champ:SkillfulDodge","floor":15},{"not_picked":["champ:EnchantSword","champ:SwordThrow"],"picked":"champ:HoldFirm","floor":16},{"not_picked":["champ:GutPunch","champ:DeathBlow"],"picked":"champ:TornadoPunch","floor":19},{"not_picked":["champ:FlashCut","champ:RageSigil+1"],"picked":"champ:DefensiveShout+1","floor":21},{"not_picked":["champ:FanOfKnives","champ:BringItOn+1"],"picked":"champ:DefensiveStyle","floor":22},{"not_picked":["champ:FanOfKnives","champ:BringItOn+1"],"picked":"champ:SkillfulDodge+1","floor":25},{"not_picked":["champ:ShieldSigil+1","champ:BerserkersShout+1"],"picked":"champ:HoldFirm+1","floor":26},{"not_picked":["champ:Haymaker+1","champ:BladeFlurry","champ:Circumvent+1"],"picked":"SKIP","floor":28},{"not_picked":["champ:EnragedBash","champ:FocusedGladiator+1"],"picked":"champ:TornadoPunch+1","floor":30},{"not_picked":["champ:BladeFlurry","champ:Encircle"],"picked":"champ:RisingSlash","floor":32},{"not_picked":["champ:VampiricStrike","champ:EnchantSword+1"],"picked":"champ:EnchantCrown+1","floor":33},{"not_picked":["champ:BladeFlurry+1","champ:Haymaker"],"picked":"champ:SwordSigil+1","floor":36},{"not_picked":["champ:GladiatorsShout+1","champ:Aggression+1","champ:CalledShot+1"],"picked":"SKIP","floor":38},{"not_picked":["champ:FlashCut+1","champ:Backstep+1"],"picked":"champ:Duel+1","floor":40},{"not_picked":["champ:AdrenalArmor+1","champ:FlashCut+1","champ:BladeFlurry"],"picked":"SKIP","floor":42},{"not_picked":["champ:DeathBlow+1","champ:BringItOn+1"],"picked":"champ:FalseCounter+1","floor":43},{"not_picked":["champ:CrookedStrike+1","champ:EnchantSword+1","champ:SwordSigil+1"],"picked":"SKIP","floor":45},{"not_picked":["champ:PerfectedStrike","champ:DeathBlow"],"picked":"champ:ShieldWall+1","floor":47},{"not_picked":["champ:CrookedStrike+1","champ:Encircle","champ:Circumvent+1"],"picked":"SKIP","floor":48},{"not_picked":["champ:ShieldSigil+1","champ:FanOfKnives+1","champ:BladeFlurry+1"],"picked":"SKIP","floor":49}],"player_experience":620883,"relics_obtained":[{"floor":7,"key":"Replay:Bottled Flurry"},{"floor":11,"key":"ReplayFunnel"},{"floor":13,"key":"Akabeko"},{"floor":14,"key":"Replay:Mystery Machine"},{"floor":24,"key":"Eternal Feather"},{"floor":26,"key":"Boot"},{"floor":31,"key":"Ring of Panic"},{"floor":31,"key":"Ring of Hypnosis"},{"floor":34,"key":"Strawberry"},{"floor":34,"key":"Girya"},{"floor":34,"key":"Replay:Bottled Eggs"},{"floor":41,"key":"conspire:TopHat"},{"floor":43,"key":"Bottled Flame"},{"floor":44,"key":"CaptainsWheel"},{"floor":45,"key":"Art of War"},{"floor":47,"key":"infinitespire:PuzzleCube"}],"event_choices":[{"damage_healed":0,"gold_gain":0,"player_choice":"Grow","damage_taken":0,"max_hp_gain":0,"max_hp_loss":0,"event_name":"Living Wall","floor":5,"gold_loss":0,"cards_upgraded":["champ:ViciousMockery"]},{"damage_healed":0,"gold_gain":0,"player_choice":"Disagree","damage_taken":0,"max_hp_gain":0,"max_hp_loss":0,"event_name":"conspire:LoneGhost","floor":6,"gold_loss":0},{"damage_healed":0,"gold_gain":0,"player_choice":"Trade","damage_taken":0,"relics_obtained":["FaceOfCleric"],"max_hp_gain":0,"max_hp_loss":0,"event_name":"FaceTrader","floor":20,"gold_loss":0},{"damage_healed":0,"gold_gain":0,"cards_transformed":["champ:Strike","champ:Strike"],"player_choice":"Became Test Subject","damage_taken":0,"max_hp_gain":0,"max_hp_loss":0,"event_name":"Drug Dealer","floor":29,"gold_loss":0,"cards_obtained":["champ:CalledShot","champ:BerserkerStyle"]},{"damage_healed":0,"gold_gain":0,"player_choice":"Upgraded","damage_taken":0,"max_hp_gain":0,"max_hp_loss":0,"event_name":"Upgrade Shrine","floor":37,"gold_loss":0,"cards_upgraded":["champ:DefensiveStyle"]},{"damage_healed":0,"gold_gain":0,"player_choice":"Fight","damage_taken":0,"max_hp_gain":0,"max_hp_loss":0,"event_name":"Mysterious Sphere","floor":44,"gold_loss":0}],"is_beta":false,"boss_relics":[{"not_picked":["conspire:SeveredTorchhead","SacredBark"],"picked":"Sozu"},{"not_picked":["Cursed Key","conspire:RunicOctahedron"],"picked":"Calling Bell"}],"items_purged_floors":[21,38],"is_endless":false,"potions_floor_spawned":[11,12,14,22,25,32,33,42,44,45,49],"killed_by":"downfall:Ironclad","ascension_level":3}}