{"host":"ql2ou8pbwhrolc4x","time":1609391746,"event":{"mods":["2.2 Compatiblity","Act Like it!","Arknights The Spire","BaseMod","Better Third Choice","Colored Map","Colored Powertips","Gensokyo","Hallownest","Hubris","Infinite Spire","Lobotomy","LobotomyExtend","Marisa£¨Ùöéë¡¡Øª×âÞÞ£©","Minty Spire (QoL Compilation)","Random Character Button","Replay The Spire","Spicy Shops","StSLib","The Jungle","WarShipGirlsR/??á´Ò³R mod","vexMod","¡¼?Úª?ø«¡½REMEMod"],"gold_per_floor":[111,130,149,149,164,164,164],"floor_reached":6,"playtime":297,"items_purged":[],"score":38,"play_id":"456523a3-5f36-43ab-80f1-dacfcc007b80","local_time":"20201231141546","is_ascension_mode":false,"campfire_choices":[],"circlet_count":0,"master_deck":["ats:Strike C","ats:Strike G","ats:Strike S","ats:Strike V","ats:Armor Crushing Shot","ats:Defend","ats:Defend","ats:Defend","ats:Defend","ats:Emotion Absorption","SoundOfStar","ats:Poison Spread","ats:Poison Spread","ats:Childhood Dance","ats:Calcification","Hallucinations","ats:Rapid Magazine","ats:Spore Proliferation"],"relics":["ats:Sanity","REME_ComplimentaryCards","ats:Berate","LetterFromLob"],"acts_visited":["Exordium"],"potions_floor_usage":[],"damage_taken":[{"damage":1,"enemies":"Cultist","floor":1,"turns":4},{"damage":6,"enemies":"Jaw Worm","floor":2,"turns":3},{"damage":2,"enemies":"2 Louse","floor":3,"turns":2},{"damage":20,"enemies":"Blue Slaver","floor":5,"turns":5},{"damage":47,"enemies":"Lagavulin","floor":6,"turns":8}],"seed_played":"-6841047667297408665","potions_obtained":[],"is_trial":false,"path_per_floor":["M","M","M","?","M","E"],"character_chosen":"DOCTOR_CLASS","items_purchased":[],"campfire_rested":0,"item_purchase_floors":[],"current_hp_per_floor":[71,65,63,63,44,0,0],"gold":164,"neow_bonus":"RANDOM_COMMON_RELIC","is_daily":false,"chose_seed":false,"campfire_upgraded":0,"win_rate":0.0,"timestamp":1609391746,"path_taken":["M","?","?","?","?","E"],"items_purchased_type":[],"build_version":"2020-12-22","purchased_purges":0,"victory":false,"max_hp_per_floor":[72,72,72,72,72,72,72],"card_choices":[{"not_picked":["ats:Childhood Dance","ats:Song Of Battle"],"picked":"ats:Poison Spread","floor":1},{"not_picked":["ats:Flexible Camouflage","ats:Directed Diagnosis"],"picked":"ats:Poison Spread","floor":2},{"not_picked":["ats:Revitalization","ats:Cat Scratch"],"picked":"ats:Childhood Dance","floor":3},{"not_picked":["ats:Ignite","ats:Rat Pack"],"picked":"ats:Spore Proliferation","floor":5}],"player_experience":914771,"relics_obtained":[{"floor":1,"key":"LetterFromLob"}],"event_choices":[{"damage_healed":0,"gold_gain":0,"player_choice":"3 cards matched","damage_taken":0,"max_hp_gain":0,"max_hp_loss":0,"event_name":"Match and Keep!","floor":4,"gold_loss":0,"cards_obtained":["ats:Calcification","Hallucinations","ats:Rapid Magazine"]}],"is_beta":false,"boss_relics":[],"items_purged_floors":[],"is_endless":false,"potions_floor_spawned":[],"killed_by":"Lagavulin","ascension_level":0}}