{"host":"mttmnrdvbvzz8cuy","time":1609400333,"event":{"mods":["BaseMod","Bestiary","Better Altar","Better Note","Better Sensory Stone","Better Skull","BetterRewards","Colored Map","Colored Powertips","Minty Spire (QoL Compilation)","StSLib"],"gold_per_floor":[117,117,18,30,30,30,57,57,135,152,172,8,22,38,38,137,137,153,153,153,153,153,187,187,207,207,27,44,44,62,8,8,105,105,117,0,16,16,35,35,35],"floor_reached":40,"playtime":1788,"items_purged":["Regret","Strike_B"],"score":521,"play_id":"50a30705-edc9-47b1-84fd-7c64641ea2c5","local_time":"20201231183853","is_ascension_mode":true,"campfire_choices":[{"data":"Dualcast","floor":6,"key":"SMITH"},{"data":"Cold Snap","floor":8,"key":"SMITH"},{"data":"Enlightenment","floor":15,"key":"SMITH"},{"data":"Beam Cell","floor":24,"key":"SMITH"},{"floor":32,"key":"REST"}],"circlet_count":0,"master_deck":["Strike_B","Strike_B","Defend_B","Defend_B","Defend_B","Defend_B","Zap","Dualcast+1","Rip and Tear","Gash","Cold Snap+1","Gash","Gash","Cold Snap","Undo","Enlightenment+1","Beam Cell+1","Echo Form","Rebound+1","Gash","Coolheaded","Melter","Meteor Strike","Gash","Hologram","Leap","Creative AI","Leap+1","Reinforced Body"],"relics":["Cracked Core","NeowsBlessing","Gambling Chip","DataDisk","Meat on the Bone","Runic Pyramid","Bloody Idol","Dream Catcher","Bottled Lightning","Question Card","Busted Crown","Red Mask"],"acts_visited":["Exordium","TheCity","TheBeyond"],"potions_floor_usage":[33],"damage_taken":[{"damage":0,"enemies":"Jaw Worm","floor":1,"turns":1},{"damage":0,"enemies":"2 Louse","floor":4,"turns":1},{"damage":0,"enemies":"Gremlin Nob","floor":7,"turns":1},{"damage":8,"enemies":"Small Slimes","floor":10,"turns":3},{"damage":2,"enemies":"3 Louse","floor":11,"turns":3},{"damage":4,"enemies":"Large Slime","floor":13,"turns":3},{"damage":2,"enemies":"Lots of Slimes","floor":14,"turns":4},{"damage":20,"enemies":"Hexaghost","floor":16,"turns":10},{"damage":7,"enemies":"Chosen","floor":18,"turns":4},{"damage":60,"enemies":"Slavers","floor":23,"turns":5},{"damage":9,"enemies":"Shell Parasite","floor":25,"turns":5},{"damage":33,"enemies":"Snake Plant","floor":28,"turns":5},{"damage":22,"enemies":"3 Cultists","floor":30,"turns":6},{"damage":19,"enemies":"Champ","floor":33,"turns":9},{"damage":11,"enemies":"Orb Walker","floor":35,"turns":2},{"damage":21,"enemies":"3 Shapes","floor":37,"turns":4},{"damage":27,"enemies":"Jaw Worm Horde","floor":39,"turns":5},{"damage":68,"enemies":"Reptomancer","floor":40,"turns":5}],"seed_played":"3384904024291771622","potions_obtained":[{"floor":1,"key":"SneckoOil"},{"floor":7,"key":"SmokeBomb"},{"floor":11,"key":"Dexterity Potion"},{"floor":13,"key":"CultistPotion"},{"floor":39,"key":"Explosive Potion"}],"is_trial":false,"path_per_floor":["M","?","$","M","?","R","E","R","T","M","M","$","M","M","R","B",null,"M","?","?","?","?","E","R","M","T","$","M","T","M","$","R","B",null,"M","?","M","$","M","E"],"character_chosen":"DEFECT","items_purchased":["Gash","Cold Snap","Enlightenment","Meteor Strike","Hologram"],"campfire_rested":1,"item_purchase_floors":[3,3,12,27,31],"current_hp_per_floor":[75,68,68,68,68,68,68,68,68,60,58,58,54,52,52,44,75,68,30,30,30,85,42,42,50,50,50,34,34,29,29,54,52,85,79,79,63,63,53,0,0],"gold":35,"neow_bonus":"THREE_ENEMY_KILL","is_daily":false,"chose_seed":false,"campfire_upgraded":4,"win_rate":0.0,"timestamp":1609400333,"path_taken":["M","?","$","M","?","R","E","R","T","M","M","$","M","M","R","BOSS","M","?","?","?","?","E","R","?","T","$","M","?","M","?","R","BOSS","M","?","M","$","M","E"],"items_purchased_type":["Card","Card","Card","Card","Card"],"build_version":"2020-12-22","purchased_purges":2,"victory":false,"max_hp_per_floor":[75,75,75,75,75,75,75,75,75,75,75,75,75,75,75,75,75,75,75,75,75,85,85,85,85,85,85,85,85,85,85,85,85,85,85,85,85,85,85,85,85],"card_choices":[{"not_picked":["Static Discharge","Barrage"],"picked":"Rip and Tear","floor":1},{"not_picked":["Beam Cell","Coolheaded"],"picked":"Gash","floor":4},{"not_picked":["Lockon","Rainbow"],"picked":"Gash","floor":7},{"not_picked":["Chaos","Redo"],"picked":"Cold Snap","floor":10},{"not_picked":["FTL","Sweeping Beam"],"picked":"Undo","floor":11},{"not_picked":["Turbo","Steam"],"picked":"Buffer","floor":13},{"not_picked":["Sweeping Beam","Compile Driver"],"picked":"Beam Cell","floor":14},{"not_picked":["Amplify","Hyperbeam"],"picked":"Echo Form","floor":16},{"not_picked":["Consume","Chaos"],"picked":"Rebound+1","floor":18},{"not_picked":["Doom and Gloom+1","Steam+1"],"picked":"Coolheaded","floor":23},{"not_picked":["Static Discharge+1","Conserve Battery"],"picked":"Melter","floor":25},{"not_picked":["Go for the Eyes+1","Steam","Compile Driver"],"picked":"SKIP","floor":28},{"not_picked":["Conserve Battery","Fusion+1","Stack"],"picked":"Gash","floor":30},{"not_picked":["Reboot","Redo","Scrape"],"picked":"Leap","floor":32},{"not_picked":["Buffer","Amplify","Electrodynamics"],"picked":"Creative AI","floor":33},{"not_picked":["Lockon"],"picked":"Leap+1","floor":35},{"not_picked":["Leap"],"picked":"Reinforced Body","floor":37},{"not_picked":["Leap","Sweeping Beam+1"],"picked":"SKIP","floor":39}],"player_experience":143397,"relics_obtained":[{"floor":7,"key":"DataDisk"},{"floor":9,"key":"Meat on the Bone"},{"floor":23,"key":"Dream Catcher"},{"floor":26,"key":"Bottled Lightning"},{"floor":29,"key":"Question Card"}],"event_choices":[{"cards_removed":["Strike_B"],"damage_healed":0,"gold_gain":0,"player_choice":"Card Removal","damage_taken":7,"max_hp_gain":0,"max_hp_loss":0,"event_name":"Golden Wing","floor":2,"gold_loss":0},{"damage_healed":0,"gold_gain":0,"player_choice":"Box","damage_taken":0,"relics_obtained":["Gambling Chip"],"max_hp_gain":0,"max_hp_loss":0,"event_name":"Big Fish","floor":5,"gold_loss":0,"cards_obtained":["Regret"]},{"damage_healed":0,"gold_gain":0,"player_choice":" Idol ","damage_taken":38,"relics_obtained":["Bloody Idol"],"max_hp_gain":68,"max_hp_loss":30,"event_name":"betterAltar:BetterAltar","floor":19,"potions_obtained":[],"relics_lost":[],"gold_loss":0},{"damage_healed":0,"gold_gain":0,"player_choice":"Ignored","damage_taken":0,"max_hp_gain":0,"max_hp_loss":0,"event_name":"Ghosts","floor":20,"gold_loss":0},{"damage_healed":0,"gold_gain":0,"player_choice":"Read","damage_taken":0,"max_hp_gain":0,"max_hp_loss":0,"event_name":"The Library","floor":21,"gold_loss":0,"cards_obtained":["Gash"]},{"cards_removed":["Buffer"],"damage_healed":45,"gold_gain":0,"player_choice":"Offered Rare","damage_taken":0,"max_hp_gain":10,"max_hp_loss":0,"event_name":"Bonfire Elementals","floor":22,"gold_loss":0},{"damage_healed":0,"gold_gain":0,"player_choice":"Paid","damage_taken":0,"relics_obtained":["Red Mask"],"max_hp_gain":0,"max_hp_loss":0,"event_name":"Tomb of Lord Red Mask","floor":36,"gold_loss":117}],"is_beta":false,"boss_relics":[{"not_picked":["Coffee Dripper","Runic Dome"],"picked":"Runic Pyramid"},{"not_picked":["SlaversCollar","Philosopher\u0027s Stone"],"picked":"Busted Crown"}],"items_purged_floors":[12,27],"is_endless":false,"potions_floor_spawned":[1,7,11,13,39],"killed_by":"Reptomancer","ascension_level":3}}