{"host":"ab3ipg3fqe03b2ex","time":1609390489,"event":{"mods":["AchievementEnabler","BaseMod","Colored Powertips","Lobotomy","Minty Spire (QoL Compilation)","MostiFishMod","Quick Restart","Remilia（蕾米莉亚）","Shop Mod","StSLib","Uncapped","【功能Mod】Neow奖励","【功能Mod】精心准备"],"gold_per_floor":[117,137,147,163,183,183,183,183,210,221,233,253,287,298,298,374,374,389,354,374,391,409,409,427,462,462,492,492,508,537,556,556,633,633,651,669,635,653,669,628,628,628,708,721,739,777,796,831,831,915,1000,1000,1000],"floor_reached":52,"playtime":2016,"items_purged":["MastersStateliness","VampireKiss","CharismaGuard"],"score":3197,"play_id":"6e12ce9c-3083-4a84-b83c-7d295e1c94f6","local_time":"20201231125449","daily_mods":["SealedDeck","Vintage","Blue Cards","Flight","Elite Swarm","Lethality"],"is_ascension_mode":true,"campfire_choices":[{"data":"Double Energy","floor":6.0,"key":"SMITH"},{"data":"EndlessAdversity","floor":7.0,"key":"SMITH"},{"data":"EndlessAdversity","floor":8.0,"key":"SMITH"},{"data":"CurseOfVladTepes","floor":15.0,"key":"SMITH"},{"data":"BatForm","floor":23.0,"key":"SMITH"},{"data":"CeilingFear","floor":28.0,"key":"SMITH"},{"data":"TransientEternity","floor":32.0,"key":"SMITH"},{"data":"FitfulNightmare","floor":41.0,"key":"SMITH"},{"data":"BloodHunter","floor":42.0,"key":"SMITH"},{"data":"BloodAndWine","floor":49.0,"key":"SMITH"}],"circlet_count":0,"master_deck":["AscendersBane","Skim+1","MastersStateliness","EndlessAdversity+1","BloodAndWine+1","BloodHunter+1","Double Energy+1","EndlessAdversity+1","CurseOfVladTepes+1","BatForm+1","MillenniumVampire+1","TransientEternity+1","CeilingFear+1","BloodySeventeenLaser+1","FitfulNightmare+1","HellCatastrophe+1","ScarletMeister","QueenOfMidnight"],"relics":["ScarletHat","DaveBox","Civilization","Bronze Scales","SynthV:TestCard","Regal Pillow","Boot","Smiling Mask","Mercury Hourglass","Art of War","Bottled Flame","AntiCross","Happy Flower","Ornamental Fan","PreservedInsect","DiscerningMonocle","Molten Egg 2","Bag of Preparation","Strange Spoon","MerchantsRug","Nunchaku","War Paint","White Beast Statue","InkBottle","ScarletDevilRocket","Gremlin Horn","Mango","Bottled Lightning","Shuriken","RedBat","OneHitWonderSystem","Mummified Hand","CeramicFish","Kunai","Whetstone","TheAbacus","Toxic Egg 2","Lantern","Strawberry","Tiny Chest","SynthV","Pantograph","TypeBBloodRedTea","Vajra","Torii","Matryoshka","Eternal Feather","Transparent"],"acts_visited":["Exordium","TheCity","TheBeyond","Exordium"],"potions_floor_usage":[51],"damage_taken":[{"damage":6.0,"enemies":"Jaw Worm","floor":1.0,"turns":2.0},{"damage":0.0,"enemies":"Cultist","floor":2.0,"turns":2.0},{"damage":0.0,"enemies":"2 Louse","floor":3.0,"turns":1.0},{"damage":0.0,"enemies":"Red Slaver","floor":4.0,"turns":3.0},{"damage":0.0,"enemies":"2 Fungi Beasts","floor":5.0,"turns":1.0},{"damage":1.0,"enemies":"Exordium Wildlife","floor":10.0,"turns":2.0},{"damage":0.0,"enemies":"Red Slaver","floor":11.0,"turns":1.0},{"damage":0.0,"enemies":"2 Fungi Beasts","floor":12.0,"turns":1.0},{"damage":0.0,"enemies":"3 Sentries","floor":13.0,"turns":1.0},{"damage":0.0,"enemies":"Gremlin Gang","floor":14.0,"turns":1.0},{"damage":11.0,"enemies":"Slime Boss","floor":16.0,"turns":2.0},{"damage":0.0,"enemies":"3 Byrds","floor":18.0,"turns":1.0},{"damage":0.0,"enemies":"Shell Parasite","floor":20.0,"turns":1.0},{"damage":2.0,"enemies":"Shelled Parasite and Fungi","floor":21.0,"turns":1.0},{"damage":0.0,"enemies":"Centurion and Healer","floor":22.0,"turns":1.0},{"damage":0.0,"enemies":"Cultist and Chosen","floor":24.0,"turns":1.0},{"damage":0.0,"enemies":"Book of Stabbing","floor":25.0,"turns":1.0},{"damage":0.0,"enemies":"Gremlin Leader","floor":27.0,"turns":1.0},{"damage":0.0,"enemies":"Sentry and Sphere","floor":29.0,"turns":1.0},{"damage":0.0,"enemies":"Slavers","floor":30.0,"turns":1.0},{"damage":0.0,"enemies":"Snake Plant","floor":31.0,"turns":1.0},{"damage":0.0,"enemies":"Champ","floor":33.0,"turns":2.0},{"damage":0.0,"enemies":"Orb Walker","floor":35.0,"turns":1.0},{"damage":0.0,"enemies":"3 Shapes","floor":36.0,"turns":1.0},{"damage":0.0,"enemies":"Jaw Worm Horde","floor":38.0,"turns":1.0},{"damage":0.0,"enemies":"Maw","floor":39.0,"turns":1.0},{"damage":0.0,"enemies":"Spire Growth","floor":44.0,"turns":1.0},{"damage":0.0,"enemies":"Jaw Worm Horde","floor":45.0,"turns":1.0},{"damage":0.0,"enemies":"Reptomancer","floor":46.0,"turns":1.0},{"damage":0.0,"enemies":"Sphere and 2 Shapes","floor":47.0,"turns":1.0},{"damage":0.0,"enemies":"Giant Head","floor":48.0,"turns":1.0},{"damage":0,"enemies":"Donu and Deca","floor":50,"turns":1},{"damage":0,"enemies":"Awakened One","floor":51,"turns":2}],"seed_played":"-4393563093735298756","potions_obtained":[{"floor":1.0,"key":"ColorlessPotion"},{"floor":3.0,"key":"Swift Potion"},{"floor":4.0,"key":"FearPotion"},{"floor":10.0,"key":"Block Potion"},{"floor":11.0,"key":"DistilledChaos"},{"floor":38.0,"key":"DestinyDice"},{"floor":51,"key":"LiquidMemories"}],"is_trial":true,"path_per_floor":["M","M","M","M","M","R","R","R","T","M","M","M","E","M","R","B",null,"M","$","M","M","M","R","M","E","T","E","R","M","E","M","R","B",null,"M","M","$","M","M","$","R","R","T","M","M","E","M","E","R","B","B",null],"character_chosen":"REMILIA","items_purchased":["Bag of Preparation","Pear","Strange Spoon","Fruit Juice","ColorlessPotion","Dexterity Potion","MerchantsRug","MillenniumVampire","Kunai","Whetstone","TheAbacus","Strawberry","Tiny Chest","SynthV","FitfulNightmare"],"campfire_rested":0,"item_purchase_floors":[19,19,19,19,19,19,19,19,37,37,37,40,40,40,40],"current_hp_per_floor":[61,64,68,74,82,82,82,82,82,92,102,114,129,148,148,162,172,196,211,236,261,290,290,321,353,353,402,402,439,479,520,520,562,1,44,47,1,50,51,8,1,1,1,52,55,58,61,62,1,64,69,1,1],"gold":1000,"neow_bonus":"","is_daily":false,"chose_seed":false,"campfire_upgraded":10,"win_rate":0.0,"timestamp":1609390489,"path_taken":["M","M","M","M","M","R","R","R","T","M","M","M","E","M","R","BOSS","M","$","M","M","M","R","M","E","T","E","R","M","E","M","R","BOSS","M","M","$","M","M","$","R","R","T","M","M","E","M","E","R","BOSS","BOSS"],"items_purchased_type":["Relic","Relic","Relic","Potion","Potion","Potion","Relic","Card","Relic","Relic","Relic","Relic","Relic","Relic","Card"],"build_version":"2020-12-22","purchased_purges":3,"victory":false,"max_hp_per_floor":[71,73,77,82,89,89,89,89,89,98,108,120,135,154,154,175,175,199,214,239,266,295,295,326,358,358,407,407,444,484,525,525,567,1,44,47,1,50,51,8,1,1,1,52,55,58,61,62,1,64,69,1,1],"card_choices":[{"not_picked":["KillingBlow","HeartBreak","Core Surge","MostiFishMod:Prepare"],"picked":"CurseOfVladTepes","floor":13.0},{"not_picked":["Amplify","Electrodynamics","CurseOfVladTepes","ChaoticDestiny"],"picked":"BatForm","floor":16.0},{"not_picked":["MostiFishMod:DeathFromBelow+1","BloodRain","MostiFishMod:GoodWordForIt+1","MostiFishMod:InterfaceCompatibility"],"picked":"TransientEternity","floor":25.0},{"not_picked":["BatForm","Seek","MostiFishMod:TalkingToTheRain","DemonKingCradle"],"picked":"CeilingFear","floor":27.0},{"not_picked":["CeilingFear","MostiFishMod:Distribution","MostiFishMod:ReadyAimFire","Reboot","Rainbow"],"picked":"SKIP","floor":30.0},{"not_picked":["ScarletCoffin+1","Echo Form","MostiFishMod:IceShield","QueenOfMidnight"],"picked":"BloodySeventeenLaser+1","floor":33.0},{"not_picked":["MostiFishMod:SeaWaves","HeartBreak+1","MostiFishMod:TalkingToTheRain","Seek+1"],"picked":"HellCatastrophe+1","floor":46.0},{"not_picked":["MostiFishMod:DeathFromBelow+1","MostiFishMod:DawningShadow","Reboot+1","MostiFishMod:ReadyAimFire+1","Creative AI"],"picked":"SKIP","floor":48.0},{"not_picked":["MostiFishMod:ATRI+1","MostiFishMod:Hijack+1","Multi-Cast+1","BloodRain+1"],"picked":"ScarletMeister","floor":50},{"not_picked":["Biased Cognition","MostiFishMod:Hijack+1","MostiFishMod:Prepare","Fission+1"],"picked":"QueenOfMidnight","floor":51}],"player_experience":67407,"relics_obtained":[{"floor":1.0,"key":"Bronze Scales"},{"floor":1.0,"key":"SynthV:TestCard"},{"floor":2.0,"key":"Regal Pillow"},{"floor":3.0,"key":"Boot"},{"floor":4.0,"key":"Smiling Mask"},{"floor":5.0,"key":"Mercury Hourglass"},{"floor":9.0,"key":"Art of War"},{"floor":10.0,"key":"Bottled Flame"},{"floor":11.0,"key":"AntiCross"},{"floor":12.0,"key":"Happy Flower"},{"floor":13.0,"key":"Ornamental Fan"},{"floor":14.0,"key":"PreservedInsect"},{"floor":18.0,"key":"Molten Egg 2"},{"floor":20.0,"key":"Nunchaku"},{"floor":21.0,"key":"War Paint"},{"floor":22.0,"key":"White Beast Statue"},{"floor":24.0,"key":"InkBottle"},{"floor":25.0,"key":"ScarletDevilRocket"},{"floor":26.0,"key":"Gremlin Horn"},{"floor":27.0,"key":"Mango"},{"floor":29.0,"key":"Bottled Lightning"},{"floor":30.0,"key":"Shuriken"},{"floor":31.0,"key":"RedBat"},{"floor":35.0,"key":"Mummified Hand"},{"floor":36.0,"key":"CeramicFish"},{"floor":38.0,"key":"Toxic Egg 2"},{"floor":39.0,"key":"Lantern"},{"floor":43.0,"key":"Pantograph"},{"floor":44.0,"key":"TypeBBloodRedTea"},{"floor":45.0,"key":"Vajra"},{"floor":46.0,"key":"Torii"},{"floor":47.0,"key":"Matryoshka"},{"floor":48.0,"key":"Eternal Feather"}],"event_choices":[],"is_beta":false,"boss_relics":[{"not_picked":["TimeKeys","RhineFirstAidKit"],"picked":"DiscerningMonocle"},{"not_picked":["MoonlightInvasionPlan","Calling Bell"],"picked":"OneHitWonderSystem"},{"not_picked":["Fusion Hammer","Coffee Dripper"],"picked":"Transparent"}],"items_purged_floors":[19,37,40],"is_endless":true,"potions_floor_spawned":[1,3,4,10,11,20,21,24,25,27,29,30,31,33,35,36,38,39,44,45,46,47,48,50,51],"ascension_level":20}}