{"host":"anox4050deqdcqoh","time":1609432103,"event":{"mods":["BaseMod","Colored Map","Minty Spire (QoL Compilation)","Quick Restart"],"gold_per_floor":[116,127,144,155,167,167,167,199,199,56,56,119,119,129,129,230,230,240,240,253,265,283,283,316,316,316,316,93,118,129,129,129,227,227,246,296,296,308,323,323,351,351,351,351,367,378,73,90,90,90,90,90,8,40,40,40],"floor_reached":55,"playtime":4167,"items_purged":["Entrench"],"score":800,"play_id":"d24e5b7e-45cf-47e0-aa8f-c845f48aef7d","local_time":"20201231112823","is_ascension_mode":true,"campfire_choices":[{"data":"Hemokinesis","floor":6,"key":"SMITH"},{"data":"Berserk","floor":11,"key":"SMITH"},{"floor":15,"key":"REST"},{"floor":23,"key":"REST"},{"floor":25,"key":"RECALL"},{"floor":27,"key":"REST"},{"floor":32,"key":"REST"},{"floor":40,"key":"REST"},{"floor":42,"key":"REST"},{"floor":49,"key":"REST"},{"data":"Limit Break","floor":52,"key":"SMITH"}],"circlet_count":0,"master_deck":["Bash","Feed","Hemokinesis+1","Bloodletting","Cleave","Iron Wave","Shrug It Off","Berserk+1","Battle Trance+1","Impervious+1","Blood for Blood","Fiend Fire","Hemokinesis","Limit Break+1","Flex+1","Double Tap","Impatience","Immolate","Carnage+1","Heavy Blade+1","Disarm","Second Wind+1","Armaments+1","Anger","Second Wind","Spot Weakness","Bludgeon","Demon Form+1","Shrug It Off+1","Disarm+1","Infernal Blade","Flame Barrier+1","Ghostly Armor"],"relics":["Burning Blood","Gremlin Horn","Meat on the Bone","Omamori","Toy Ornithopter","Pandora\u0027s Box","Gambling Chip","Dream Catcher","War Paint","Nunchaku","Empty Cage","Incense Burner","Lizard Tail","Strange Spoon","Boot"],"acts_visited":["Exordium","TheCity","TheBeyond","TheEnding"],"potions_floor_usage":[8,8,33,46,50,55,55,55],"damage_taken":[{"damage":11,"enemies":"Jaw Worm","floor":1,"turns":5},{"damage":2,"enemies":"Cultist","floor":2,"turns":2},{"damage":2,"enemies":"2 Louse","floor":3,"turns":2},{"damage":14,"enemies":"2 Fungi Beasts","floor":4,"turns":3},{"damage":8,"enemies":"Exordium Wildlife","floor":5,"turns":3},{"damage":10,"enemies":"Gremlin Nob","floor":8,"turns":3},{"damage":45,"enemies":"3 Sentries","floor":12,"turns":9},{"damage":21,"enemies":"Exordium Thugs","floor":14,"turns":4},{"damage":53,"enemies":"The Guardian","floor":16,"turns":13},{"damage":14,"enemies":"3 Byrds","floor":18,"turns":4},{"damage":33,"enemies":"Shell Parasite","floor":20,"turns":5},{"damage":21,"enemies":"Snake Plant","floor":21,"turns":5},{"damage":33,"enemies":"Chosen and Byrds","floor":22,"turns":6},{"damage":39,"enemies":"Gremlin Leader","floor":24,"turns":7},{"damage":39,"enemies":"Slavers","floor":29,"turns":3},{"damage":29,"enemies":"Snecko","floor":30,"turns":4},{"damage":80,"enemies":"Champ","floor":33,"turns":11},{"damage":17,"enemies":"3 Darklings","floor":35,"turns":5},{"damage":39,"enemies":"Mind Bloom Boss Battle","floor":36,"turns":6},{"damage":18,"enemies":"3 Shapes","floor":38,"turns":3},{"damage":26,"enemies":"Spire Growth","floor":39,"turns":4},{"damage":69,"enemies":"Reptomancer","floor":41,"turns":8},{"damage":17,"enemies":"3 Darklings","floor":45,"turns":4},{"damage":46,"enemies":"Maw","floor":46,"turns":8},{"damage":36,"enemies":"Spire Growth","floor":48,"turns":5},{"damage":69,"enemies":"Time Eater","floor":50,"turns":12},{"damage":160,"enemies":"Shield and Spear","floor":54,"turns":8},{"damage":101,"enemies":"The Heart","floor":55,"turns":5}],"seed_played":"-6450990944041765003","potions_obtained":[{"floor":1,"key":"Fire Potion"},{"floor":3,"key":"Explosive Potion"},{"floor":14,"key":"CultistPotion"},{"floor":18,"key":"LiquidBronze"},{"floor":24,"key":"Swift Potion"},{"floor":35,"key":"EssenceOfSteel"},{"floor":45,"key":"Swift Potion"},{"floor":46,"key":"Weak Potion"},{"floor":54,"key":"BlessingOfTheForge"}],"is_trial":false,"path_per_floor":["M","M","M","M","M","R","?","E","T","$","R","?","?","M","R","B",null,"M","?","M","M","M","R","E","R","T","R","$","E","M","?","R","B",null,"M","?","?","M","M","R","E","R","T","?","M","M","$","M","R","B",null,"R","$","E","B"],"character_chosen":"IRONCLAD","items_purchased":["Omamori","Disarm","War Paint","Infernal Blade","Strange Spoon","Ghostly Armor"],"campfire_rested":7,"item_purchase_floors":[10,28,28,47,47,53],"current_hp_per_floor":[78,85,89,84,82,82,82,78,78,78,78,54,59,56,86,54,103,98,98,71,68,53,84,63,63,63,94,94,64,53,53,85,28,109,98,68,68,71,66,101,54,90,90,90,79,56,56,38,74,28,122,122,122,57,0,0],"gold":40,"neow_bonus":"ONE_RANDOM_RARE_CARD","is_daily":false,"chose_seed":false,"campfire_upgraded":3,"win_rate":0.0,"timestamp":1609432103,"path_taken":["M","M","M","M","M","R","?","E","T","?","R","?","?","M","R","BOSS","M","?","M","?","M","R","E","R","T","R","$","E","M","?","R","BOSS","M","?","?","?","M","R","E","R","T","?","M","M","$","?","R","BOSS","R","$","E","BOSS"],"items_purchased_type":["Relic","Card","Relic","Card","Relic","Card"],"build_version":"2020-12-22","purchased_purges":1,"victory":false,"max_hp_per_floor":[83,86,89,92,92,92,92,92,92,92,92,95,100,100,100,103,103,106,106,106,106,106,106,106,106,106,106,106,109,109,109,109,109,109,109,112,112,115,118,118,122,122,122,122,122,122,122,122,122,122,122,122,122,122,122,122],"card_choices":[{"not_picked":["Armaments","Rupture"],"picked":"Hemokinesis","floor":1},{"not_picked":["Shrug It Off","Armaments"],"picked":"Bloodletting","floor":2},{"not_picked":["Inflame","Pommel Strike"],"picked":"Cleave","floor":3},{"not_picked":["Anger","Hemokinesis"],"picked":"Iron Wave","floor":4},{"not_picked":["Thunderclap","Perfected Strike"],"picked":"Shrug It Off","floor":5},{"not_picked":["Thunderclap","Inflame"],"picked":"Berserk","floor":8},{"not_picked":["Pommel Strike","Cleave"],"picked":"Battle Trance","floor":12},{"not_picked":["Havoc","Anger","True Grit"],"picked":"SKIP","floor":14},{"not_picked":["Juggernaut","Fiend Fire"],"picked":"Impervious","floor":16},{"not_picked":["Body Slam","True Grit"],"picked":"Flex+1","floor":18},{"not_picked":["Flex+1","Shrug It Off+1"],"picked":"Immolate","floor":20},{"not_picked":["Shrug It Off","Rage"],"picked":"Sentinel","floor":21},{"not_picked":["Bloodletting","Flex","Armaments"],"picked":"SKIP","floor":22},{"not_picked":["Seeing Red","Pommel Strike"],"picked":"Carnage+1","floor":24},{"not_picked":["Pommel Strike+1","Headbutt+1"],"picked":"Heavy Blade","floor":27},{"not_picked":["Body Slam","Anger"],"picked":"Second Wind+1","floor":29},{"not_picked":["Rampage","Pommel Strike"],"picked":"Armaments+1","floor":30},{"not_picked":["Infernal Blade","Clash"],"picked":"Spot Weakness","floor":32},{"not_picked":["Corruption","Brutality"],"picked":"Bludgeon","floor":33},{"not_picked":["True Grit","Thunderclap+1","Havoc"],"picked":"SKIP","floor":35},{"not_picked":["Heavy Blade+1","Limit Break","Anger+1"],"picked":"SKIP","floor":38},{"not_picked":["Second Wind+1","Armaments+1","Pommel Strike+1"],"picked":"SKIP","floor":39},{"not_picked":["Double Tap","Dropkick+1"],"picked":"Demon Form","floor":41},{"not_picked":["Armaments+1","Reckless Charge"],"picked":"Shrug It Off+1","floor":42},{"not_picked":["Iron Wave","Twin Strike+1","Shrug It Off"],"picked":"SKIP","floor":45},{"not_picked":["Anger","Armaments"],"picked":"Disarm+1","floor":46},{"not_picked":["Flex","Heavy Blade"],"picked":"Flame Barrier+1","floor":48},{"not_picked":["Whirlwind+1","Corruption","Armaments+1"],"picked":"SKIP","floor":54}],"player_experience":247603,"relics_obtained":[{"floor":8,"key":"Gremlin Horn"},{"floor":9,"key":"Meat on the Bone"},{"floor":12,"key":"Toy Ornithopter"},{"floor":24,"key":"Gambling Chip"},{"floor":26,"key":"Dream Catcher"},{"floor":29,"key":"Nunchaku"},{"floor":36,"key":"Incense Burner"},{"floor":41,"key":"Lizard Tail"},{"floor":54,"key":"Boot"}],"event_choices":[{"cards_removed":["Strike_R"],"damage_healed":0,"gold_gain":0,"player_choice":"Offered Basic","damage_taken":0,"max_hp_gain":0,"max_hp_loss":0,"event_name":"Bonfire Elementals","floor":7,"gold_loss":0},{"damage_healed":0,"gold_gain":30,"player_choice":"Searched \u00273\u0027 times","damage_taken":0,"max_hp_gain":0,"max_hp_loss":0,"event_name":"Dead Adventurer","floor":12,"gold_loss":0},{"damage_healed":0,"gold_gain":0,"player_choice":"Donut","damage_taken":0,"max_hp_gain":5,"max_hp_loss":0,"event_name":"Big Fish","floor":13,"gold_loss":0},{"damage_healed":0,"gold_gain":0,"player_choice":"2 cards matched","damage_taken":0,"max_hp_gain":0,"max_hp_loss":0,"event_name":"Match and Keep!","floor":19,"gold_loss":0,"cards_obtained":["Double Tap","Impatience"]},{"damage_healed":0,"gold_gain":0,"cards_transformed":["Fiend Fire","Sentinel"],"player_choice":"Became Test Subject","damage_taken":0,"max_hp_gain":0,"max_hp_loss":0,"event_name":"Drug Dealer","floor":31,"gold_loss":0,"cards_obtained":["Anger","Second Wind"]},{"damage_healed":0,"gold_gain":0,"player_choice":"Fight","damage_taken":0,"max_hp_gain":0,"max_hp_loss":0,"event_name":"MindBloom","floor":36,"gold_loss":0},{"damage_healed":0,"gold_gain":0,"player_choice":"Forge","damage_taken":0,"max_hp_gain":0,"max_hp_loss":0,"event_name":"Accursed Blacksmith","floor":37,"gold_loss":0,"cards_upgraded":["Heavy Blade"]},{"damage_healed":0,"gold_gain":0,"player_choice":"Upgraded","damage_taken":0,"max_hp_gain":0,"max_hp_loss":0,"event_name":"Upgrade Shrine","floor":44,"gold_loss":0,"cards_upgraded":["Demon Form"]}],"is_beta":false,"boss_relics":[{"not_picked":["Runic Dome","Sozu"],"picked":"Pandora\u0027s Box"},{"not_picked":["Velvet Choker","Philosopher\u0027s Stone"],"picked":"Empty Cage"}],"items_purged_floors":[47],"is_endless":false,"potions_floor_spawned":[1,3,14,18,24,35,45,46,48,54],"killed_by":"The Heart","ascension_level":1}}