{"host":"v711dtdb46xe9u7l","time":1609428135,"event":{"mods":["BaseMod","Minty Spire (QoL Compilation)","StSLib"],"gold_per_floor":[111,122,139,139,28,28,59,134,134,149,149,172,210,223,223,352,352,377,127,148,58,73,73,73,73],"floor_reached":24,"playtime":953,"items_purged":[],"score":260,"play_id":"53eb9976-6443-433a-a3cc-e86d14b89872","local_time":"20201231152215","is_ascension_mode":true,"campfire_choices":[{"data":"Whirlwind","floor":6,"key":"SMITH"},{"floor":11,"key":"REST"},{"floor":15,"key":"REST"},{"floor":23,"key":"RECALL"}],"circlet_count":0,"master_deck":["Strike_R","Strike_R","Strike_R","Strike_R","Defend_R","Defend_R","Defend_R","Defend_R+1","Disarm","Flex","Perfected Strike","Whirlwind+1","True Grit","Good Instincts","Perfected Strike","Flex","Barricade","Flame Barrier","Apotheosis","Impervious"],"relics":["Burning Blood","Golden Idol","Happy Flower","Centennial Puzzle","Runic Pyramid"],"acts_visited":["Exordium","TheCity"],"potions_floor_usage":[7,13,16,18,24],"damage_taken":[{"damage":7,"enemies":"Small Slimes","floor":1,"turns":4},{"damage":10,"enemies":"2 Louse","floor":2,"turns":4},{"damage":7,"enemies":"Jaw Worm","floor":3,"turns":4},{"damage":67,"enemies":"Lagavulin","floor":7,"turns":13},{"damage":2,"enemies":"3 Louse","floor":10,"turns":2},{"damage":3,"enemies":"Red Slaver","floor":12,"turns":2},{"damage":14,"enemies":"Gremlin Nob","floor":13,"turns":3},{"damage":11,"enemies":"Exordium Thugs","floor":14,"turns":4},{"damage":8,"enemies":"Slime Boss","floor":16,"turns":7},{"damage":22,"enemies":"Shell Parasite","floor":18,"turns":7},{"damage":24,"enemies":"2 Thieves","floor":20,"turns":4},{"damage":0,"enemies":"Snake Plant","floor":22,"turns":5},{"damage":43,"enemies":"Slavers","floor":24,"turns":4}],"seed_played":"-6770327995400575580","potions_obtained":[{"floor":1,"key":"BloodPotion"},{"floor":10,"key":"EssenceOfSteel"},{"floor":13,"key":"AttackPotion"},{"floor":16,"key":"Strength Potion"},{"floor":20,"key":"Energy Potion"}],"is_trial":false,"path_per_floor":["M","M","M","?","$","R","E","?","T","M","R","M","E","M","R","B",null,"M","$","M","?","M","R","E"],"character_chosen":"IRONCLAD","items_purchased":["True Grit","Good Instincts","Apotheosis","Impervious"],"campfire_rested":2,"item_purchase_floors":[5,5,19,19],"current_hp_per_floor":[79,75,74,74,74,74,27,16,16,20,42,45,37,32,54,52,69,53,53,35,35,41,41,0,0],"gold":73,"neow_bonus":"TRANSFORM_CARD","is_daily":false,"chose_seed":false,"campfire_upgraded":1,"win_rate":0.0,"timestamp":1609428135,"path_taken":["M","M","M","?","$","R","E","?","T","M","R","?","E","M","R","BOSS","M","$","M","?","M","R","E"],"items_purchased_type":["Card","Card","Card","Card"],"build_version":"2020-12-22","purchased_purges":0,"victory":false,"max_hp_per_floor":[80,80,80,74,74,74,74,74,74,74,74,74,74,74,74,74,74,74,74,74,74,74,74,74,74],"card_choices":[{"not_picked":["Warcry","Havoc"],"picked":"Flex","floor":1},{"not_picked":["Headbutt","Fiend Fire"],"picked":"Perfected Strike","floor":2},{"not_picked":["Second Wind","Seeing Red"],"picked":"Whirlwind","floor":3},{"not_picked":["Thunderclap","Havoc"],"picked":"Perfected Strike","floor":7},{"not_picked":["Wild Strike","Heavy Blade"],"picked":"Flex","floor":10},{"not_picked":["Sword Boomerang","Thunderclap","Clothesline"],"picked":"SKIP","floor":12},{"not_picked":["Heavy Blade","Wild Strike","Anger"],"picked":"SKIP","floor":13},{"not_picked":["Blood for Blood","Iron Wave","Rampage"],"picked":"SKIP","floor":14},{"not_picked":["Brutality","Bludgeon"],"picked":"Barricade","floor":16},{"not_picked":["Rage","Headbutt"],"picked":"Flame Barrier","floor":18},{"not_picked":["Heavy Blade","Cleave","Headbutt"],"picked":"SKIP","floor":20},{"not_picked":["Burning Pact","Dual Wield","Perfected Strike"],"picked":"SKIP","floor":22}],"player_experience":273461,"relics_obtained":[{"floor":7,"key":"Happy Flower"},{"floor":13,"key":"Centennial Puzzle"}],"event_choices":[{"damage_healed":0,"gold_gain":0,"player_choice":"Lose Max HP","damage_taken":0,"relics_obtained":["Golden Idol"],"max_hp_gain":0,"max_hp_loss":6,"event_name":"Golden Idol","floor":4,"gold_loss":0},{"damage_healed":0,"gold_gain":75,"player_choice":"Gather Gold","damage_taken":11,"max_hp_gain":0,"max_hp_loss":0,"event_name":"World of Goop","floor":8,"gold_loss":0},{"cards_removed":["Strike_R"],"damage_healed":0,"gold_gain":0,"player_choice":"Upgrade and Remove","damage_taken":0,"max_hp_gain":0,"max_hp_loss":0,"event_name":"Designer","floor":21,"gold_loss":90,"cards_upgraded":["Defend_R"]}],"is_beta":false,"boss_relics":[{"not_picked":["SlaversCollar","Runic Dome"],"picked":"Runic Pyramid"}],"items_purged_floors":[],"is_endless":false,"potions_floor_spawned":[1,10,13,16,20],"killed_by":"Slavers","ascension_level":5}}