{"host":"ywif2ugnepgiw45s","time":1609435808,"event":{"mods":["Act Like it!","BaseMod","Better Skull","Downfall","Elementarium","GifTheSpireLib","Hermit","Marisa????????","Minty Spire (QoL Compilation)","READ ME - Guardian Mod","Replay The Spire","Shade Mod","Shop Mod","StSLib","The Cursed","The Jungle","The Runesmith","The Servant 0.9.4"],"gold_per_floor":[110,110,110,185,205,240,240,268,295,324,337,337,2,2,2,102,102,118,37,47,47,47,47,81,81,81,81,131,158,158,168,168,269,269,280,296,343,343,354,380,280,305,305,317,10,21,21,36,102,102,102,102,62,97,97,97],"floor_reached":55,"playtime":4723,"items_purged":["Clumsy","Strike_S","Shame"],"score":792,"play_id":"18378066-0539-41fe-8f45-6119b2656c1c","local_time":"20201231123008","is_ascension_mode":true,"campfire_choices":[{"data":"GearUp","floor":7,"key":"SMITH"},{"floor":15,"key":"REST"},{"data":"BottledTime","floor":23,"key":"SMITH"},{"floor":25,"key":"RECALL"},{"data":"BestPractice","floor":27,"key":"SMITH"},{"floor":32,"key":"DIG"},{"data":"SpecialFormula","floor":52,"key":"SMITH"}],"circlet_count":0,"master_deck":["Strike_S","Strike_S","Strike_S+1","Defend_S","Defend_S","Defend_S","Defend_S","KidneyShot","Exchange+1","BottledTime+1","GearUp+1","SpecialFormula+1","BestPractice+1","Potential","Solidify+1","Contraction+1","Luminosity+1","ShatteredReality+1","Potential","Manipulate","Luminosity+1","Sunlight+1","FastForward+1","Solidify+1"],"relics":["Uniform","NeowsBlessing","Ring of Peace","Ring of Hypnosis","Gremlin Food","Sundial","Replay:Mystery Machine","InkBottle","Golden Egg","Divine Protection","Ring of Chaos","Kunai","Anchor","Shuriken","Mummified Hand","theJungle:PaperFaux","Centennial Puzzle","Replay:Fungal Core","Thread and Needle","HornCleat","Akabeko","The Courier","Replay:Bottled Steam","Runesmith:AutoHammer"],"acts_visited":["Exordium","Exordium","TheBeyond","TheEnding"],"potions_floor_usage":[8,10,21,29,29,33,33,40,50,55,55,55,55,55,55],"damage_taken":[{"damage":0,"enemies":"Jaw Worm","floor":1,"turns":1},{"damage":0,"enemies":"Small Slimes","floor":5,"turns":1},{"damage":0,"enemies":"Lagavulin","floor":6,"turns":2},{"damage":48,"enemies":"3 Sentries","floor":8,"turns":16},{"damage":4,"enemies":"Lagavulin","floor":10,"turns":16},{"damage":0,"enemies":"2 Louse","floor":11,"turns":4},{"damage":0,"enemies":"The Guardian","floor":16,"turns":13},{"damage":0,"enemies":"theJungle:MUSHROOMGANG","floor":18,"turns":8},{"damage":0,"enemies":"theJungle:5_Spyders","floor":20,"turns":13},{"damage":8,"enemies":"JungleHuntersEvent","floor":21,"turns":10},{"damage":0,"enemies":"theJungle:MamaSnecko","floor":24,"turns":9},{"damage":3,"enemies":"theJungle:Cassacara","floor":29,"turns":6},{"damage":0,"enemies":"theJungle:Lyon","floor":31,"turns":7},{"damage":28,"enemies":"theJungle:TotemBoss","floor":33,"turns":11},{"damage":5,"enemies":"Orb Walker","floor":35,"turns":6},{"damage":3,"enemies":"3 Darklings","floor":36,"turns":6},{"damage":10,"enemies":"2 Orb Walkers","floor":37,"turns":7},{"damage":0,"enemies":"Writhing Mass","floor":39,"turns":7},{"damage":0,"enemies":"Reptomancer","floor":40,"turns":8},{"damage":0,"enemies":"Nemesis","floor":42,"turns":11},{"damage":0,"enemies":"4 Shapes","floor":44,"turns":10},{"damage":0,"enemies":"3 Darklings","floor":46,"turns":8},{"damage":0,"enemies":"Transient","floor":48,"turns":5},{"damage":0,"enemies":"Replay:Hell Engine","floor":50,"turns":17},{"damage":0,"enemies":"Shield and Spear","floor":54,"turns":12},{"damage":71,"enemies":"The Heart","floor":55,"turns":12}],"seed_played":"-1661655034559481027","potions_obtained":[{"floor":5,"key":"SpeedPotion"},{"floor":6,"key":"DistilledChaos"},{"floor":8,"key":"Guardian:BlockOnCardUsePotion"},{"floor":18,"key":"Guardian:BlockOnCardUsePotion"},{"floor":20,"key":"Slimebound:ThreeZeroPotion"},{"floor":31,"key":"Elixir"},{"floor":35,"key":"GamblersBrew"},{"floor":40,"key":"Elixir"},{"floor":46,"key":"EntropicBrew"},{"floor":48,"key":"SpeedPotion"}],"is_trial":false,"path_per_floor":["M","?","?","?","M","E","R","E","T","E","M","T","$","T","R","B",null,"M","$","M","?","?","R","E","R","T","R","?","E","?","M","R","B",null,"M","M","?","?","M","E","$","E","T","M","$","M","?","M","R","B",null,"R","$","E","B"],"character_chosen":"THE_SERVANT","items_purchased":["Divine Protection","Luminosity","Replay:Bottled Steam","Strength Potion"],"campfire_rested":1,"item_purchase_floors":[13,19,45,53],"current_hp_per_floor":[65,65,65,54,54,54,54,6,6,7,12,12,12,12,31,39,65,65,65,65,62,62,62,62,62,62,62,53,50,50,55,55,32,65,60,62,57,57,62,65,65,65,65,65,65,65,62,62,62,62,62,62,62,62,0,0],"gold":97,"neow_bonus":"THREE_ENEMY_KILL","is_daily":false,"chose_seed":false,"campfire_upgraded":4,"win_rate":0.0,"timestamp":1609435808,"path_taken":["M","?","?","?","M","E","R","E","T","E","M","?","$","?","R","BOSS","M","$","M","?","?","R","E","R","T","R","?","E","?","M","R","BOSS","M","M","?","?","?","E","$","E","T","M","$","M","?","?","R","BOSS","R","$","E","BOSS"],"items_purchased_type":["Relic","Card","Relic","Potion"],"build_version":"2020-12-22","purchased_purges":3,"victory":false,"max_hp_per_floor":[65,65,65,65,65,65,65,65,65,65,65,65,65,65,65,65,65,65,65,65,65,65,65,65,65,65,65,65,65,65,65,65,65,65,65,65,65,65,65,65,65,65,65,65,65,65,62,62,62,62,62,62,62,62,62,62],"card_choices":[{"not_picked":["Shuttle","Advance"],"picked":"BottledTime","floor":1},{"not_picked":["DoubleEdge","ShatteredReality","Snipe"],"picked":"SKIP","floor":5},{"not_picked":["Unruled","Duplication"],"picked":"GearUp","floor":6},{"not_picked":["TimeWarp","Shuttle"],"picked":"SpecialFormula","floor":8},{"not_picked":["Unruled","Potential"],"picked":"BestPractice","floor":10},{"not_picked":["Spin","DoubleEdge"],"picked":"Potential","floor":11},{"not_picked":["Duplication","KillingDoll"],"picked":"Solidify","floor":16},{"not_picked":["Alleviate+1","Comet"],"picked":"Contraction+1","floor":18},{"not_picked":["InstantArmor+1","FastForward+1"],"picked":"ShatteredReality+1","floor":20},{"not_picked":["Starlight","Ricochet"],"picked":"Potential","floor":21},{"not_picked":["TimeWarp+1","SilverMatrix"],"picked":"Manipulate","floor":24},{"not_picked":["DoubleEdge","Replace","Starlight"],"picked":"SKIP","floor":29},{"not_picked":["FastForward","Potential"],"picked":"Luminosity+1","floor":31},{"not_picked":["Embodiment","KillingDoll"],"picked":"Sunlight","floor":33},{"not_picked":["Revamp","Spin","Orbit"],"picked":"SKIP","floor":35},{"not_picked":["TimeWarp+1","Starlight+1","ShatteredReality"],"picked":"SKIP","floor":36},{"not_picked":["Ricochet","Revamp","Snipe"],"picked":"SKIP","floor":39},{"not_picked":["BottledTime+1","Ricochet"],"picked":"FastForward+1","floor":40},{"not_picked":["FastForward","Defy","Replace+1"],"picked":"SKIP","floor":42},{"not_picked":["DoubleEdge","Reset"],"picked":"Solidify","floor":44},{"not_picked":["Ricochet","Replace","Spin"],"picked":"SKIP","floor":46},{"not_picked":["Ricochet+1","Alleviate+1","TimeWarp+1"],"picked":"SKIP","floor":48},{"not_picked":["ShiftingGears","Duplication","Potential+1"],"picked":"SKIP","floor":54}],"player_experience":1699518,"relics_obtained":[{"floor":2,"key":"Ring of Peace"},{"floor":2,"key":"Ring of Hypnosis"},{"floor":6,"key":"Gremlin Food"},{"floor":8,"key":"Sundial"},{"floor":9,"key":"Replay:Mystery Machine"},{"floor":10,"key":"InkBottle"},{"floor":12,"key":"Golden Egg"},{"floor":21,"key":"Kunai"},{"floor":24,"key":"Anchor"},{"floor":26,"key":"Shuriken"},{"floor":29,"key":"Mummified Hand"},{"floor":32,"key":"Centennial Puzzle"},{"floor":37,"key":"Thread and Needle"},{"floor":40,"key":"HornCleat"},{"floor":42,"key":"Akabeko"},{"floor":43,"key":"The Courier"},{"floor":54,"key":"Runesmith:AutoHammer"}],"event_choices":[{"damage_healed":0,"gold_gain":75,"player_choice":"Gather Gold","damage_taken":11,"max_hp_gain":0,"max_hp_loss":0,"event_name":"World of Goop","floor":4,"gold_loss":0},{"damage_healed":0,"gold_gain":0,"player_choice":"Fight","damage_taken":0,"max_hp_gain":0,"max_hp_loss":0,"event_name":"Mysterious Sphere","floor":37,"gold_loss":0},{"damage_healed":0,"gold_gain":0,"player_choice":"Ignored","damage_taken":0,"max_hp_gain":0,"max_hp_loss":0,"event_name":"Tomb of Lord Red Mask","floor":38,"gold_loss":0},{"cards_removed":["Parasite"],"damage_healed":0,"gold_gain":0,"player_choice":"Removed Curses","damage_taken":0,"max_hp_gain":0,"max_hp_loss":0,"event_name":"Fountain of Cleansing","floor":47,"gold_loss":0}],"is_beta":false,"boss_relics":[{"not_picked":["Replay:Drink Me","Runic Dome"],"picked":"Ring of Chaos"},{"not_picked":["Replay:Ancient Bell","Fusion Hammer"],"picked":"Replay:Fungal Core"}],"items_purged_floors":[13,41,45],"is_endless":false,"potions_floor_spawned":[5,6,8,18,20,31,35,40,46,48],"killed_by":"The Heart","ascension_level":1}}