{"host":"lsq35p0sdkx2xifo","time":1609396259,"event":{"mods":["AchievementEnabler","BaseMod","Highlight Path","Minty Spire (QoL Compilation)","StSLib","The Senshi"],"gold_per_floor":[112,123,43,61,78,78,103,114,114,142,142,142,67,67,67,67,67],"floor_reached":16,"playtime":686,"items_purged":["Strike_R"],"score":200,"play_id":"e015c2f1-e65f-46cf-a2fa-8c86bbef14b9","local_time":"20201230223059","is_ascension_mode":true,"campfire_choices":[{"floor":6,"key":"REST"},{"floor":12,"key":"REST"},{"data":"Flame Barrier","floor":15,"key":"SMITH"}],"circlet_count":0,"master_deck":["AscendersBane","Strike_R","Strike_R","Strike_R","Strike_R","Defend_R","Defend_R","Defend_R","Defend_R","Bash","Juggernaut","Flame Barrier+1","Pommel Strike+1","Inflame","Spot Weakness","Iron Wave","Juggernaut","Inflame","Flex"],"relics":["Burning Blood","Odd Mushroom","Ornamental Fan","Du-Vu Doll"],"acts_visited":["Exordium"],"potions_floor_usage":[7,10,16],"damage_taken":[{"damage":14,"enemies":"Small Slimes","floor":1,"turns":5},{"damage":7,"enemies":"2 Louse","floor":2,"turns":3},{"damage":9,"enemies":"Jaw Worm","floor":4,"turns":4},{"damage":19,"enemies":"Large Slime","floor":5,"turns":6},{"damage":25,"enemies":"The Mushroom Lair","floor":7,"turns":4},{"damage":12,"enemies":"Looter","floor":8,"turns":5},{"damage":39,"enemies":"Gremlin Nob","floor":10,"turns":5},{"damage":52,"enemies":"The Guardian","floor":16,"turns":7}],"seed_played":"3620938409483447582","potions_obtained":[{"floor":1,"key":"FairyPotion"},{"floor":5,"key":"Block Potion"},{"floor":8,"key":"GamblersBrew"},{"floor":10,"key":"SpeedPotion"}],"is_trial":false,"path_per_floor":["M","M","$","M","M","R","?","M","T","E","?","R","$","?","R","B"],"character_chosen":"IRONCLAD","items_purchased":["Inflame"],"campfire_rested":2,"item_purchase_floors":[3],"current_hp_per_floor":[42,41,41,38,25,47,28,22,22,28,28,50,50,50,50,0,0],"gold":67,"neow_bonus":"THREE_RARE_CARDS","is_daily":false,"chose_seed":false,"campfire_upgraded":1,"win_rate":0.0,"timestamp":1609396259,"path_taken":["M","M","$","M","M","R","?","M","T","E","?","R","$","?","R","BOSS"],"items_purchased_type":["Card"],"build_version":"2020-12-22","purchased_purges":1,"victory":false,"max_hp_per_floor":[75,75,75,75,75,75,75,75,75,75,75,75,75,75,75,75,75],"card_choices":[{"not_picked":["Berserk","Corruption"],"picked":"Juggernaut","floor":0},{"not_picked":["Power Through","Twin Strike"],"picked":"Flame Barrier","floor":1},{"not_picked":["Thunderclap","Dark Embrace"],"picked":"Pommel Strike","floor":2},{"not_picked":["Thunderclap","Havoc"],"picked":"Spot Weakness","floor":4},{"not_picked":["Dual Wield","Anger"],"picked":"Iron Wave","floor":5},{"not_picked":["Burning Pact","Flame Barrier"],"picked":"Juggernaut","floor":7},{"not_picked":["Thunderclap","Warcry"],"picked":"Inflame","floor":8},{"not_picked":["Twin Strike","Exhume"],"picked":"Flex","floor":10}],"player_experience":1325676,"relics_obtained":[{"floor":7,"key":"Odd Mushroom"},{"floor":9,"key":"Ornamental Fan"},{"floor":10,"key":"Du-Vu Doll"}],"event_choices":[{"damage_healed":0,"gold_gain":0,"player_choice":"Fought Mushrooms","damage_taken":0,"max_hp_gain":0,"max_hp_loss":0,"event_name":"Mushrooms","floor":7,"gold_loss":0},{"damage_healed":0,"gold_gain":0,"player_choice":"Grow","damage_taken":0,"max_hp_gain":0,"max_hp_loss":0,"event_name":"Living Wall","floor":11,"gold_loss":0,"cards_upgraded":["Pommel Strike"]},{"damage_healed":0,"gold_gain":0,"player_choice":"Ignored","damage_taken":0,"max_hp_gain":0,"max_hp_loss":0,"event_name":"Liars Game","floor":14,"gold_loss":0}],"is_beta":false,"boss_relics":[],"items_purged_floors":[13],"is_endless":false,"potions_floor_spawned":[1,5,8,10],"killed_by":"The Guardian","ascension_level":20}}