{"host":"ltca6yxwulbhza25","time":1609420955,"event":{"mods":["BaseMod","Card Forge","Colored Map","Colored Powertips","Minty Spire (QoL Compilation)","Quick Restart","Shop Mod","StSLib","The Blue Laboratory"],"gold_per_floor":[117,117,117,130,150,179,179,41,41,73,38,56,56,73,73,173,173,189,206,55,74,74,99,112,128,128,128,128,128,218,218,218,317,317,337,337,384,398,417,417,436,222,222,251,251,278,0,14,14,14],"floor_reached":51,"playtime":2380,"items_purged":["Strike_B+1"],"score":885,"play_id":"12aa3e15-f39e-4a4b-b735-b5eff348ac1e","local_time":"20201231212235","is_ascension_mode":false,"campfire_choices":[{"floor":13.0,"key":"REST"},{"data":"White Noise","floor":15.0,"key":"SMITH"},{"floor":27,"key":"REST"},{"data":"Seek","floor":29,"key":"SMITH"},{"floor":32,"key":"REST"},{"data":"Madness","floor":45,"key":"SMITH"},{"data":"Madness","floor":49,"key":"SMITH"}],"circlet_count":0,"master_deck":["Strike_B+1","Defend_B+1","Defend_B+1","Defend_B+1","Defend_B+1","Zap+1","Dualcast+1","Discovery","Beam Cell+1","Gash+1","Gash","White Noise+1","Go for the Eyes","Seek+1","Gash","All For One","BootSequence+1","Impatience","Electrodynamics","Gash+1","Madness+1","Madness+1","Master of Strategy","Mayhem"],"relics":["Hammer of Thor","Seething Fire","Anvil of the Gods","Kunai","MerchantsRug","Gremlin Horn","Nuclear Battery","Juzu Bracelet","Unceasing Top","Eternal Feather","Bottled Lightning","Sozu","Ice Cream","Medical Kit","Darkstone Periapt","Du-Vu Doll","CaptainsWheel","Red Mask"],"acts_visited":["Exordium","TheCity","TheBeyond"],"potions_floor_usage":[21,50],"damage_taken":[{"damage":0.0,"enemies":"Cultist","floor":1.0,"turns":2.0},{"damage":0.0,"enemies":"Small Slimes","floor":4.0,"turns":2.0},{"damage":0.0,"enemies":"2 Louse","floor":5.0,"turns":2.0},{"damage":10.0,"enemies":"3 Sentries","floor":6.0,"turns":6.0},{"damage":8.0,"enemies":"Lagavulin","floor":10.0,"turns":4.0},{"damage":0.0,"enemies":"Exordium Thugs","floor":12.0,"turns":3.0},{"damage":0.0,"enemies":"Large Slime","floor":14.0,"turns":3.0},{"damage":37.0,"enemies":"The Guardian","floor":16.0,"turns":8.0},{"damage":16.0,"enemies":"Spheric Guardian","floor":18.0,"turns":4.0},{"damage":0.0,"enemies":"Shell Parasite","floor":19.0,"turns":3.0},{"damage":29,"enemies":"3 Cultists","floor":21,"turns":6},{"damage":15,"enemies":"Book of Stabbing","floor":23,"turns":5},{"damage":18,"enemies":"Sentry and Sphere","floor":24,"turns":5},{"damage":1,"enemies":"Chosen and Byrds","floor":25,"turns":3},{"damage":0,"enemies":"Champ","floor":33,"turns":6},{"damage":7,"enemies":"3 Darklings","floor":35,"turns":2},{"damage":0,"enemies":"2 Orb Walkers","floor":37,"turns":3},{"damage":6,"enemies":"Orb Walker","floor":38,"turns":3},{"damage":0,"enemies":"Maw","floor":39,"turns":3},{"damage":0,"enemies":"Sphere and 2 Shapes","floor":41,"turns":2},{"damage":0,"enemies":"Reptomancer","floor":44,"turns":2},{"damage":0,"enemies":"Nemesis","floor":46,"turns":5},{"damage":0,"enemies":"Writhing Mass","floor":48,"turns":2},{"damage":9,"enemies":"Time Eater","floor":50,"turns":5}],"seed_played":"-5771433580675898760","potions_obtained":[{"floor":6.0,"key":"FocusPotion"},{"floor":10.0,"key":"blueLaboratory:NullPotion"},{"floor":12.0,"key":"GamblersBrew"},{"floor":14.0,"key":"blueLaboratory:BubblePotion"},{"floor":19.0,"key":"blueLaboratory:StoneskinPotion"},{"floor":21,"key":"blueLaboratory:FrostheartPotion"}],"is_trial":false,"path_per_floor":["M","T","?","M","M","E","?","$","T","E","?","M","R","M","R","B",null,"M","M","$","M","?","E","M","M","T","R","?","R","?","T","R","B",null,"M","?","?","M","M","?","M","$","T","E","R","E","?","M","R","B",null],"character_chosen":"DEFECT","items_purchased":["MerchantsRug","Lee\u0027s Waffle","Juzu Bracelet","Medical Kit"],"campfire_rested":3,"item_purchase_floors":[8,20,20,42],"current_hp_per_floor":[82,82,82,82,82,72,65,65,65,57,77,77,82,82,82,45,82,66,66,89,60,60,45,27,26,26,61,61,70,52,52,87,87,89,82,71,71,65,65,55,55,55,55,55,67,67,67,67,79,70],"gold":14,"neow_bonus":"TEN_PERCENT_HP_BONUS","is_daily":false,"chose_seed":false,"campfire_upgraded":4,"win_rate":0.0,"timestamp":1609420955,"path_taken":["M","?","?","?","M","E","?","$","T","E","?","M","R","M","R","BOSS","M","M","$","M","?","E","M","M","T","R","?","R","?","?","R","BOSS","M","?","?","M","M","?","M","$","T","E","R","E","?","M","R","BOSS"],"items_purchased_type":["Relic","Relic","Relic","Relic"],"build_version":"2020-12-22","purchased_purges":1,"victory":true,"max_hp_per_floor":[82,82,82,82,82,82,82,82,82,82,82,82,82,82,82,82,82,82,82,89,89,89,89,89,89,89,89,89,89,89,89,89,89,89,89,89,89,89,89,89,89,89,89,89,89,89,89,89,89,89],"card_choices":[{"not_picked":["Streamline","Barrage","Lockon"],"picked":"SKIP","floor":1.0},{"not_picked":["Self Repair","Steam Power"],"picked":"Beam Cell","floor":4.0},{"not_picked":["Sweeping Beam","Redo"],"picked":"Gash","floor":5.0},{"not_picked":["Fission","Leap"],"picked":"Gash","floor":6.0},{"not_picked":["Leap","Melter"],"picked":"White Noise","floor":10.0},{"not_picked":["Barrage","Conserve Battery"],"picked":"Go for the Eyes","floor":12.0},{"not_picked":["Compile Driver","Static Discharge","Streamline"],"picked":"SKIP","floor":14.0},{"not_picked":["Thunder Strike","Multi-Cast"],"picked":"Seek","floor":16.0},{"not_picked":["Force Field","Compile Driver+1"],"picked":"Gash","floor":18.0},{"not_picked":["Beam Cell","Compile Driver+1","Scrape+1"],"picked":"SKIP","floor":19.0},{"not_picked":["BootSequence","Coolheaded"],"picked":"All For One","floor":21},{"not_picked":["Steam","Ball Lightning","Blizzard+1"],"picked":"SKIP","floor":23},{"not_picked":["Genetic Algorithm","Coolheaded"],"picked":"BootSequence+1","floor":24},{"not_picked":["Barrage","Cold Snap","Leap+1"],"picked":"SKIP","floor":25},{"not_picked":["Fission","Seek"],"picked":"Electrodynamics","floor":33},{"not_picked":["Glacier","Self Repair"],"picked":"Gash+1","floor":35},{"not_picked":["Beam Cell+1","Glacier+1","Sweeping Beam"],"picked":"SKIP","floor":38},{"not_picked":["Beam Cell","Auto Shields","Steam+1"],"picked":"SKIP","floor":39},{"not_picked":["Metamorphosis","Forethought"],"picked":"Master of Strategy","floor":40},{"not_picked":["Metamorphosis","Mind Blast"],"picked":"Mayhem","floor":40},{"not_picked":["Stack","Steam","Cold Snap"],"picked":"SKIP","floor":41},{"not_picked":["BootSequence+1","Consume+1","Leap+1"],"picked":"SKIP","floor":44},{"not_picked":["Reprogram+1","Conserve Battery","Compile Driver"],"picked":"SKIP","floor":46},{"not_picked":["Consume+1","FTL+1","Sweeping Beam"],"picked":"SKIP","floor":48}],"player_experience":6160,"relics_obtained":[{"floor":2.0,"key":"Kunai"},{"floor":6.0,"key":"Whetstone"},{"floor":9.0,"key":"Gremlin Horn"},{"floor":10.0,"key":"Dream Catcher"},{"floor":23,"key":"Unceasing Top"},{"floor":26,"key":"Eternal Feather"},{"floor":31,"key":"Bottled Lightning"},{"floor":37,"key":"Ice Cream"},{"floor":43,"key":"Darkstone Periapt"},{"floor":44,"key":"Du-Vu Doll"},{"floor":46,"key":"CaptainsWheel"}],"event_choices":[{"damage_healed":0.0,"max_hp_gain":0.0,"max_hp_loss":0.0,"gold_gain":0.0,"event_name":"Match and Keep!","player_choice":"1 cards matched","floor":3.0,"gold_loss":0.0,"damage_taken":0.0,"cards_obtained":["Discovery"]},{"cards_removed":["Strike_B"],"damage_healed":0.0,"max_hp_gain":0.0,"max_hp_loss":0.0,"gold_gain":0.0,"event_name":"Golden Wing","player_choice":"Card Removal","floor":7.0,"gold_loss":0.0,"damage_taken":7.0},{"damage_healed":20.0,"max_hp_gain":0.0,"max_hp_loss":0.0,"gold_gain":0.0,"event_name":"The Cleric","player_choice":"Healed","floor":11.0,"gold_loss":35.0,"damage_taken":0.0},{"damage_healed":0,"gold_gain":0,"player_choice":"Ignored","damage_taken":0,"max_hp_gain":0,"max_hp_loss":0,"event_name":"Ghosts","floor":22,"gold_loss":0},{"cards_removed":["Strike_B"],"damage_healed":0,"gold_gain":0,"player_choice":"Purged","damage_taken":0,"max_hp_gain":0,"max_hp_loss":0,"event_name":"Purifier","floor":28,"gold_loss":0},{"damage_healed":0,"gold_gain":90,"player_choice":"CARD GOLD ","damage_taken":18,"max_hp_gain":0,"max_hp_loss":0,"event_name":"Knowing Skull","floor":30,"potions_obtained":[],"gold_loss":0,"cards_obtained":["Impatience"]},{"damage_healed":0,"gold_gain":0,"player_choice":"Embrace Madness","damage_taken":11,"max_hp_gain":0,"max_hp_loss":0,"event_name":"Winding Halls","floor":36,"gold_loss":0,"cards_obtained":["Madness","Madness"]},{"damage_healed":0,"gold_gain":0,"player_choice":"Fight","damage_taken":0,"max_hp_gain":0,"max_hp_loss":0,"event_name":"Mysterious Sphere","floor":37,"gold_loss":0},{"damage_healed":0,"gold_gain":0,"player_choice":"Memory 3","damage_taken":10,"max_hp_gain":0,"max_hp_loss":0,"event_name":"SensoryStone","floor":40,"gold_loss":0},{"damage_healed":0,"gold_gain":0,"player_choice":"Paid","damage_taken":0,"relics_obtained":["Red Mask"],"max_hp_gain":0,"max_hp_loss":0,"event_name":"Tomb of Lord Red Mask","floor":47,"gold_loss":278}],"is_beta":false,"boss_relics":[{"not_picked":["Black Star","Velvet Choker"],"picked":"Nuclear Battery"},{"not_picked":["Calling Bell","Coffee Dripper"],"picked":"Sozu"}],"items_purged_floors":[42],"is_endless":false,"potions_floor_spawned":[6,10,12,14,19,21,39,41,44,46],"ascension_level":0}}