{"host":"6yklbc9za0aylqsj","time":1609435019,"event":{"mods":["AchievementEnabler","BaseMod","Bestiary","Colored Map","Colored Powertips","Minty Spire (QoL Compilation)","Rare Cards Sparkle","Relic Stats","Slay-I","StSLib"],"gold_per_floor":[19,19,38,52,52,52,52,65,65,95,95,155,155,135,135,209,209,220,293,303,303,320,320,348,348,371,251,251,269,279,297,297,371,371,382,407,427,474,494,494,528,528,574,574,54,65,79,95,95,95,95],"floor_reached":52,"playtime":2746,"items_purged":["Strike_G","Parasite"],"score":2029,"play_id":"7403b97c-c826-4795-8bd6-ba185bd068bf","local_time":"20201231181659","is_ascension_mode":true,"campfire_choices":[{"data":"Quick Slash","floor":6.0,"key":"SMITH"},{"data":"Neutralize","floor":11.0,"key":"SMITH"},{"data":"Blade Dance","floor":13.0,"key":"SMITH"},{"data":"Sadistic Nature","floor":15.0,"key":"SMITH"},{"data":"Adrenaline","floor":23.0,"key":"SMITH"},{"data":"Adrenaline","floor":25.0,"key":"SMITH"},{"floor":32.0,"key":"REST"},{"data":"Accuracy","floor":40.0,"key":"SMITH"},{"data":"After Image","floor":44.0,"key":"SMITH"},{"data":"Escape Plan","floor":49.0,"key":"SMITH"}],"circlet_count":0,"master_deck":["AscendersBane","Strike_G+1","Strike_G+1","Strike_G+1","Strike_G+1","Defend_G+1","Defend_G+1","Defend_G+1","Defend_G+1","Defend_G+1","Survivor","Neutralize+1","Sadistic Nature+1","Quick Slash+1","Blade Dance+1","Sucker Punch","Heel Hook","Heel Hook","Adrenaline+1","CurseOfTheBell","Adrenaline+1","All Out Attack","Escape Plan+1","Terror+1","Accuracy+1","Noxious Fumes","Escape Plan+1","All Out Attack+1","Concentrate+1","Well Laid Plans+1","After Image+1","Backstab+1"],"relics":["Ring of the Snake","Anchor","Dead Branch","Oddly Smooth Stone","Calling Bell","Orichalcum","Matryoshka","Du-Vu Doll","Question Card","Paper Crane","FossilizedHelix","Bag of Preparation","Toy Ornithopter","WristBlade","Thread and Needle","Turnip","White Beast Statue","Potion Belt","Bottled Flame","TheAbacus"],"acts_visited":["Exordium","TheCity","TheBeyond"],"potions_floor_usage":[51,51,51],"damage_taken":[{"damage":4.0,"enemies":"Small Slimes","floor":1.0,"turns":4.0},{"damage":3.0,"enemies":"2 Louse","floor":3.0,"turns":5.0},{"damage":3.0,"enemies":"Jaw Worm","floor":4.0,"turns":3.0},{"damage":0.0,"enemies":"2 Fungi Beasts","floor":8.0,"turns":3.0},{"damage":15.0,"enemies":"Lagavulin","floor":10.0,"turns":4.0},{"damage":0.0,"enemies":"Slime Boss","floor":16.0,"turns":4.0},{"damage":3.0,"enemies":"2 Thieves","floor":18.0,"turns":3.0},{"damage":10.0,"enemies":"3 Byrds","floor":20.0,"turns":3.0},{"damage":0.0,"enemies":"3 Cultists","floor":22.0,"turns":3.0},{"damage":6.0,"enemies":"Slavers","floor":24.0,"turns":4.0},{"damage":0.0,"enemies":"Snecko","floor":29.0,"turns":3.0},{"damage":0.0,"enemies":"Snake Plant","floor":30.0,"turns":2.0},{"damage":0.0,"enemies":"Centurion and Healer","floor":31.0,"turns":3.0},{"damage":0.0,"enemies":"Champ","floor":33.0,"turns":7.0},{"damage":0.0,"enemies":"3 Shapes","floor":35.0,"turns":2.0},{"damage":0.0,"enemies":"Mind Bloom Boss Battle","floor":36.0,"turns":4.0},{"damage":0.0,"enemies":"3 Darklings","floor":37.0,"turns":3.0},{"damage":0.0,"enemies":"2 Orb Walkers","floor":38.0,"turns":2.0},{"damage":0.0,"enemies":"Writhing Mass","floor":39.0,"turns":6.0},{"damage":0.0,"enemies":"Giant Head","floor":41.0,"turns":5.0},{"damage":0.0,"enemies":"Jaw Worm Horde","floor":46.0,"turns":3.0},{"damage":0.0,"enemies":"Spire Growth","floor":47.0,"turns":3.0},{"damage":0.0,"enemies":"3 Darklings","floor":48.0,"turns":4.0},{"damage":51.0,"enemies":"Donu and Deca","floor":50.0,"turns":13.0},{"damage":17,"enemies":"Awakened One","floor":51,"turns":10}],"seed_played":"-7722119098022014029","potions_obtained":[{"floor":1.0,"key":"Block Potion"},{"floor":8.0,"key":"DistilledChaos"},{"floor":20.0,"key":"Strength Potion"},{"floor":29.0,"key":"BlessingOfTheForge"},{"floor":31.0,"key":"Strength Potion"},{"floor":33.0,"key":"DuplicationPotion"},{"floor":36.0,"key":"Ancient Potion"},{"floor":37.0,"key":"FairyPotion"},{"floor":46.0,"key":"EssenceOfSteel"},{"floor":47.0,"key":"Swift Potion"},{"floor":48.0,"key":"LiquidBronze"}],"is_trial":false,"path_per_floor":["M","?","M","M","?","R","T","M","T","E","R","?","R","?","R","B",null,"M","T","M","?","M","R","E","R","T","$","?","M","M","M","R","B",null,"M","?","M","?","M","R","E","?","T","R","$","M","M","M","R","B","B",null],"character_chosen":"THE_SILENT","items_purchased":["Accuracy","Bottled Flame","TheAbacus"],"campfire_rested":1,"item_purchase_floors":[27,45,45],"current_hp_per_floor":[55,55,52,49,49,49,49,49,49,34,34,34,34,34,34,34,58,55,55,45,45,45,45,39,39,39,39,39,39,39,39,58,66,66,66,66,66,66,66,66,66,63,63,63,60,60,60,60,60,9,7],"gold":95,"neow_bonus":"RANDOM_COLORLESS_2","is_daily":false,"chose_seed":false,"campfire_upgraded":9,"win_rate":0.0,"timestamp":1609435019,"path_taken":["M","?","M","M","?","R","?","M","T","E","R","?","R","?","R","BOSS","M","?","M","?","M","R","E","R","T","$","?","M","?","M","R","BOSS","M","?","M","?","M","R","E","?","T","R","$","M","M","M","R","BOSS","BOSS"],"items_purchased_type":["Card","Relic","Relic"],"build_version":"2020-12-22","purchased_purges":2,"victory":true,"max_hp_per_floor":[66,66,66,66,66,66,66,66,66,66,66,66,66,66,66,66,66,66,66,66,66,66,66,66,66,66,66,66,66,66,66,66,66,66,66,66,66,66,66,66,66,63,63,63,60,60,60,60,60,60,60],"relic_stats":{"TheAbacus":[18],"counters":[25,106],"Dead Branch":[219],"Turnip":[0],"Bag of Preparation":[30],"Orichalcum":[24],"Question Card":16,"obtain_stats":[{"Potion Belt":43,"Dead Branch":9,"Oddly Smooth Stone":10,"Thread and Needle":36,"Bag of Preparation":26,"Orichalcum":17,"Paper Crane":19,"Question Card":19,"White Beast Statue":41,"Calling Bell":17,"Du-Vu Doll":17,"Anchor":7,"Bottled Flame":45,"Matryoshka":17,"TheAbacus":45,"WristBlade":34,"Turnip":38,"FossilizedHelix":24,"Toy Ornithopter":26,"Ring of the Snake":0},{"Potion Belt":20,"Dead Branch":4,"Oddly Smooth Stone":5,"Thread and Needle":16,"Bag of Preparation":10,"Orichalcum":6,"Paper Crane":7,"Question Card":7,"White Beast Statue":20,"Calling Bell":6,"Du-Vu Doll":6,"Anchor":3,"Bottled Flame":20,"Matryoshka":6,"TheAbacus":20,"WristBlade":14,"Turnip":18,"FossilizedHelix":10,"Toy Ornithopter":10,"Ring of the Snake":0},{"Potion Belt":73,"Dead Branch":15,"Oddly Smooth Stone":19,"Thread and Needle":57,"Bag of Preparation":36,"Orichalcum":23,"Paper Crane":26,"Question Card":26,"White Beast Statue":73,"Calling Bell":23,"Du-Vu Doll":23,"Anchor":12,"Bottled Flame":73,"Matryoshka":23,"TheAbacus":73,"WristBlade":51,"Turnip":62,"FossilizedHelix":36,"Toy Ornithopter":36,"Ring of the Snake":0}],"Toy Ornithopter":23,"Ring of the Snake":[50]},"card_choices":[{"not_picked":["Secret Weapon","Thinking Ahead"],"picked":"Sadistic Nature","floor":0.0},{"not_picked":["Reflex","Skewer"],"picked":"Quick Slash","floor":1.0},{"not_picked":["Slice","Blur"],"picked":"Blade Dance","floor":3.0},{"not_picked":["PiercingWail","Predator"],"picked":"Sucker Punch","floor":4.0},{"not_picked":["Endless Agony","PiercingWail"],"picked":"Heel Hook","floor":8.0},{"not_picked":["Quick Slash","Bane"],"picked":"Heel Hook","floor":10.0},{"not_picked":["Grand Finale","Bullet Time"],"picked":"Adrenaline","floor":16.0},{"not_picked":["Dagger Spray","Deadly Poison"],"picked":"Adrenaline","floor":18.0},{"not_picked":["Bane","Backstab","Acrobatics+1"],"picked":"All Out Attack","floor":20.0},{"not_picked":["Outmaneuver","Predator","Bouncing Flask"],"picked":"Escape Plan+1","floor":22.0},{"not_picked":["PiercingWail+1","Dodge and Roll","Doppelganger"],"picked":"Terror+1","floor":24.0},{"not_picked":["Calculated Gamble","PiercingWail","Deadly Poison"],"picked":"Noxious Fumes","floor":29.0},{"not_picked":["Slice","Deflect","Acrobatics+1","PiercingWail"],"picked":"SKIP","floor":30.0},{"not_picked":["Blade Dance","Dodge and Roll","Flying Knee"],"picked":"Escape Plan","floor":31.0},{"not_picked":["Eviscerate","Terror","Distraction+1","Slice+1"],"picked":"SKIP","floor":35.0},{"not_picked":["Catalyst","Distraction+1","Dagger Spray"],"picked":"All Out Attack+1","floor":36.0},{"not_picked":["Deadly Poison","Blur","Distraction+1"],"picked":"Concentrate+1","floor":37.0},{"not_picked":["Prepared+1","Dodge and Roll+1","Sucker Punch"],"picked":"Well Laid Plans+1","floor":38.0},{"not_picked":["Blade Dance","Skewer","Choke+1","Endless Agony"],"picked":"SKIP","floor":39.0},{"not_picked":["Choke","Flying Knee","Poisoned Stab+1"],"picked":"After Image","floor":41.0},{"not_picked":["Distraction","Prepared","Deadly Poison"],"picked":"Backstab+1","floor":46.0},{"not_picked":["Reflex","Quick Slash","Deflect","Skewer"],"picked":"SKIP","floor":47.0},{"not_picked":["Dagger Throw+1","Noxious Fumes","Concentrate+1","Deadly Poison"],"picked":"SKIP","floor":48.0}],"player_experience":691351,"relics_obtained":[{"floor":7.0,"key":"Anchor"},{"floor":9.0,"key":"Dead Branch"},{"floor":10.0,"key":"Oddly Smooth Stone"},{"floor":17.0,"key":"Orichalcum"},{"floor":17.0,"key":"Matryoshka"},{"floor":17.0,"key":"Du-Vu Doll"},{"floor":19.0,"key":"Question Card"},{"floor":19.0,"key":"Paper Crane"},{"floor":24.0,"key":"FossilizedHelix"},{"floor":26.0,"key":"Bag of Preparation"},{"floor":26.0,"key":"Toy Ornithopter"},{"floor":36.0,"key":"Thread and Needle"},{"floor":38.0,"key":"Turnip"},{"floor":41.0,"key":"White Beast Statue"},{"floor":43.0,"key":"Potion Belt"}],"event_choices":[{"damage_healed":0.0,"max_hp_gain":0.0,"max_hp_loss":0.0,"gold_gain":0.0,"event_name":"Golden Idol","player_choice":"Ignored","floor":2.0,"gold_loss":0.0,"damage_taken":0.0},{"damage_healed":0.0,"max_hp_gain":0.0,"max_hp_loss":0.0,"gold_gain":0.0,"event_name":"Liars Game","player_choice":"Ignored","floor":5.0,"gold_loss":0.0,"damage_taken":0.0},{"damage_healed":0.0,"max_hp_gain":0.0,"max_hp_loss":0.0,"gold_gain":60.0,"event_name":"Golden Wing","player_choice":"Gained Gold","floor":12.0,"gold_loss":0.0,"damage_taken":0.0},{"damage_healed":0.0,"max_hp_gain":0.0,"max_hp_loss":0.0,"gold_gain":0.0,"event_name":"The Woman in Blue","player_choice":"Bought 1 Potion","floor":14.0,"gold_loss":0.0,"damage_taken":0.0},{"damage_healed":0.0,"max_hp_gain":0.0,"max_hp_loss":0.0,"gold_gain":0.0,"event_name":"Ghosts","player_choice":"Ignored","floor":21.0,"gold_loss":0.0,"damage_taken":0.0},{"damage_healed":0.0,"max_hp_gain":0.0,"max_hp_loss":0.0,"gold_gain":0.0,"event_name":"Back to Basics","player_choice":"Simplicity","floor":28.0,"gold_loss":0.0,"damage_taken":0.0,"cards_upgraded":["Strike_G","Strike_G","Strike_G","Strike_G","Defend_G","Defend_G","Defend_G","Defend_G","Defend_G"]},{"damage_healed":0.0,"max_hp_gain":0.0,"max_hp_loss":0.0,"gold_gain":0.0,"event_name":"MindBloom","player_choice":"Fight","floor":36.0,"gold_loss":0.0,"damage_taken":0.0},{"damage_healed":0.0,"max_hp_gain":0.0,"max_hp_loss":0.0,"gold_gain":0.0,"event_name":"Mysterious Sphere","player_choice":"Fight","floor":38.0,"gold_loss":0.0,"damage_taken":0.0},{"damage_healed":0.0,"max_hp_gain":0.0,"max_hp_loss":3.0,"gold_gain":0.0,"event_name":"Winding Halls","player_choice":"Max HP","floor":42.0,"gold_loss":0.0,"damage_taken":0.0}],"is_beta":false,"boss_relics":[{"not_picked":["Fusion Hammer","Cursed Key"],"picked":"Calling Bell"},{"not_picked":["Velvet Choker","SacredBark"],"picked":"WristBlade"}],"items_purged_floors":[27,45],"is_endless":false,"potions_floor_spawned":[1,8,20,29,31,33,36,37,38,41,46,47,48],"ascension_level":20}}