{"host":"qgrlfjrqk9z96gfi","time":1609397953,"event":{"mods":["BaseMod","Block Reminder","Colored Map","DeckTracker","Minty Spire (QoL Compilation)"],"gold_per_floor":[113,113,57,73,23,57,57,81,81,106,142,162,235,200,200,296,296,311,113,113,113,96,96,96,96],"floor_reached":24,"playtime":811,"items_purged":["Strike_G"],"score":483,"play_id":"af06e96d-352b-4b5d-a8cc-8a155696614a","local_time":"20201230205913","is_ascension_mode":true,"campfire_choices":[{"data":"Noxious Fumes","floor":7,"key":"SMITH"},{"data":"Leg Sweep","floor":15,"key":"SMITH"},{"floor":23,"key":"REST"}],"circlet_count":0,"master_deck":["AscendersBane","Defend_G","Defend_G","Defend_G","Defend_G","Defend_G","Survivor","Neutralize","Bane","Deadly Poison","Blade Dance","Slice","Noxious Fumes+1","Leg Sweep+1","Predator","Cloak And Dagger","A Thousand Cuts","CurseOfTheBell","Slice","Predator","Unload","Bite","Bite","Bite","Bite","Bite"],"relics":["Ring of the Snake","NeowsBlessing","Golden Idol","TungstenRod","Matryoshka","White Beast Statue","Calling Bell","Bag of Preparation","The Courier","Peace Pipe","Snake Skull"],"acts_visited":["Exordium","TheCity"],"potions_floor_usage":[11,11,16,24,24],"damage_taken":[{"damage":0,"enemies":"Small Slimes","floor":1,"turns":1},{"damage":0,"enemies":"2 Louse","floor":4,"turns":1},{"damage":0,"enemies":"3 Sentries","floor":6,"turns":1},{"damage":0,"enemies":"Jaw Worm","floor":8,"turns":4},{"damage":13,"enemies":"Exordium Wildlife","floor":10,"turns":5},{"damage":7,"enemies":"Gremlin Nob","floor":11,"turns":3},{"damage":15,"enemies":"Large Slime","floor":12,"turns":5},{"damage":11,"enemies":"The Guardian","floor":16,"turns":10},{"damage":6,"enemies":"3 Byrds","floor":18,"turns":4},{"damage":26,"enemies":"2 Thieves","floor":22,"turns":4},{"damage":36,"enemies":"Book of Stabbing","floor":24,"turns":5}],"seed_played":"-2471496974011660674","potions_obtained":[{"floor":4,"key":"SteroidPotion"},{"floor":6,"key":"Poison Potion"},{"floor":12,"key":"Strength Potion"},{"floor":16,"key":"EssenceOfSteel"},{"floor":18,"key":"Ancient Potion"},{"floor":22,"key":"DistilledChaos"}],"is_trial":false,"path_per_floor":["M","?","$","M","$","E","R","M","T","M","E","M","?","?","R","B",null,"M","$","?","?","M","R","E"],"character_chosen":"THE_SILENT","items_purchased":["Deadly Poison","Slice","Snake Skull"],"campfire_rested":1,"item_purchase_floors":[3,5,19],"current_hp_per_floor":[59,59,59,59,59,59,59,59,59,46,39,24,24,39,39,28,52,46,46,46,42,20,32,0,0],"gold":96,"neow_bonus":"THREE_ENEMY_KILL","is_daily":false,"chose_seed":false,"campfire_upgraded":2,"win_rate":0.0,"timestamp":1609397953,"path_taken":["M","?","$","M","$","E","R","M","T","M","E","M","?","?","R","BOSS","M","$","?","?","M","R","E"],"items_purchased_type":["Card","Card","Relic"],"build_version":"2020-12-22","purchased_purges":1,"victory":false,"max_hp_per_floor":[66,60,60,60,60,60,60,60,60,60,60,60,60,60,60,60,60,60,60,60,42,42,42,42,42],"card_choices":[{"not_picked":["Acrobatics","Deflect"],"picked":"Bane","floor":1},{"not_picked":["Deflect","Backstab"],"picked":"Blade Dance","floor":4},{"not_picked":["After Image","Skewer"],"picked":"Noxious Fumes","floor":6},{"not_picked":["Dagger Throw","Bane"],"picked":"Leg Sweep","floor":8},{"not_picked":["Prepared","Sucker Punch"],"picked":"Predator","floor":10},{"not_picked":["Reflex","Quick Slash","Expertise"],"picked":"SKIP","floor":11},{"not_picked":["Deadly Poison","Blade Dance"],"picked":"Cloak And Dagger","floor":12},{"not_picked":["Phantasmal Killer","Envenom"],"picked":"A Thousand Cuts","floor":16},{"not_picked":["Flying Knee","Outmaneuver"],"picked":"Slice","floor":18},{"not_picked":["Concentrate","Slice","Outmaneuver"],"picked":"SKIP","floor":22}],"player_experience":947355,"relics_obtained":[{"floor":6,"key":"TungstenRod"},{"floor":9,"key":"Matryoshka"},{"floor":11,"key":"White Beast Statue"},{"floor":17,"key":"Bag of Preparation"},{"floor":17,"key":"The Courier"},{"floor":17,"key":"Peace Pipe"}],"event_choices":[{"damage_healed":0,"gold_gain":0,"player_choice":"Lose Max HP","damage_taken":0,"relics_obtained":["Golden Idol"],"max_hp_gain":0,"max_hp_loss":6,"event_name":"Golden Idol","floor":2,"gold_loss":0},{"damage_healed":0,"gold_gain":73,"player_choice":"Gained Gold","damage_taken":0,"max_hp_gain":0,"max_hp_loss":0,"event_name":"Golden Wing","floor":13,"gold_loss":0},{"damage_healed":15,"gold_gain":0,"player_choice":"Healed","damage_taken":0,"max_hp_gain":0,"max_hp_loss":0,"event_name":"The Cleric","floor":14,"gold_loss":35},{"damage_healed":0,"gold_gain":0,"cards_transformed":["Strike_G","Strike_G"],"player_choice":"Became Test Subject","damage_taken":0,"max_hp_gain":0,"max_hp_loss":0,"event_name":"Drug Dealer","floor":20,"gold_loss":0,"cards_obtained":["Predator","Unload"]},{"damage_healed":0,"gold_gain":0,"player_choice":"Became a vampire","damage_taken":0,"max_hp_gain":0,"max_hp_loss":18,"event_name":"Vampires","floor":21,"gold_loss":0,"cards_obtained":["Bite","Bite","Bite","Bite","Bite"]}],"is_beta":false,"boss_relics":[{"not_picked":["Ring of the Serpent","Busted Crown"],"picked":"Calling Bell"}],"items_purged_floors":[19],"is_endless":false,"potions_floor_spawned":[4,6,12,16,18,22],"killed_by":"Book of Stabbing","ascension_level":20}}