{"host":"gzsdmyo07u314vug","time":1609398191,"event":{"mods":["2.2 Compatiblity","BaseMod","Downfall","GifTheSpireLib","Minty Spire (QoL Compilation)","Quick Restart","Rare Cards Sparkle","Relic Stats","Replay The Spire","Shop Mod","StSLib","The Bug Knight","The Construct","The Elementalist","The Servant 0.9.4","Unceasing Turn Reminder","everything is the same but u backflip on backflip","slay the spire mod where everything is the same but ironclad has a cowboy hat","vexMod"],"gold_per_floor":[99,117,109,189,207,219,219,245,245,271,271,28,28,55,72,176,176,176,176,176,194,219,243,321,353,47,66,66,76,76,107,132,233,233,233,252,227,239,256,256,256,284,310,310,327,327,354,373,406,416],"floor_reached":51,"playtime":4209,"items_purged":[],"score":952,"play_id":"515b3aab-bef9-436c-b6a3-3353d547d22c","local_time":"20201231040311","is_ascension_mode":false,"campfire_choices":[{"data":"hexamod:Sear","floor":1,"key":"SMITH"},{"floor":9,"key":"REST"},{"floor":11,"key":"REST"},{"floor":13,"key":"REST"},{"data":"Delirium","floor":18,"key":"PURGE"},{"floor":28,"key":"RECALL"},{"floor":30,"key":"REST"},{"floor":35,"key":"REST"},{"floor":40,"key":"REST"}],"circlet_count":0,"master_deck":["hexamod:Strike+1","hexamod:Strike","hexamod:Strike+1","hexamod:Strike","hexamod:Defend","hexamod:Defend+1","hexamod:Defend+1","hexamod:Defend+1","hexamod:Sear+1","hexamod:Float+1","hexamod:AdvancingGuard+1","hexamod:Hexaguard+1","hexamod:StepThrough","hexamod:Rewind+1","hexamod:AdvancingGuard+1","hexamod:GhostflameInferno+1","Flash of Steel+1","hexamod:StepThrough+1","hexamod:SkipABeat+1","hexamod:EmpoweredFlame+1","hexamod:CatchUp","hexamod:GhostflameInferno","hexamod:FastForward","hexamod:HexaLevel","hexamod:GhostOfSpireFuture","hexamod:SkipABeat","hexamod:CrushingStance","hexamod:PhantomFireball","hexamod:ShieldOfDarkness","hexamod:WildfireWeapon","hexamod:GhostflameInferno","hexamod:FastForward","hexamod:SwordOfDarkness+1","hexamod:StepThrough"],"relics":["hexamod:SpiritBrand","Replay:Bottled Steam","Ancient Tea Set","HollowMod:JonisBlessing","hexamod:TheBrokenSeal","Fusion Hammer","hexamod:InflammatoryLetter","vexMod:HeadHunter","Lee\u0027s Waffle","vexMod:Dragonfruit","hexamod:TheBrokenSeal","Painkiller Herb","Replay:Bandana"],"acts_visited":["Exordium","TheCity","TheBeyond"],"potions_floor_usage":[6,10,20,23,25,31,31],"damage_taken":[{"damage":8,"enemies":"Small Slimes","floor":2,"turns":5},{"damage":11,"enemies":"2 Louse","floor":5,"turns":4},{"damage":11,"enemies":"Cultist","floor":6,"turns":7},{"damage":18,"enemies":"2 Fungi Beasts","floor":8,"turns":6},{"damage":42,"enemies":"Gremlin Nob","floor":10,"turns":6},{"damage":3,"enemies":"downfall:FleeingMerchant","floor":12,"turns":4},{"damage":0,"enemies":"Large Slime","floor":14,"turns":8},{"damage":0,"enemies":"Blue Slaver","floor":15,"turns":3},{"damage":0,"enemies":"downfall:Watcher","floor":16,"turns":10},{"damage":0,"enemies":"Spheric Guardian","floor":20,"turns":4},{"damage":0,"enemies":"Chosen","floor":21,"turns":3},{"damage":8,"enemies":"3 Cultists","floor":22,"turns":7},{"damage":0,"enemies":"Snake Plant","floor":23,"turns":3},{"damage":47,"enemies":"Gremlin Leader","floor":25,"turns":9},{"damage":0,"enemies":"downfall:FleeingMerchant","floor":26,"turns":4},{"damage":0,"enemies":"Centurion and Healer","floor":27,"turns":6},{"damage":0,"enemies":"Shelled Parasite and Fungi","floor":29,"turns":4},{"damage":9,"enemies":"Slavers","floor":31,"turns":5},{"damage":0,"enemies":"Snake Plant","floor":32,"turns":5},{"damage":0,"enemies":"downfall:Ironclad","floor":33,"turns":7},{"damage":4,"enemies":"3 Shapes","floor":36,"turns":4},{"damage":0,"enemies":"3 Darklings","floor":38,"turns":5},{"damage":9,"enemies":"Jaw Worm Horde","floor":39,"turns":3},{"damage":0,"enemies":"Giant Head","floor":42,"turns":7},{"damage":0,"enemies":"Sphere and 2 Shapes","floor":43,"turns":3},{"damage":0,"enemies":"Jaw Worm Horde","floor":45,"turns":4},{"damage":0,"enemies":"Writhing Mass","floor":47,"turns":3},{"damage":0,"enemies":"Sphere and 2 Shapes","floor":48,"turns":3},{"damage":0,"enemies":"Maw","floor":49,"turns":5},{"damage":0,"enemies":"downfall:Defect","floor":50,"turns":5}],"seed_played":"8726188911148893808","potions_obtained":[{"floor":5,"key":"Swift Potion"},{"floor":8,"key":"DuplicationPotion"},{"floor":8,"key":"Elixir"},{"floor":10,"key":"champ:CounterPotion"},{"floor":12,"key":"Venom Potion"},{"floor":16,"key":"Fruit Juice"},{"floor":21,"key":"Energy Potion"},{"floor":21,"key":"SkillPotion"},{"floor":23,"key":"SteroidPotion"},{"floor":23,"key":"BlessingOfTheForge"},{"floor":25,"key":"Block Potion"},{"floor":27,"key":"Weak Potion"},{"floor":27,"key":"hexamod:DoubleChargePotion"},{"floor":31,"key":"Reflective Coating"},{"floor":33,"key":"Guardian:BlockOnCardUsePotion"},{"floor":38,"key":"Flashbang"}],"is_trial":false,"path_per_floor":["R","M","?","?","M","M","T","M","R","E","R","$","R","M","M","B",null,"R","?","M","M","M","M","T","E","$","M","R","M","R","E","M","B",null,"T","?","?","?","?","T","T","E","?","?","?","?","?","?","?","B",null],"character_chosen":"THE_SPIRIT","items_purchased":["hexamod:ThirdSeal","HollowMod:JonisBlessing","hexamod:HexaLevel","Lee\u0027s Waffle"],"campfire_rested":6,"item_purchase_floors":[12,12,26,26],"current_hp_per_floor":[70,62,62,62,58,54,54,43,64,22,43,47,68,68,68,68,80,80,80,80,80,72,72,72,25,92,92,92,92,92,88,88,88,107,107,103,103,103,94,107,107,107,107,107,107,107,107,107,107,107],"gold":416,"neow_bonus":"ONE_RANDOM_RARE_CARD","is_daily":false,"chose_seed":false,"campfire_upgraded":1,"win_rate":0.0,"timestamp":1609398191,"path_taken":["R","M","?","?","M","M","T","M","R","E","R","$","R","M","M","BOSS","R","?","M","M","M","M","T","E","$","M","R","M","R","E","M","BOSS","T","?","?","?","?","T","T","E","?","?","?","?","?","?","?","BOSS"],"items_purchased_type":["Card","Relic","Card","Relic"],"build_version":"2020-12-22","purchased_purges":0,"victory":true,"max_hp_per_floor":[70,70,70,70,70,70,70,70,70,70,70,70,70,80,80,80,80,80,80,85,85,85,85,85,85,92,92,92,92,92,97,107,107,107,107,107,107,107,107,107,107,107,107,107,107,107,107,107,107,107],"relic_stats":{"Lee\u0027s Waffle":67,"counters":[30,152],"obtain_stats":[{"vexMod:Dragonfruit":31,"Lee\u0027s Waffle":26,"Replay:Bandana":42,"vexMod:HeadHunter":25,"HollowMod:JonisBlessing":12,"hexamod:TheBrokenSeal":14,"Painkiller Herb":34,"Fusion Hammer":17,"hexamod:InflammatoryLetter":24,"Ancient Tea Set":10,"hexamod:SpiritBrand":0,"Replay:Bottled Steam":7},{"vexMod:Dragonfruit":18,"Lee\u0027s Waffle":15,"Replay:Bandana":24,"vexMod:HeadHunter":14,"HollowMod:JonisBlessing":6,"hexamod:TheBrokenSeal":7,"Painkiller Herb":20,"Fusion Hammer":9,"hexamod:InflammatoryLetter":13,"Ancient Tea Set":5,"hexamod:SpiritBrand":0,"Replay:Bottled Steam":3},{"vexMod:Dragonfruit":98,"Lee\u0027s Waffle":83,"Replay:Bandana":129,"vexMod:HeadHunter":79,"HollowMod:JonisBlessing":32,"hexamod:TheBrokenSeal":37,"Painkiller Herb":110,"Fusion Hammer":53,"hexamod:InflammatoryLetter":70,"Ancient Tea Set":28,"hexamod:SpiritBrand":0,"Replay:Bottled Steam":16}]},"card_choices":[{"not_picked":["hexamod:ThirdSeal","hexamod:SecondSeal"],"picked":"hexamod:FirstSeal","floor":2},{"not_picked":["hexamod:Firestarter","hexamod:NightmareStrike"],"picked":"hexamod:FourthSeal","floor":2},{"not_picked":["hexamod:ThirdSeal","hexamod:SecondSeal"],"picked":"hexamod:SixthSeal","floor":5},{"not_picked":["hexamod:BacktrackSmack","hexamod:Firestarter"],"picked":"hexamod:AdvancingGuard","floor":5},{"not_picked":["hexamod:AdvancingGuard","hexamod:Again"],"picked":"hexamod:Hexaguard","floor":6},{"not_picked":["hexamod:FourthSeal","hexamod:SixthSeal","hexamod:SecondSeal"],"picked":"SKIP","floor":6},{"not_picked":["hexamod:NecessarySacrifice","hexamod:SecondSeal"],"picked":"hexamod:StepThrough","floor":8},{"not_picked":["hexamod:SixthSeal","hexamod:FirstSeal"],"picked":"hexamod:ThirdSeal","floor":10},{"not_picked":["hexamod:SpectersWail","hexamod:NightmareStrike"],"picked":"hexamod:Rewind","floor":10},{"not_picked":["hexamod:InspiringFlames","hexamod:HeatShield"],"picked":"hexamod:FourthSeal","floor":12},{"not_picked":["hexamod:ThirdSeal","hexamod:FourthSeal"],"picked":"hexamod:FirstSeal","floor":12},{"not_picked":["hexamod:FourthSeal","hexamod:GhostOfSpirePresent","hexamod:ExtraCrispy"],"picked":"SKIP","floor":12},{"not_picked":["hexamod:GhostLash","hexamod:ParanormalForm"],"picked":"hexamod:AdvancingGuard","floor":14},{"not_picked":["hexamod:RainOfEmbers","hexamod:NightmareStrike","hexamod:BacktrackSmack"],"picked":"SKIP","floor":15},{"not_picked":["hexamod:HeatShield","hexamod:GhostLash","hexamod:GhostOfSpirePresent"],"picked":"SKIP","floor":15},{"not_picked":["hexamod:EmpoweringStance","hexamod:UnleashSpirits"],"picked":"hexamod:GhostflameInferno","floor":16},{"not_picked":["hexamod:EmpoweringStance","hexamod:TurnItUp"],"picked":"hexamod:SixthSeal","floor":16},{"not_picked":["hexamod:GhostOfSpirePresent","hexamod:FirstSeal"],"picked":"hexamod:SecondSeal","floor":20},{"not_picked":["hexamod:FourthSeal","hexamod:HauntingEcho"],"picked":"hexamod:StepThrough","floor":20},{"not_picked":["hexamod:RainOfEmbers","hexamod:GhostLash","hexamod:HeatCrush"],"picked":"SKIP","floor":21},{"not_picked":["hexamod:ExtraCrispy","hexamod:NightmareGuise","hexamod:RetreatToShadows"],"picked":"SKIP","floor":21},{"not_picked":["hexamod:NightmareStrike+1","hexamod:ThermalTransfer","hexamod:NightmareGuise"],"picked":"SKIP","floor":22},{"not_picked":["hexamod:TimeOfNeed","hexamod:SpectersWail","hexamod:ThirdSeal"],"picked":"SKIP","floor":22},{"not_picked":["hexamod:HauntingEcho+1","hexamod:ShieldOfDarkness"],"picked":"hexamod:SkipABeat","floor":23},{"not_picked":["hexamod:EtherealExpedition","hexamod:BurningTouch+1"],"picked":"hexamod:EmpoweredFlame+1","floor":23},{"not_picked":["hexamod:RainOfEmbers","hexamod:BacktrackSmack"],"picked":"hexamod:CatchUp","floor":25},{"not_picked":["hexamod:SwordOfDarkness","hexamod:HeatCrush","hexamod:AdvancingGuard+1"],"picked":"SKIP","floor":25},{"not_picked":["hexamod:RainOfEmbers","hexamod:Again"],"picked":"hexamod:GhostflameInferno","floor":26},{"not_picked":["hexamod:HeatMetal","hexamod:RainOfEmbers"],"picked":"hexamod:FastForward","floor":26},{"not_picked":["hexamod:SwordOfDarkness","hexamod:Firestarter+1"],"picked":"hexamod:GhostOfSpireFuture","floor":27},{"not_picked":["hexamod:SwordOfDarkness","hexamod:ThermalTransfer","hexamod:ShieldOfDarkness"],"picked":"SKIP","floor":27},{"not_picked":["hexamod:BurningTouch+1","hexamod:RainOfEmbers"],"picked":"hexamod:SkipABeat","floor":29},{"not_picked":["hexamod:RainOfEmbers","hexamod:InspiringFlames+1","hexamod:ChargedBarrage"],"picked":"SKIP","floor":29},{"not_picked":["hexamod:ApocalypticArmor","hexamod:TimeOfNeed"],"picked":"hexamod:FifthSeal","floor":31},{"not_picked":["hexamod:UnleashSpirits","hexamod:SecondSeal","hexamod:GhostOfSpirePresent"],"picked":"SKIP","floor":31},{"not_picked":["hexamod:GhostShield","hexamod:InspiringFlames+1","hexamod:BurningTouch"],"picked":"SKIP","floor":32},{"not_picked":["hexamod:GhostLash","hexamod:NightmareGuise+1","hexamod:BurningTouch+1"],"picked":"SKIP","floor":32},{"not_picked":["hexamod:UnleashSpirits","hexamod:TimeOfNeed"],"picked":"hexamod:CrushingStance","floor":33},{"not_picked":["hexamod:Firestarter","hexamod:AdvancingGuard+1"],"picked":"hexamod:PhantomFireball","floor":36},{"not_picked":["hexamod:Firestarter","hexamod:EmpoweredFlame+1"],"picked":"hexamod:ShieldOfDarkness","floor":38},{"not_picked":["hexamod:AdvancingGuard","hexamod:NightmareGuise","hexamod:SecondSeal"],"picked":"SKIP","floor":39},{"not_picked":["hexamod:TimeOfNeed","hexamod:ParanormalForm"],"picked":"hexamod:WildfireWeapon","floor":42},{"not_picked":["hexamod:GhostLash","hexamod:HauntingEcho+1"],"picked":"hexamod:GhostflameInferno","floor":42},{"not_picked":["hexamod:SwordOfDarkness","hexamod:ThermalTransfer"],"picked":"hexamod:FastForward","floor":43},{"not_picked":["hexamod:GhostOfSpirePresent","hexamod:NightmareGuise","hexamod:ThermalTransfer+1"],"picked":"SKIP","floor":45},{"not_picked":["hexamod:EtherealExpedition","hexamod:AdvancingGuard+1","hexamod:SwordOfDarkness+1"],"picked":"SKIP","floor":47},{"not_picked":["hexamod:EtherealExpedition","hexamod:AdvancingGuard+1"],"picked":"hexamod:SwordOfDarkness+1","floor":47},{"not_picked":["hexamod:SpectersWail","hexamod:ParanormalForm"],"picked":"hexamod:StepThrough","floor":48},{"not_picked":["hexamod:BacktrackSmack","hexamod:FirstSeal","hexamod:ThermalTransfer+1"],"picked":"SKIP","floor":49}],"player_experience":614840,"relics_obtained":[{"floor":7,"key":"Replay:Bottled Steam"},{"floor":10,"key":"Ancient Tea Set"},{"floor":24,"key":"hexamod:InflammatoryLetter"},{"floor":25,"key":"vexMod:HeadHunter"},{"floor":31,"key":"vexMod:Dragonfruit"},{"floor":42,"key":"Replay:Bandana"}],"event_choices":[],"is_beta":false,"boss_relics":[{"not_picked":["vexMod:MegatonBomb","construct:ClawGrip"],"picked":"Fusion Hammer"},{"not_picked":["ChewingGum","Coffee Dripper"],"picked":"Painkiller Herb"}],"items_purged_floors":[],"is_endless":false,"potions_floor_spawned":[2,8,15,16,21,23,27,29,33,38,39,47],"ascension_level":0}}