{"host":"w3q5ijqu8eoknil3","time":1609431306,"event":{"mods":["AchievementEnabler","BaseMod","Block Reminder","Colored Powertips","Minty Spire (QoL Compilation)","Quick Restart","Relic Stats","ojb\u0027s Better Paths Mod","ojb\u0027s Info Mod","slay the spire mod where everything is the same but ironclad has a cowboy hat"],"gold_per_floor":[109,119,119,119,134,162,162,192,246,257,257,287,71,81,81,152,152,172,192,207,220,240,240,20,20,90,90,90,90],"floor_reached":28,"playtime":975,"items_purged":["Pain"],"score":424,"play_id":"5a647390-f8a3-454a-abfb-a42be38c76b3","local_time":"20201231161506","is_ascension_mode":true,"campfire_choices":[{"data":"Crippling Poison","floor":7,"key":"SMITH"},{"data":"Predator","floor":11,"key":"SMITH"},{"data":"Venomology","floor":15,"key":"SMITH"},{"data":"Malaise","floor":23,"key":"SMITH"}],"circlet_count":0,"master_deck":["AscendersBane","Strike_G","Strike_G","Strike_G+1","Strike_G+1","Strike_G","Defend_G","Defend_G","Defend_G","Defend_G","Defend_G","Survivor","Neutralize","Flying Knee","Predator+1","Crippling Poison+1","Finisher","PiercingWail","Deadly Poison","Venomology+1","Bullet Time","Backstab","Noxious Fumes","Malaise+1","Cloak And Dagger","Riddle With Holes+1","Footwork","Dodge and Roll","Outmaneuver","Poisoned Stab","Calculated Gamble","Flechettes","Storm of Steel","Glass Knife"],"relics":["Coffee Dripper","WarpedTongs","Pear","Whetstone","Lantern","Pantograph","Philosopher\u0027s Stone","Orrery","Paper Crane"],"acts_visited":["Exordium","TheCity"],"potions_floor_usage":[6,12,12,16,16,20,21,21,22,27,28],"damage_taken":[{"damage":0,"enemies":"Small Slimes","floor":1,"turns":4},{"damage":7,"enemies":"Jaw Worm","floor":2,"turns":4},{"damage":1,"enemies":"Cultist","floor":5,"turns":3},{"damage":22,"enemies":"3 Sentries","floor":6,"turns":7},{"damage":8,"enemies":"Gremlin Nob","floor":8,"turns":4},{"damage":1,"enemies":"Exordium Wildlife","floor":10,"turns":3},{"damage":10,"enemies":"Lagavulin","floor":12,"turns":6},{"damage":0,"enemies":"2 Fungi Beasts","floor":14,"turns":2},{"damage":11,"enemies":"Slime Boss","floor":16,"turns":8},{"damage":25,"enemies":"Spheric Guardian","floor":18,"turns":4},{"damage":13,"enemies":"Chosen","floor":19,"turns":5},{"damage":11,"enemies":"Snecko","floor":20,"turns":4},{"damage":10,"enemies":"Centurion and Healer","floor":21,"turns":7},{"damage":15,"enemies":"3 Cultists","floor":22,"turns":6},{"damage":0,"enemies":"Snecko","floor":27,"turns":2},{"damage":9,"enemies":"Gremlin Leader","floor":28,"turns":1}],"seed_played":"3732020987857299065","potions_obtained":[{"floor":2,"key":"Block Potion"},{"floor":8,"key":"AttackPotion"},{"floor":10,"key":"Block Potion"},{"floor":12,"key":"LiquidBronze"},{"floor":20,"key":"Weak Potion"},{"floor":22,"key":"Poison Potion"}],"is_trial":false,"path_per_floor":["M","M","?","?","M","E","R","E","T","M","R","E","$","M","R","B",null,"M","M","M","M","M","R","$","?","T","M","E"],"character_chosen":"THE_SILENT","items_purchased":["Bullet Time","Backstab","Orrery"],"campfire_rested":0,"item_purchase_floors":[13,13,24],"current_hp_per_floor":[59,52,52,52,51,39,39,31,31,30,30,20,20,20,20,34,66,41,28,17,16,1,1,1,1,1,1,0,0],"gold":90,"neow_bonus":"BOSS_RELIC","is_daily":false,"chose_seed":false,"campfire_upgraded":4,"win_rate":0.0,"timestamp":1609431306,"path_taken":["M","M","?","?","M","E","R","E","T","?","R","E","$","M","R","BOSS","M","M","M","M","M","R","$","?","T","M","E"],"items_purchased_type":["Card","Card","Relic"],"build_version":"2020-12-22","purchased_purges":1,"victory":false,"max_hp_per_floor":[66,66,66,66,66,76,76,76,76,76,76,76,76,76,76,76,76,76,76,76,76,76,76,76,76,76,76,76,76],"relic_stats":{"counters":[16,70],"Pantograph":25,"Whetstone":["Strike_G","Strike_G"],"obtain_stats":[{"Lantern":9,"Pear":6,"Pantograph":12,"Orrery":24,"Philosopher\u0027s Stone":17,"Coffee Dripper":0,"Whetstone":8,"Paper Crane":26,"Ring of the Snake":0,"WarpedTongs":4},{"Lantern":5,"Pear":4,"Pantograph":7,"Orrery":14,"Philosopher\u0027s Stone":9,"Coffee Dripper":0,"Whetstone":5,"Paper Crane":14,"Ring of the Snake":0,"WarpedTongs":2},{"Lantern":22,"Pear":18,"Pantograph":31,"Orrery":67,"Philosopher\u0027s Stone":41,"Coffee Dripper":0,"Whetstone":22,"Paper Crane":67,"Ring of the Snake":0,"WarpedTongs":8}],"WarpedTongs":[61]},"card_choices":[{"not_picked":["Prepared","Sucker Punch"],"picked":"Flying Knee","floor":1},{"not_picked":["PiercingWail","Eviscerate"],"picked":"Predator","floor":2},{"not_picked":["Bane","Endless Agony"],"picked":"Crippling Poison","floor":5},{"not_picked":["Flying Knee","PiercingWail"],"picked":"Finisher","floor":6},{"not_picked":["Quick Slash","Sucker Punch"],"picked":"PiercingWail","floor":8},{"not_picked":["Flechettes","Bane"],"picked":"Deadly Poison","floor":10},{"not_picked":["Deadly Poison","Backflip"],"picked":"Venomology","floor":12},{"not_picked":["Cloak And Dagger","Dash"],"picked":"Noxious Fumes","floor":14},{"not_picked":["Night Terror","Doppelganger"],"picked":"Malaise","floor":16},{"not_picked":["Bane","Dagger Throw"],"picked":"Cloak And Dagger","floor":18},{"not_picked":["Underhanded Strike","PiercingWail"],"picked":"Riddle With Holes+1","floor":19},{"not_picked":["Dodge and Roll","Outmaneuver"],"picked":"Footwork","floor":20},{"not_picked":["Deflect","Bane+1"],"picked":"Dodge and Roll","floor":21},{"not_picked":["Slice","Backstab+1"],"picked":"Outmaneuver","floor":22},{"not_picked":["Accuracy","Sucker Punch+1"],"picked":"Poisoned Stab","floor":24},{"not_picked":["Sucker Punch","Storm of Steel"],"picked":"Calculated Gamble","floor":24},{"not_picked":["Tactician","Predator"],"picked":"Flechettes","floor":24},{"not_picked":["Crippling Poison","Bane"],"picked":"Storm of Steel","floor":24},{"not_picked":["Underhanded Strike","Reflex+1"],"picked":"Glass Knife","floor":24}],"player_experience":967069,"relics_obtained":[{"floor":6,"key":"Pear"},{"floor":8,"key":"Whetstone"},{"floor":9,"key":"Lantern"},{"floor":12,"key":"Pantograph"},{"floor":26,"key":"Paper Crane"}],"event_choices":[{"damage_healed":0,"gold_gain":0,"player_choice":"Leave","damage_taken":0,"max_hp_gain":0,"max_hp_loss":0,"event_name":"The Cleric","floor":3,"gold_loss":0},{"damage_healed":0,"gold_gain":0,"player_choice":"Rummage","damage_taken":0,"relics_obtained":["WarpedTongs"],"max_hp_gain":0,"max_hp_loss":0,"event_name":"Accursed Blacksmith","floor":4,"gold_loss":0,"cards_obtained":["Pain"]}],"is_beta":false,"boss_relics":[{"not_picked":["HoveringKite","Runic Dome"],"picked":"Philosopher\u0027s Stone"}],"items_purged_floors":[24],"is_endless":false,"potions_floor_spawned":[2,8,10,12,20,22],"killed_by":"Gremlin Leader","ascension_level":15}}