{"host":"qm4rv4rkpk76sbxu","time":1609427127,"event":{"mods":["BaseMod","Bestiary","Block Reminder","DeckTracker","Filter the Spire","Keyboard Shortcuts","Minty Spire (QoL Compilation)","MonsterHotkey","Potion Indicator Mod","Quick Restart","Random Character Button","Relic Stats","Slay-I","StSLib","ojb\u0027s Better Paths Mod"],"gold_per_floor":[211,229,243,261,280,315,315,315,315],"floor_reached":8,"playtime":388,"items_purged":[],"score":120,"play_id":"934afbe3-c1c3-4e32-a3e6-edf97779541c","local_time":"20201231160527","is_ascension_mode":true,"campfire_choices":[{"data":"Tools of the Trade","floor":7.0,"key":"SMITH"}],"circlet_count":0,"master_deck":["AscendersBane","Strike_G","Strike_G","Strike_G","Strike_G","Strike_G","Defend_G","Defend_G","Defend_G","Defend_G","Defend_G","Survivor","Neutralize","Blade Dance","Choke","Accuracy","Poisoned Stab","Terror","Tools of the Trade+1"],"relics":["Ring of the Snake","Happy Flower"],"acts_visited":["Exordium"],"potions_floor_usage":[8],"damage_taken":[{"damage":2.0,"enemies":"Cultist","floor":1.0,"turns":5.0},{"damage":0.0,"enemies":"Jaw Worm","floor":2.0,"turns":4.0},{"damage":2.0,"enemies":"2 Louse","floor":3.0,"turns":3.0},{"damage":28.0,"enemies":"Large Slime","floor":4.0,"turns":7.0},{"damage":0.0,"enemies":"Red Slaver","floor":5.0,"turns":5.0},{"damage":12.0,"enemies":"3 Sentries","floor":6.0,"turns":8.0},{"damage":31,"enemies":"Gremlin Nob","floor":8,"turns":3}],"seed_played":"1565770629472796493","potions_obtained":[{"floor":3.0,"key":"Swift Potion"},{"floor":4.0,"key":"DistilledChaos"}],"is_trial":false,"path_per_floor":["M","M","M","M","M","E","R","E"],"character_chosen":"THE_SILENT","items_purchased":[],"campfire_rested":0,"item_purchase_floors":[],"current_hp_per_floor":[57,57,55,27,27,15,15,0,0],"gold":315,"neow_bonus":"HUNDRED_GOLD","is_daily":false,"chose_seed":false,"campfire_upgraded":1,"win_rate":0.0,"timestamp":1609427127,"path_taken":["M","M","?","?","M","E","R","E"],"items_purchased_type":[],"build_version":"2020-12-22","purchased_purges":0,"victory":false,"max_hp_per_floor":[66,66,66,66,66,66,66,66,66],"relic_stats":{"Happy Flower":[1],"counters":[7,35],"obtain_stats":[{"Happy Flower":6,"Ring of the Snake":0},{"Happy Flower":6,"Ring of the Snake":0},{"Happy Flower":32,"Ring of the Snake":0}],"Ring of the Snake":[14]},"card_choices":[{"not_picked":["Prepared","Quick Slash"],"picked":"Blade Dance","floor":1.0},{"not_picked":["Setup","Backflip"],"picked":"Choke","floor":2.0},{"not_picked":["Caltrops","Dagger Throw"],"picked":"Accuracy","floor":3.0},{"not_picked":["Crippling Poison","Distraction"],"picked":"Poisoned Stab","floor":4.0},{"not_picked":["Deflect","Dodge and Roll"],"picked":"Terror","floor":5.0},{"not_picked":["Dagger Spray","Underhanded Strike"],"picked":"Tools of the Trade","floor":6.0}],"player_experience":1175750,"relics_obtained":[{"floor":6.0,"key":"Happy Flower"}],"event_choices":[],"is_beta":false,"boss_relics":[],"items_purged_floors":[],"is_endless":false,"potions_floor_spawned":[3,4,5],"killed_by":"Gremlin Nob","ascension_level":20}}