{"host":"9n6i2vl93jt4o42q","time":1609375379,"event":{"mods":["BaseMod","Minty Spire (QoL Compilation)","Relic Stats"],"gold_per_floor":[119,119,133,133,150,182,182,201,201,226,236,263,278,305,305,382,382,400,315,315,326,326,354,354,106,132,148,148,165,165,37,37,110,110,129,55,68,68,81,81,81,81],"floor_reached":41,"playtime":2218,"items_purged":["Strike_R","Strike_R","Strike_R"],"score":870,"play_id":"183afc6d-8c96-4ceb-9a48-34625f90f8f4","local_time":"20201231014259","is_ascension_mode":true,"campfire_choices":[{"data":"Berserk","floor":7,"key":"SMITH"},{"data":"Armaments","floor":15,"key":"SMITH"},{"data":"Fire Breathing","floor":24,"key":"SMITH"},{"data":"Burning Pact","floor":28,"key":"SMITH"},{"data":"Searing Blow","floor":30,"key":"SMITH"},{"data":"Evolve","floor":32,"key":"SMITH"},{"floor":40,"key":"REST"}],"circlet_count":0,"master_deck":["AscendersBane","Strike_R","Strike_R","Defend_R","Defend_R","Defend_R","Defend_R","Bash","Whirlwind+1","Cleave","Power Through","Berserk+1","Thunderclap","Burning Pact+1","Offering","Armaments+1","Dropkick","Clothesline","Flex","Exhume","Searing Blow+1","Necronomicurse","Battle Trance+1","Fire Breathing+1","Shrug It Off","Evolve+1","Double Tap","Spot Weakness+1","True Grit","Finesse","Dramatic Entrance"],"relics":["Burning Blood","Strawberry","Incense Burner","Du-Vu Doll","Odd Mushroom","Calipers","Akabeko","Mark of Pain","Orichalcum","Necronomicon","Mummified Hand","ClockworkSouvenir","Smiling Mask","Velvet Choker"],"acts_visited":["Exordium","TheCity","TheBeyond"],"potions_floor_usage":[12,16,33],"damage_taken":[{"damage":7,"enemies":"2 Louse","floor":1,"turns":4},{"damage":9,"enemies":"Jaw Worm","floor":3,"turns":4},{"damage":0,"enemies":"Cultist","floor":5,"turns":2},{"damage":40,"enemies":"3 Sentries","floor":6,"turns":7},{"damage":8,"enemies":"3 Louse","floor":8,"turns":2},{"damage":3,"enemies":"The Mushroom Lair","floor":10,"turns":3},{"damage":1,"enemies":"Blue Slaver","floor":11,"turns":4},{"damage":6,"enemies":"Gremlin Nob","floor":12,"turns":2},{"damage":11,"enemies":"Exordium Thugs","floor":13,"turns":3},{"damage":33,"enemies":"Hexaghost","floor":16,"turns":9},{"damage":7,"enemies":"Spheric Guardian","floor":18,"turns":4},{"damage":0,"enemies":"3 Byrds","floor":21,"turns":2},{"damage":9,"enemies":"Book of Stabbing","floor":23,"turns":3},{"damage":6,"enemies":"Centurion and Healer","floor":27,"turns":1},{"damage":0,"enemies":"Sentry and Sphere","floor":29,"turns":1},{"damage":36,"enemies":"Collector","floor":33,"turns":9},{"damage":16,"enemies":"3 Shapes","floor":35,"turns":1},{"damage":6,"enemies":"Orb Walker","floor":37,"turns":3},{"damage":47,"enemies":"Maw","floor":39,"turns":6},{"damage":36,"enemies":"Nemesis","floor":41,"turns":6}],"seed_played":"-1879574403467620589","potions_obtained":[{"floor":1,"key":"Regen Potion"},{"floor":10,"key":"SteroidPotion"},{"floor":12,"key":"GamblersBrew"},{"floor":18,"key":"BlessingOfTheForge"},{"floor":27,"key":"Block Potion"},{"floor":35,"key":"GamblersBrew"}],"is_trial":false,"path_per_floor":["M","?","M","?","M","E","R","M","T","?","M","E","M","T","R","B",null,"M","?","?","M","?","E","R","$","T","M","R","M","R","$","R","B",null,"M","$","M","?","M","R","E"],"character_chosen":"IRONCLAD","items_purchased":["ClockworkSouvenir","Evolve","True Grit"],"campfire_rested":1,"item_purchase_floors":[25,31,36],"current_hp_per_floor":[74,74,71,71,77,43,43,41,41,44,49,49,44,44,44,17,66,65,65,44,50,50,47,47,47,47,47,47,53,53,53,53,23,67,57,57,57,52,11,35,0,0],"gold":81,"neow_bonus":"RANDOM_COMMON_RELIC","is_daily":false,"chose_seed":false,"campfire_upgraded":6,"win_rate":0.0,"timestamp":1609375379,"path_taken":["M","?","M","?","?","E","R","M","T","?","M","E","M","?","R","BOSS","M","?","?","M","?","E","R","$","T","M","R","M","R","$","R","BOSS","M","$","M","?","M","R","E"],"items_purchased_type":["Relic","Card","Card"],"build_version":"2020-12-22","purchased_purges":3,"victory":false,"max_hp_per_floor":[82,82,82,82,82,82,82,82,82,82,82,82,82,82,82,82,82,82,82,82,82,82,82,82,82,82,82,82,82,82,82,82,82,82,82,82,82,82,82,82,82,82],"relic_stats":{"counters":[20,76],"Mummified Hand":[16],"Necronomicon":[17],"Orichalcum":[48],"Smiling Mask":125,"obtain_stats":[{"Calipers":12,"Velvet Choker":34,"Incense Burner":6,"Odd Mushroom":10,"Orichalcum":19,"Smiling Mask":26,"Burning Blood":0,"Akabeko":14,"ClockworkSouvenir":25,"Du-Vu Doll":9,"Mummified Hand":23,"Strawberry":0,"Mark of Pain":17,"Necronomicon":20},{"Calipers":8,"Velvet Choker":16,"Incense Burner":4,"Odd Mushroom":6,"Orichalcum":11,"Smiling Mask":13,"Burning Blood":0,"Akabeko":9,"ClockworkSouvenir":13,"Du-Vu Doll":5,"Mummified Hand":13,"Strawberry":0,"Mark of Pain":10,"Necronomicon":11},{"Calipers":28,"Velvet Choker":60,"Incense Burner":17,"Odd Mushroom":22,"Orichalcum":44,"Smiling Mask":49,"Burning Blood":0,"Akabeko":31,"ClockworkSouvenir":49,"Du-Vu Doll":19,"Mummified Hand":49,"Strawberry":0,"Mark of Pain":40,"Necronomicon":44}],"Burning Blood":114},"card_choices":[{"not_picked":["Clash","Battle Trance"],"picked":"Whirlwind","floor":1},{"not_picked":["Sword Boomerang","Rage"],"picked":"Cleave","floor":3},{"not_picked":["Shockwave","Warcry"],"picked":"Burning Pact","floor":5},{"not_picked":["Havoc","Clothesline"],"picked":"Offering","floor":6},{"not_picked":["Clothesline","Feel No Pain"],"picked":"Armaments","floor":8},{"not_picked":["Thunderclap","Blood for Blood"],"picked":"Dropkick","floor":11},{"not_picked":["Infernal Blade","Havoc"],"picked":"Clothesline","floor":12},{"not_picked":["Armaments","Power Through"],"picked":"Flex","floor":13},{"not_picked":["Demon Form","Limit Break"],"picked":"Exhume","floor":16},{"not_picked":["Pummel","Anger"],"picked":"Searing Blow","floor":18},{"not_picked":["Iron Wave+1","Anger"],"picked":"Battle Trance+1","floor":21},{"not_picked":["Battle Trance","Anger","Body Slam"],"picked":"SKIP","floor":23},{"not_picked":["Clothesline+1","Entrench"],"picked":"Shrug It Off","floor":27},{"not_picked":["Cleave","Anger","Body Slam"],"picked":"SKIP","floor":29},{"not_picked":["Demon Form","Immolate"],"picked":"Double Tap","floor":33},{"not_picked":["Iron Wave","Anger"],"picked":"Spot Weakness+1","floor":35},{"not_picked":["Bloodletting","Entrench","Combust"],"picked":"SKIP","floor":37},{"not_picked":["Madness","Jack Of All Trades"],"picked":"Finesse","floor":38},{"not_picked":["Madness","Mind Blast"],"picked":"Dramatic Entrance","floor":38},{"not_picked":["Iron Wave","Anger","Thunderclap"],"picked":"SKIP","floor":39}],"player_experience":1991904,"relics_obtained":[{"floor":6,"key":"Incense Burner"},{"floor":9,"key":"Du-Vu Doll"},{"floor":10,"key":"Odd Mushroom"},{"floor":12,"key":"Calipers"},{"floor":14,"key":"Akabeko"},{"floor":20,"key":"Necronomicon"},{"floor":23,"key":"Mummified Hand"},{"floor":26,"key":"Smiling Mask"}],"event_choices":[{"damage_healed":0,"gold_gain":0,"player_choice":"Grow","damage_taken":0,"max_hp_gain":0,"max_hp_loss":0,"event_name":"Living Wall","floor":2,"gold_loss":0,"cards_upgraded":["Whirlwind"]},{"damage_healed":0,"gold_gain":0,"player_choice":"3 cards matched","damage_taken":0,"max_hp_gain":0,"max_hp_loss":0,"event_name":"Match and Keep!","floor":4,"gold_loss":0,"cards_obtained":["Power Through","Berserk","Thunderclap"]},{"damage_healed":0,"gold_gain":0,"player_choice":"Fought Mushrooms","damage_taken":0,"max_hp_gain":0,"max_hp_loss":0,"event_name":"Mushrooms","floor":10,"gold_loss":0},{"damage_healed":0,"gold_gain":0,"player_choice":"Obtained Relic","damage_taken":0,"relics_obtained":["Orichalcum"],"max_hp_gain":0,"max_hp_loss":0,"event_name":"Addict","floor":19,"gold_loss":85},{"damage_healed":0,"gold_gain":0,"player_choice":"Obtained Book","damage_taken":21,"max_hp_gain":0,"max_hp_loss":0,"event_name":"Cursed Tome","floor":20,"gold_loss":0},{"damage_healed":0,"gold_gain":0,"player_choice":"Read","damage_taken":0,"max_hp_gain":0,"max_hp_loss":0,"event_name":"The Library","floor":22,"gold_loss":0,"cards_obtained":["Fire Breathing"]},{"damage_healed":0,"gold_gain":0,"player_choice":"Memory 2","damage_taken":5,"max_hp_gain":0,"max_hp_loss":0,"event_name":"SensoryStone","floor":38,"gold_loss":0}],"is_beta":false,"boss_relics":[{"not_picked":["Runic Dome","Calling Bell"],"picked":"Mark of Pain"},{"not_picked":["Runic Pyramid","Snecko Eye"],"picked":"Velvet Choker"}],"items_purged_floors":[25,31,36],"is_endless":false,"potions_floor_spawned":[1,10,12,18,27,29,35],"killed_by":"Nemesis","ascension_level":19}}