{"host":"yn17ruofed46ymbq","time":1609404731,"event":{"mods":["AchievementEnabler","BaseMod","Colored Map","Colored Powertips","DeckTracker","Highlight Path","Keyboard Shortcuts","Minty Spire (QoL Compilation)","Permanent Neow","Quick Restart","Rare Cards Sparkle","Relic Stats","SuperFastMode"],"gold_per_floor":[111,127,18,34,34,34,51,51,105,117,131,144,159,172,172,270,270,289,306,306,306],"floor_reached":20,"playtime":704,"items_purged":["Strike_R"],"score":232,"play_id":"e990410d-ae91-4c5d-afd7-f4ed5bd2a335","local_time":"20201231175211","is_ascension_mode":true,"campfire_choices":[{"data":"Metallicize","floor":6,"key":"SMITH"},{"data":"Shrug It Off","floor":8,"key":"SMITH"},{"data":"Fire Breathing","floor":15,"key":"SMITH"}],"circlet_count":0,"master_deck":["Strike_R","Strike_R","Strike_R","Strike_R","Defend_R","Defend_R","Defend_R","Defend_R","Bash","Cleave","Shrug It Off+1","Metallicize+1","Body Slam+1","Iron Wave","Armaments","Fire Breathing+1","Offering","Feed","Dual Wield","Clothesline+1"],"relics":["Burning Blood","Centennial Puzzle","Vajra"],"acts_visited":["Exordium","TheCity"],"potions_floor_usage":[7,16,16,16],"damage_taken":[{"damage":11,"enemies":"Cultist","floor":1,"turns":4},{"damage":0,"enemies":"Small Slimes","floor":2,"turns":3},{"damage":4,"enemies":"2 Louse","floor":4,"turns":3},{"damage":0,"enemies":"2 Fungi Beasts","floor":7,"turns":3},{"damage":4,"enemies":"Blue Slaver","floor":10,"turns":3},{"damage":0,"enemies":"Large Slime","floor":11,"turns":7},{"damage":0,"enemies":"2 Fungi Beasts","floor":12,"turns":4},{"damage":4,"enemies":"Blue Slaver","floor":13,"turns":4},{"damage":5,"enemies":"Exordium Thugs","floor":14,"turns":6},{"damage":27,"enemies":"Hexaghost","floor":16,"turns":10},{"damage":27,"enemies":"Shell Parasite","floor":18,"turns":10},{"damage":28,"enemies":"Chosen","floor":19,"turns":6},{"damage":33,"enemies":"Snake Plant","floor":20,"turns":5}],"seed_played":"1377309179203546860","potions_obtained":[{"floor":1,"key":"Explosive Potion"},{"floor":7,"key":"EssenceOfSteel"},{"floor":11,"key":"Energy Potion"},{"floor":14,"key":"Fire Potion"}],"is_trial":false,"path_per_floor":["M","M","$","M","?","R","M","R","T","M","M","M","M","M","R","B",null,"M","M","M"],"character_chosen":"IRONCLAD","items_purchased":["Metallicize"],"campfire_rested":0,"item_purchase_floors":[3],"current_hp_per_floor":[67,73,73,75,75,75,80,80,80,80,80,80,80,80,80,59,75,54,32,0,0],"gold":306,"neow_bonus":"RANDOM_COMMON_RELIC","is_daily":false,"chose_seed":false,"campfire_upgraded":3,"win_rate":0.0,"timestamp":1609404731,"path_taken":["M","M","$","M","?","R","M","R","T","M","M","M","?","M","R","BOSS","M","M","M"],"items_purchased_type":["Card"],"build_version":"2020-12-22","purchased_purges":1,"victory":false,"max_hp_per_floor":[80,80,80,80,80,80,80,80,80,80,80,80,80,80,80,80,80,80,80,80,80],"relic_stats":{"Centennial Puzzle":[27],"counters":[13,68],"obtain_stats":[{"Centennial Puzzle":0,"Vajra":9,"Burning Blood":0},{"Centennial Puzzle":0,"Vajra":4,"Burning Blood":0},{"Centennial Puzzle":0,"Vajra":13,"Burning Blood":0}],"Burning Blood":54},"card_choices":[{"not_picked":["Armaments","Intimidate"],"picked":"Cleave","floor":1},{"not_picked":["Shockwave","Twin Strike"],"picked":"Shrug It Off","floor":2},{"not_picked":["Clothesline","Pommel Strike"],"picked":"Body Slam","floor":4},{"not_picked":["Perfected Strike","Shockwave"],"picked":"Iron Wave","floor":7},{"not_picked":["Blood for Blood","Corruption"],"picked":"Armaments","floor":10},{"not_picked":["Seeing Red","Wild Strike"],"picked":"Fire Breathing","floor":11},{"not_picked":["Havoc","Sword Boomerang","Twin Strike"],"picked":"SKIP","floor":12},{"not_picked":["Perfected Strike","Pommel Strike","Cleave"],"picked":"SKIP","floor":13},{"not_picked":["Headbutt","Warcry"],"picked":"Offering","floor":14},{"not_picked":["Fiend Fire","Reaper"],"picked":"Feed","floor":16},{"not_picked":["Perfected Strike","Thunderclap+1"],"picked":"Dual Wield","floor":18},{"not_picked":["Sword Boomerang","Twin Strike"],"picked":"Clothesline+1","floor":19}],"player_experience":438824,"relics_obtained":[{"floor":9,"key":"Vajra"}],"event_choices":[{"damage_healed":0,"gold_gain":0,"player_choice":"Forge","damage_taken":0,"max_hp_gain":0,"max_hp_loss":0,"event_name":"Accursed Blacksmith","floor":5,"gold_loss":0,"cards_upgraded":["Body Slam"]}],"is_beta":false,"boss_relics":[{"not_picked":["Velvet Choker","Busted Crown","Fusion Hammer"]}],"items_purged_floors":[3],"is_endless":false,"potions_floor_spawned":[1,7,11,14],"killed_by":"Snake Plant","ascension_level":7}}