{"host":"rz01j32460kf2mtw","time":1609426732,"event":{"mods":["BaseMod","Koishi","Marisa????????","Minty Spire (QoL Compilation)","Prisma Mod","Quick Restart","StSLib","The Cursed","The Disciple","The Jungle","The Runesmith","The Servant 0.9.4"],"gold_per_floor":[118,37,37,56,56,91,91,111,136,157,175,198,217,248,248,368,368,392,392,406,429,445,445,493,493,493,534,534,547,583,597,597,597,597],"floor_reached":33,"playtime":1583,"items_purged":[],"score":326,"play_id":"35075b1d-8c52-4a80-a797-c6ae37a9d3f3","local_time":"20201231075852","is_ascension_mode":false,"campfire_choices":[{"data":"PrismaMod:MiyuCarnivalAttack","floor":7,"key":"SMITH"},{"floor":15,"key":"REST"},{"floor":23,"key":"REST"},{"data":"PrismaMod:MiyuEvokeAllAttack","floor":25,"key":"SMITH"},{"data":"PrismaMod:MiyuCheapChannelAttack","floor":32,"key":"SMITH"}],"circlet_count":0,"master_deck":["PrismaMod:MiyuCommonDefend","PrismaMod:MiyuCommonDefend","PrismaMod:MiyuCommonDefend","PrismaMod:MiyuCommonDefend","PrismaMod:MiyuCommonDefend","PrismaMod:MiyuCommonAttack","PrismaMod:MiyuCommonAttack","PrismaMod:MiyuCommonAttack","PrismaMod:MiyuCommonAttack","PrismaMod:MiyuCheapChannelAttack+1","PrismaMod:MiyuCheapChannelDefend","PrismaMod:MiyuCheapPlate","PrismaMod:MiyuCheapChannelVul","PrismaMod:MiyuCommonAOEAttack","PrismaMod:MiyuUberAttack","PrismaMod:MiyuCarnivalAttack+1","PrismaMod:MiyuUncommonStrBuff","PrismaMod:MiyuCheapChannelAttack","PrismaMod:MiyuEvokeCheapAttack","PrismaMod:MiyuCarnivalAttack","PrismaMod:MiyuCheapDefend1","PrismaMod:MiyuCheapChannelVul","PrismaMod:MiyuEvokeAllAttack+1","PrismaMod:MiyuAttackChannelAttack","PrismaMod:MiyuCheapChannelHeal+1","PrismaMod:MiyuCheapChannelWeak","PrismaMod:MiyuCheapChannelAttack+1","PrismaMod:MiyuDevil+1"],"relics":["PrismaMod:PrismaSapphire","NeowsBlessing","Golden Idol","Tiny Chest","Bag of Marbles","Anchor","SlaversCollar","Vajra","Darkstone Periapt","HornCleat","CaptainsWheel"],"acts_visited":["Exordium","TheCity"],"potions_floor_usage":[16,16,20,22,22,29,29,29,33],"damage_taken":[{"damage":0,"enemies":"Small Slimes","floor":1,"turns":1},{"damage":0,"enemies":"Jaw Worm","floor":4,"turns":1},{"damage":0,"enemies":"3 Sentries","floor":6,"turns":2},{"damage":0,"enemies":"Cultist","floor":8,"turns":3},{"damage":4,"enemies":"3 Louse","floor":10,"turns":4},{"damage":0,"enemies":"Looter","floor":11,"turns":3},{"damage":13,"enemies":"Exordium Thugs","floor":12,"turns":4},{"damage":15,"enemies":"Blue Slaver","floor":13,"turns":3},{"damage":4,"enemies":"Lagavulin","floor":14,"turns":6},{"damage":16,"enemies":"Hexaghost","floor":16,"turns":8},{"damage":6,"enemies":"Chosen","floor":18,"turns":5},{"damage":24,"enemies":"Spheric Guardian","floor":20,"turns":4},{"damage":30,"enemies":"Snake Plant","floor":21,"turns":4},{"damage":10,"enemies":"Sentry and Sphere","floor":22,"turns":3},{"damage":18,"enemies":"Gremlin Leader","floor":27,"turns":5},{"damage":6,"enemies":"3 Cultists","floor":29,"turns":4},{"damage":16,"enemies":"Slavers","floor":30,"turns":5},{"damage":1,"enemies":"Snecko","floor":31,"turns":5},{"damage":71,"enemies":"Automaton","floor":33,"turns":6}],"seed_played":"-709118137972205751","potions_obtained":[{"floor":1,"key":"Swift Potion"},{"floor":4,"key":"SmokeBomb"},{"floor":8,"key":"Energy Potion"},{"floor":12,"key":"AttackPotion"},{"floor":14,"key":"Fire Potion"},{"floor":16,"key":"Regen Potion"},{"floor":20,"key":"ColorlessPotion"},{"floor":28,"key":"Regen Potion"},{"floor":28,"key":"DistilledChaos"},{"floor":28,"key":"DistilledChaos"},{"floor":29,"key":"FearPotion"}],"is_trial":false,"path_per_floor":["M","$","?","M","?","E","R","M","T","M","M","M","M","E","R","B",null,"M","?","M","M","M","R","T","R","T","E","?","M","E","M","R","B"],"character_chosen":"MIYU","items_purchased":["PrismaMod:MiyuCheapChannelVul","PrismaMod:MiyuCommonAOEAttack"],"campfire_rested":2,"item_purchase_floors":[2,2],"current_hp_per_floor":[75,75,75,75,69,69,69,69,69,69,69,56,41,37,57,49,69,63,63,49,23,17,37,37,37,37,29,29,39,37,40,40,0,0],"gold":597,"neow_bonus":"THREE_ENEMY_KILL","is_daily":false,"chose_seed":false,"campfire_upgraded":3,"win_rate":0.0,"timestamp":1609426732,"path_taken":["M","$","?","M","?","E","R","?","T","M","M","M","M","E","R","BOSS","M","?","?","M","M","R","?","R","T","E","?","M","E","?","R","BOSS"],"items_purchased_type":["Card","Card"],"build_version":"2020-12-22","purchased_purges":0,"victory":false,"max_hp_per_floor":[75,75,75,75,69,69,69,69,69,69,69,69,69,69,69,69,69,69,69,69,69,69,69,69,69,69,69,69,69,69,69,69,69,69],"card_choices":[{"not_picked":["PrismaMod:MiyuCheapChannelHeal","PrismaMod:MiyuCheapAttack1"],"picked":"PrismaMod:MiyuCheapPlate","floor":1},{"not_picked":["PrismaMod:MiyuUncommonDefend","PrismaMod:MiyuCheapChannelAttack"],"picked":"PrismaMod:MiyuUberAttack","floor":4},{"not_picked":["PrismaMod:MiyuUncommonAOEAttack","PrismaMod:MiyuMaid"],"picked":"PrismaMod:MiyuCarnivalAttack","floor":6},{"not_picked":["PrismaMod:MiyuUberAttack","PrismaMod:MiyuEvokeBuffDex"],"picked":"PrismaMod:MiyuUncommonStrBuff","floor":8},{"not_picked":["PrismaMod:MiyuCommonAOEAttack","PrismaMod:MiyuCheapChannelVul"],"picked":"PrismaMod:MiyuCheapChannelAttack","floor":10},{"not_picked":["PrismaMod:MiyuCheapChannelVul","PrismaMod:MiyuCarnivalAttack"],"picked":"PrismaMod:MiyuEvokeCheapAttack","floor":11},{"not_picked":["PrismaMod:MiyuUberAOEAttack","PrismaMod:MiyuCheapChannelVul"],"picked":"PrismaMod:MiyuCarnivalAttack","floor":12},{"not_picked":["PrismaMod:MiyuDefendChannelDefend","PrismaMod:MiyuMaid"],"picked":"PrismaMod:MiyuCheapDefend1","floor":13},{"not_picked":["PrismaMod:MiyuCheapPlate","PrismaMod:MiyuUberAOEAttack"],"picked":"PrismaMod:MiyuCheapChannelVul","floor":14},{"not_picked":["PrismaMod:MiyuDefenseAbsorbMinor","PrismaMod:MiyuBride"],"picked":"PrismaMod:MiyuEvokeAllAttack","floor":16},{"not_picked":["PrismaMod:MiyuEvokeCheapDefend","PrismaMod:MiyuCarnivalAttack"],"picked":"PrismaMod:MiyuAttackChannelAttack","floor":18},{"not_picked":["PrismaMod:MiyuCheapStrBuff","PrismaMod:MiyuEvokeBuffStr+1","PrismaMod:MiyuUncommonAttack"],"picked":"SKIP","floor":20},{"not_picked":["PrismaMod:MiyuEvokeCheapDefend","PrismaMod:MiyuEvokeCheapAttack"],"picked":"PrismaMod:MiyuCheapChannelHeal+1","floor":21},{"not_picked":["PrismaMod:MiyuCheapStrBuff","PrismaMod:MiyuCommonAOEAttack+1"],"picked":"PrismaMod:MiyuCheapChannelWeak","floor":22},{"not_picked":["PrismaMod:MiyuUberAOEAttack","PrismaMod:MiyuCheapAttack2"],"picked":"PrismaMod:MiyuCheapChannelAttack","floor":27},{"not_picked":["PrismaMod:MiyuCheapStrBuff","PrismaMod:MiyuDefenseExplosion","PrismaMod:MiyuCheapChannelVul"],"picked":"SKIP","floor":29},{"not_picked":["PrismaMod:MiyuUncommonPlate+1","PrismaMod:MiyuCheapAttack2","PrismaMod:MiyuUncommonDefend"],"picked":"SKIP","floor":30},{"not_picked":["PrismaMod:MiyuDefenseExplosion","PrismaMod:MiyuCheapDexBuff"],"picked":"PrismaMod:MiyuDevil+1","floor":31}],"player_experience":913325,"relics_obtained":[{"floor":6,"key":"Tiny Chest"},{"floor":9,"key":"Bag of Marbles"},{"floor":14,"key":"Anchor"},{"floor":24,"key":"Vajra"},{"floor":26,"key":"Darkstone Periapt"},{"floor":27,"key":"HornCleat"},{"floor":30,"key":"CaptainsWheel"}],"event_choices":[{"damage_healed":0,"gold_gain":0,"player_choice":"Grow","damage_taken":0,"max_hp_gain":0,"max_hp_loss":0,"event_name":"Living Wall","floor":3,"gold_loss":0,"cards_upgraded":["PrismaMod:MiyuCheapChannelAttack"]},{"damage_healed":0,"gold_gain":0,"player_choice":"Lose Max HP","damage_taken":0,"relics_obtained":["Golden Idol"],"max_hp_gain":0,"max_hp_loss":6,"event_name":"Golden Idol","floor":5,"gold_loss":0},{"cards_removed":["PrismaMod:MiyuCommonAttack"],"damage_healed":0,"gold_gain":0,"player_choice":"Purged","damage_taken":0,"max_hp_gain":0,"max_hp_loss":0,"event_name":"Purifier","floor":19,"gold_loss":0},{"damage_healed":0,"gold_gain":0,"player_choice":"Got Potions","damage_taken":0,"max_hp_gain":0,"max_hp_loss":0,"event_name":"Lab","floor":28,"gold_loss":0}],"is_beta":false,"boss_relics":[{"not_picked":["Runic Pyramid","Runesmith:UraniumAnvil"],"picked":"SlaversCollar"}],"items_purged_floors":[],"is_endless":false,"potions_floor_spawned":[1,4,8,12,14,16,20,29],"killed_by":"Automaton","ascension_level":0}}