{"host":"6dypmz777xraikqf","time":1609417560,"event":{"mods":["AchievementEnabler","BaseMod","BetterRewards","Colored Map","Colored Powertips","Downfall","Highlight Path","Hubris","Infinite Spire","Minty Spire (QoL Compilation)","Replay The Spire","StSLib"],"gold_per_floor":[117,117,42,42,61,61,86,86,86,116,116,126,126,136,136,236,236,255,108,77,16,32,32,43,78,78,97,297,308,308,319,319,417,417,463,463,222,251,282,325,325,325,371,421,486,541,541,608,608,630],"floor_reached":51,"playtime":2974,"items_purged":["Strike_R","Strike_R","Strike_R"],"score":1500,"play_id":"9322548b-3770-4f58-b5e4-de81d8e24f55","local_time":"20201231122600","is_ascension_mode":true,"campfire_choices":[{"data":"Armaments","floor":6,"key":"SMITH"},{"floor":8,"key":"REST"},{"floor":13,"key":"REST"},{"data":"Havoc","floor":15,"key":"SMITH"},{"floor":23,"key":"REST"},{"floor":32,"key":"REST"},{"floor":42,"key":"REST"},{"floor":47,"key":"REST"}],"circlet_count":0,"master_deck":["Strike_R","Defend_R","Defend_R","Defend_R","Defend_R","Bash","Rampage+1","Armaments+1","True Grit","Havoc+1","Barricade","Shrug It Off","Dark Embrace+1","Battle Trance","Dramatic Entrance+1","Warcry+1","Power Through","Headbutt","Body Slam+1","Offering","True Grit+1","Flex","Rampage","Power Through","Power Through","Impervious","Impervious","Heavy Blade+1","Fire Breathing","Warcry+1","Overencumbered"],"relics":["champ:ChampionCrown","Lizard Tail","Medical Kit","infinitespire:Cubic Diamond","ReplayTheSpireMod:TigerMarble","hubris:SlimyHat","Blue Doll","hubris:VirtuousBlindfold","infinitespire:Beetle Shell","Nloth\u0027s Gift","hubris:RunicObelisk","infinitespire:EvilPickle","hubris:GlazedTorus","Potion Belt","Replay:Bandana"],"acts_visited":["Exordium","TheCity","TheBeyond"],"potions_floor_usage":[7,16,20,20,25,27,50,50,50,50],"damage_taken":[{"damage":11,"enemies":"Cultist","floor":1,"turns":4},{"damage":0,"enemies":"Small Slimes","floor":5,"turns":3},{"damage":25,"enemies":"3 Sentries","floor":7,"turns":9},{"damage":29,"enemies":"Gremlin Nob","floor":10,"turns":5},{"damage":0,"enemies":"2 Louse","floor":12,"turns":2},{"damage":0,"enemies":"Lots of Slimes","floor":14,"turns":1},{"damage":36,"enemies":"Fading Forest","floor":16,"turns":11},{"damage":31,"enemies":"Shell Parasite","floor":18,"turns":7},{"damage":6,"enemies":"2 Thieves","floor":20,"turns":5},{"damage":7,"enemies":"Centurion and Healer","floor":22,"turns":10},{"damage":18,"enemies":"Snake Plant","floor":24,"turns":8},{"damage":35,"enemies":"Book of Stabbing","floor":25,"turns":6},{"damage":0,"enemies":"Snecko","floor":27,"turns":7},{"damage":34,"enemies":"Shelled Parasite and Fungi","floor":29,"turns":6},{"damage":11,"enemies":"Centurion and Healer","floor":31,"turns":6},{"damage":31,"enemies":"Pondfish","floor":33,"turns":12},{"damage":0,"enemies":"Orb Walker","floor":35,"turns":3},{"damage":35,"enemies":"3 Darklings","floor":38,"turns":7},{"damage":12,"enemies":"Spire Growth","floor":39,"turns":4},{"damage":6,"enemies":"R_Hoarder","floor":40,"turns":8},{"damage":9,"enemies":"Nightmare","floor":44,"turns":7},{"damage":6,"enemies":"Sphere and 2 Shapes","floor":45,"turns":3},{"damage":0,"enemies":"Maw","floor":46,"turns":8},{"damage":6,"enemies":"Writhing Mass","floor":48,"turns":4},{"damage":6,"enemies":"Donu and Deca","floor":50,"turns":7}],"seed_played":"5847365266636144319","potions_obtained":[{"floor":5,"key":"SteroidPotion"},{"floor":7,"key":"Dexterity Potion"},{"floor":12,"key":"PowerPotion"},{"floor":18,"key":"FearPotion"},{"floor":20,"key":"sneckomod:MuddlingPotion"},{"floor":25,"key":"SkillPotion"},{"floor":35,"key":"SteroidPotion"},{"floor":40,"key":"infinitespire:BlackPotion"},{"floor":41,"key":"hexamod:EctoCoolerPotion"},{"floor":41,"key":"EssenceOfSteel"},{"floor":46,"key":"Slimebound:ThreeZeroPotion"}],"is_trial":false,"path_per_floor":["M","?","$","?","M","R","E","R","T","E","?","M","R","M","R","B",null,"M","$","M","$","M","R","M","E","T","M","?","M","?","M","R","B",null,"M","?","$","M","M","E","?","R","T","NM","M","M","R","M","R_BF","B",null],"character_chosen":"IRONCLAD","items_purchased":["Medical Kit","Rampage","Dark Embrace+1","Dramatic Entrance+1","Rampage","Power Through"],"campfire_rested":6,"item_purchase_floors":[0,0,19,21,37,37],"current_hp_per_floor":[54,54,54,54,54,54,29,53,53,24,24,24,48,48,48,12,80,49,49,47,47,40,64,46,11,11,11,11,22,22,11,35,4,80,80,80,80,51,39,33,33,57,57,48,42,42,66,60,60,54],"gold":630,"neow_bonus":"","is_daily":false,"chose_seed":false,"campfire_upgraded":2,"win_rate":0.0,"timestamp":1609417560,"path_taken":["M","?","?","?","M","R","E","R","T","E","?","M","R","?","R","BOSS","M","?","M","$","M","R","M","E","T","M","?","?","?","?","R","BOSS","M","?","$","M","?","E","?","R","T","NM","?","M","R","?","R_BF","BOSS"],"items_purchased_type":["Relic","Card","Card","Card","Card","Card"],"build_version":"2020-12-22","purchased_purges":3,"victory":true,"max_hp_per_floor":[80,80,80,80,80,80,80,80,80,80,80,80,80,80,80,80,80,80,80,80,80,80,80,80,80,80,80,80,80,80,80,80,80,80,80,80,80,80,80,80,80,80,80,80,80,80,80,80,77,77],"card_choices":[{"not_picked":["Run Through","Replay:Undeath\u0027s Touch"],"picked":"Armaments","floor":1},{"not_picked":["Armaments","Havoc"],"picked":"True Grit","floor":5},{"not_picked":["Disarm","Twin Strike","Replay:Undeath\u0027s Touch"],"picked":"SKIP","floor":7},{"not_picked":["Warcry","hubris:ReadiedAction","hubris:CleavingFinish"],"picked":"SKIP","floor":10},{"not_picked":["Havoc","Run Through","Heavy Blade"],"picked":"SKIP","floor":12},{"not_picked":["Massacre","hubris:ReadiedAction","Armaments"],"picked":"SKIP","floor":14},{"not_picked":["hubris:StunningStrike","Corruption"],"picked":"Barricade","floor":16},{"not_picked":["ReplayTheSpireMod:Muscle Training+1","Clothesline+1"],"picked":"Shrug It Off","floor":18},{"not_picked":["Thunderclap","ReplayReversal"],"picked":"Battle Trance","floor":20},{"not_picked":["Heavy Blade+1","hubris:SharpeningStone"],"picked":"Warcry+1","floor":22},{"not_picked":["True Grit","Intimidate","Clash+1"],"picked":"SKIP","floor":24},{"not_picked":["Blood for Blood","Demonic Infusion","Reckless Charge"],"picked":"SKIP","floor":25},{"not_picked":["Clothesline","Whirlwind+1"],"picked":"Power Through","floor":27},{"not_picked":["Sword Boomerang","Flex"],"picked":"Headbutt","floor":29},{"not_picked":["Shrug It Off+1","ReplayTheSpireMod:Muscle Training+1"],"picked":"Body Slam+1","floor":31},{"not_picked":["Reaper","Fiend Fire"],"picked":"Offering","floor":33},{"not_picked":["Replay:Undeath\u0027s Touch","hubris:CleavingFinish"],"picked":"True Grit+1","floor":35},{"not_picked":["Clothesline+1","True Grit+1","ReplayTheSpireMod:Corrosion Curse"],"picked":"SKIP","floor":38},{"not_picked":["Havoc","Twin Strike+1"],"picked":"Impervious","floor":39},{"not_picked":["ReplayTheSpireMod:LeadingStrike+1","Clash+1"],"picked":"Impervious","floor":40},{"not_picked":["ReplayTheSpireMod:Stacked","hubris:ReadiedAction"],"picked":"Heavy Blade+1","floor":44},{"not_picked":["Clash","ReplayTheSpireMod:LeadingStrike+1"],"picked":"Fire Breathing","floor":45},{"not_picked":["Clash+1","Heavy Blade"],"picked":"Warcry+1","floor":46},{"not_picked":["Wild Strike","Flame Barrier+1","Sword Boomerang+1"],"picked":"SKIP","floor":48}],"player_experience":49878,"relics_obtained":[{"floor":7,"key":"ReplayTheSpireMod:TigerMarble"},{"floor":9,"key":"hubris:SlimyHat"},{"floor":10,"key":"Blue Doll"},{"floor":25,"key":"infinitespire:Beetle Shell"},{"floor":26,"key":"Replay:WaspNest"},{"floor":40,"key":"hubris:GlazedTorus"},{"floor":43,"key":"Potion Belt"},{"floor":44,"key":"Replay:Bandana"}],"event_choices":[{"damage_healed":0,"gold_gain":0,"player_choice":"Forge","damage_taken":0,"max_hp_gain":0,"max_hp_loss":0,"event_name":"Accursed Blacksmith","floor":2,"gold_loss":0,"cards_upgraded":["Rampage"]},{"damage_healed":0,"gold_gain":0,"player_choice":"1 cards matched","damage_taken":0,"max_hp_gain":0,"max_hp_loss":0,"event_name":"Match and Keep!","floor":11,"gold_loss":0,"cards_obtained":["Havoc"]},{"damage_healed":0,"gold_gain":250,"player_choice":"Bet on Owner","damage_taken":0,"max_hp_gain":0,"max_hp_loss":0,"event_name":"The Joust","floor":28,"gold_loss":50},{"damage_healed":0,"gold_gain":0,"player_choice":"Traded Relic","damage_taken":0,"relics_obtained":["Nloth\u0027s Gift"],"max_hp_gain":0,"max_hp_loss":0,"event_name":"N\u0027loth","floor":30,"relics_lost":["Replay:WaspNest"],"gold_loss":0},{"damage_healed":0,"gold_gain":0,"cards_transformed":["Strike_R"],"player_choice":"Transformed","damage_taken":0,"max_hp_gain":0,"max_hp_loss":0,"event_name":"Transmorgrifier","floor":36,"gold_loss":0,"cards_obtained":["Flex"]},{"damage_healed":0,"gold_gain":0,"player_choice":"Got Potions","damage_taken":0,"max_hp_gain":0,"max_hp_loss":0,"event_name":"Lab","floor":41,"gold_loss":0}],"is_beta":false,"boss_relics":[{"not_picked":["Snecko Eye","SlaversCollar"],"picked":"hubris:VirtuousBlindfold"},{"not_picked":["Replay:Drink Me","Replay:Grab Bag"],"picked":"hubris:RunicObelisk"}],"items_purged_floors":[3,19,37],"is_endless":false,"potions_floor_spawned":[5,7,12,18,20,25,35,40,46],"ascension_level":3}}