{"host":"ufl0k2so27eic2iy","time":1609448569,"event":{"mods":["BaseMod","Minty Spire (QoL Compilation)","StSLib","The Animator"],"gold_per_floor":[119,44,75,75,85,85,115,115,142,142,184,184,197,223,223,313,313,328,340,287,287,337,337,363,363,363],"floor_reached":25,"playtime":1143,"items_purged":[],"score":459,"play_id":"82929ddf-870d-4e85-aaca-aa5cb9d6aacb","local_time":"20201231210249","is_ascension_mode":true,"campfire_choices":[{"data":"animator:Jibril","floor":6.0,"key":"SMITH"},{"floor":8.0,"key":"REST"},{"data":"animator:AcuraTooru","floor":10.0,"key":"SMITH"},{"data":"animator:Gillette","floor":12.0,"key":"SMITH"},{"data":"animator:ReimuHakurei","floor":15.0,"key":"SMITH"},{"floor":23,"key":"REST"}],"circlet_count":0,"master_deck":["AscendersBane","animator:Strike_AccelWorld","animator:Defend_AccelWorld","animator:Defend","animator:Defend","animator:Kuroyukihime+1","animator:LimeBell","animator:ReimuHakurei+1","animator:SayakaMiki","animator:Jibril+1","animator:Gillette+1","animator:AcuraTooru+1","animator:Arpeggio","animator:DolaCouronne","animator:WinryRockbell","animator:Saitama","animator:Geryuganshoop+1","animator:Layla+1","animator:YuukaKazami+1","animator:Viivi","animator:Scar","animator:TukaLunaMarceau","animator:AcuraTooru"],"relics":["animator:LivingPicture","animator:TheMissingPiece","Ancient Tea Set","Nunchaku","animator:Buoy","PreservedInsect","Astrolabe","Juzu Bracelet"],"acts_visited":["Exordium","TheCity"],"potions_floor_usage":[24],"damage_taken":[{"damage":0.0,"enemies":"Cultist","floor":1.0,"turns":6.0},{"damage":0.0,"enemies":"Small Slimes","floor":3.0,"turns":4.0},{"damage":2.0,"enemies":"Jaw Worm","floor":5.0,"turns":4.0},{"damage":47.0,"enemies":"Gremlin Nob","floor":7.0,"turns":5.0},{"damage":0.0,"enemies":"Lagavulin","floor":11.0,"turns":9.0},{"damage":0.0,"enemies":"2 Fungi Beasts","floor":13.0,"turns":4.0},{"damage":10.0,"enemies":"3 Sentries","floor":14.0,"turns":6.0},{"damage":5,"enemies":"Slime Boss","floor":16,"turns":12},{"damage":5,"enemies":"Shell Parasite","floor":18,"turns":6},{"damage":3,"enemies":"Spheric Guardian","floor":19,"turns":7},{"damage":26,"enemies":"animator:HornedBat","floor":24,"turns":7},{"damage":0,"enemies":"3 Cultists","floor":25,"turns":2}],"seed_played":"-1722257938903209122","potions_obtained":[{"floor":3.0,"key":"Fruit Juice"},{"floor":5.0,"key":"FairyPotion"},{"floor":13.0,"key":"AttackPotion"},{"floor":14.0,"key":"ColorlessPotion"},{"floor":18,"key":"Regen Potion"},{"floor":24,"key":"Energy Potion"}],"is_trial":false,"path_per_floor":["M","?","M","?","M","R","E","R","T","R","E","R","M","E","R","B",null,"M","M","$","?","?","R","E","M"],"character_chosen":"THE_ANIMATOR","items_purchased":["animator:TukaLunaMarceau"],"campfire_rested":2,"item_purchase_floors":[20],"current_hp_per_floor":[54,54,54,54,52,52,5,23,23,23,23,23,28,18,18,13,52,47,44,44,26,26,47,36,36,36],"gold":363,"neow_bonus":"UPGRADE_CARD","is_daily":false,"chose_seed":true,"campfire_upgraded":4,"win_rate":0.0,"timestamp":1609448569,"path_taken":["M","?","M","?","M","R","E","R","T","R","E","R","M","E","R","BOSS","M","M","$","?","?","R","E","M"],"items_purchased_type":["Card"],"build_version":"2020-12-22","purchased_purges":0,"victory":false,"max_hp_per_floor":[60,60,60,60,60,60,60,60,60,60,60,60,65,65,65,65,65,65,65,65,70,70,70,70,70,70],"card_choices":[{"not_picked":["animator:DolaSchwi","animator:MarisaKirisame"],"picked":"animator:ReimuHakurei","floor":1.0},{"not_picked":["animator:ChaikaBohdan","animator:Genos"],"picked":"animator:SayakaMiki","floor":3.0},{"not_picked":["animator:Boros","animator:Layla"],"picked":"animator:Gillette","floor":5.0},{"not_picked":["animator:ChaikaBohdan","animator:Layla"],"picked":"animator:AcuraTooru","floor":7.0},{"not_picked":["animator:ChaikaBohdan","animator:Viivi"],"picked":"animator:Arpeggio","floor":11.0},{"not_picked":["animator:SilverFang","animator:Guy"],"picked":"animator:DolaCouronne","floor":13.0},{"not_picked":["animator:Pride","animator:Tatsumaki"],"picked":"animator:WinryRockbell","floor":14.0},{"not_picked":["animator:Boros","animator:ItamiYouji"],"picked":"animator:Saitama","floor":16},{"not_picked":["animator:ChaikaBohdan","animator:Guy"],"picked":"animator:Viivi","floor":18},{"not_picked":["animator:MaesHughes","animator:Viivi"],"picked":"animator:Scar","floor":19},{"not_picked":["animator:Tyuule","animator:Boros"],"picked":"animator:AcuraTooru","floor":24}],"player_experience":2399281,"relics_obtained":[{"floor":7.0,"key":"Ancient Tea Set"},{"floor":9.0,"key":"Nunchaku"},{"floor":11.0,"key":"animator:Buoy"},{"floor":14.0,"key":"PreservedInsect"},{"floor":24,"key":"Juzu Bracelet"}],"event_choices":[{"cards_removed":["animator:Strike"],"damage_healed":0.0,"max_hp_gain":0.0,"max_hp_loss":0.0,"gold_gain":0.0,"event_name":"The Cleric","player_choice":"Card Removal","floor":2.0,"gold_loss":75.0,"damage_taken":0.0},{"damage_healed":0.0,"max_hp_gain":0.0,"max_hp_loss":0.0,"gold_gain":0.0,"event_name":"Match and Keep!","player_choice":"1 cards matched","floor":4.0,"gold_loss":0.0,"damage_taken":0.0,"cards_obtained":["animator:Jibril"]},{"damage_healed":0,"gold_gain":0,"player_choice":"Shed Blood","damage_taken":23,"max_hp_gain":5,"max_hp_loss":0,"event_name":"Forgotten Altar","floor":21,"gold_loss":0},{"damage_healed":0,"gold_gain":50,"player_choice":"Stole From Cult","damage_taken":0,"max_hp_gain":0,"max_hp_loss":0,"event_name":"Nest","floor":22,"gold_loss":0}],"is_beta":false,"boss_relics":[{"not_picked":["Busted Crown","animator:CursedBlade"],"picked":"Astrolabe"}],"items_purged_floors":[],"is_endless":false,"potions_floor_spawned":[3,5,13,14,16,18,19,24],"killed_by":"3 Cultists","ascension_level":15}}