{"host":"hhk99zdwe8tkcyq7","time":1609390486,"event":{"mods":["AchievementEnabler","BaseMod","Minty Spire (QoL Compilation)"],"gold_per_floor":[113,128,100,76,76,103,103,131,157,157,174,192,117,136,136,236,236,256,256,274,294,314,314,333,351,351,351,351,369,388,131,131,131,131],"floor_reached":33,"playtime":1352,"items_purged":["Strike_G","Defend_G"],"score":311,"play_id":"f5369a4a-af48-4187-9694-d4f3bdffed9c","local_time":"20201230225446","is_ascension_mode":false,"campfire_choices":[{"data":"Blade Dance","floor":7,"key":"SMITH"},{"data":"Blade Dance","floor":15,"key":"SMITH"},{"floor":23,"key":"REST"},{"floor":27,"key":"REST"},{"floor":32,"key":"REST"}],"circlet_count":0,"master_deck":["Strike_G","Strike_G","Strike_G","Strike_G","Defend_G","Defend_G","Defend_G","Defend_G","Survivor","Neutralize","Blade Dance+1","Cloak And Dagger","Footwork","Blade Dance+1","Blade Dance","Adrenaline","Cloak And Dagger+1","Blade Dance+1","Cloak And Dagger+1","Noxious Fumes+1"],"relics":["Ring of the Serpent","NeowsBlessing","Boot","Dream Catcher","PreservedInsect","Bag of Marbles","HandDrill"],"acts_visited":["Exordium","TheCity"],"potions_floor_usage":[16,21,22,24,25,30],"damage_taken":[{"damage":0,"enemies":"Jaw Worm","floor":1,"turns":1},{"damage":0,"enemies":"2 Louse","floor":2,"turns":1},{"damage":0,"enemies":"Gremlin Nob","floor":6,"turns":1},{"damage":8,"enemies":"Lagavulin","floor":8,"turns":8},{"damage":0,"enemies":"Cultist","floor":11,"turns":2},{"damage":1,"enemies":"Blue Slaver","floor":12,"turns":2},{"damage":0,"enemies":"Large Slime","floor":14,"turns":4},{"damage":38,"enemies":"Hexaghost","floor":16,"turns":12},{"damage":31,"enemies":"2 Thieves","floor":18,"turns":4},{"damage":12,"enemies":"Spheric Guardian","floor":20,"turns":4},{"damage":18,"enemies":"Shelled Parasite and Fungi","floor":21,"turns":5},{"damage":0,"enemies":"3 Cultists","floor":22,"turns":6},{"damage":1,"enemies":"Centurion and Healer","floor":24,"turns":6},{"damage":13,"enemies":"Snake Plant","floor":25,"turns":5},{"damage":17,"enemies":"Cultist and Chosen","floor":29,"turns":6},{"damage":19,"enemies":"Shelled Parasite and Fungi","floor":30,"turns":6},{"damage":29,"enemies":"Collector","floor":33,"turns":3}],"seed_played":"-4493955374058293983","potions_obtained":[{"floor":8,"key":"Strength Potion"},{"floor":11,"key":"BlessingOfTheForge"},{"floor":12,"key":"CunningPotion"},{"floor":18,"key":"CunningPotion"},{"floor":21,"key":"Block Potion"},{"floor":22,"key":"GamblersBrew"},{"floor":24,"key":"PowerPotion"}],"is_trial":false,"path_per_floor":["M","M","?","$","?","E","R","E","T","?","M","M","$","M","R","B",null,"M","?","M","M","M","R","M","M","T","R","?","M","M","$","R","B"],"character_chosen":"THE_SILENT","items_purchased":["Cloak And Dagger","HandDrill"],"campfire_rested":3,"item_purchase_floors":[4,31],"current_hp_per_floor":[70,70,70,70,70,70,70,62,62,62,62,61,61,61,61,23,70,39,39,27,9,9,30,29,16,16,37,37,20,1,1,22,0,0],"gold":131,"neow_bonus":"THREE_ENEMY_KILL","is_daily":false,"chose_seed":false,"campfire_upgraded":2,"win_rate":0.0,"timestamp":1609390486,"path_taken":["M","M","?","$","?","E","R","E","T","?","M","?","?","M","R","BOSS","M","?","M","M","M","R","M","M","T","R","?","M","?","$","R","BOSS"],"items_purchased_type":["Card","Relic"],"build_version":"2020-12-22","purchased_purges":2,"victory":false,"max_hp_per_floor":[70,70,70,70,70,70,70,70,70,70,70,70,70,70,70,70,70,70,70,70,70,70,70,70,70,70,70,70,70,70,70,70,70,70],"card_choices":[{"not_picked":["Underhanded Strike","Bane","Prepared"],"picked":"SKIP","floor":1},{"not_picked":["Choke","Underhanded Strike"],"picked":"Blade Dance","floor":2},{"not_picked":["Terror","Backstab"],"picked":"Footwork","floor":6},{"not_picked":["Slice","Cloak And Dagger"],"picked":"Blade Dance","floor":8},{"not_picked":["Underhanded Strike","Skewer"],"picked":"Blade Dance","floor":11},{"not_picked":["Masterful Stab","Choke","Dodge and Roll"],"picked":"SKIP","floor":12},{"not_picked":["Blur","Well Laid Plans","Tactician"],"picked":"SKIP","floor":14},{"not_picked":["Corpse Explosion","A Thousand Cuts"],"picked":"Adrenaline","floor":16},{"not_picked":["Slice+1","Expertise+1","Finisher"],"picked":"SKIP","floor":18},{"not_picked":["Deflect","Dodge and Roll","Slice"],"picked":"SKIP","floor":20},{"not_picked":["Escape Plan","Riddle With Holes"],"picked":"Cloak And Dagger+1","floor":21},{"not_picked":["Sucker Punch","Slice"],"picked":"Blade Dance","floor":22},{"not_picked":["Dagger Throw","Caltrops+1","Prepared"],"picked":"SKIP","floor":24},{"not_picked":["Dagger Spray","Dagger Throw","Slice+1"],"picked":"SKIP","floor":25},{"not_picked":["Flying Knee","Poisoned Stab"],"picked":"Cloak And Dagger+1","floor":27},{"not_picked":["Dodge and Roll","Eviscerate","Flechettes"],"picked":"SKIP","floor":29},{"not_picked":["PiercingWail","Underhanded Strike"],"picked":"Noxious Fumes+1","floor":30}],"player_experience":27151,"relics_obtained":[{"floor":6,"key":"Boot"},{"floor":8,"key":"Dream Catcher"},{"floor":9,"key":"PreservedInsect"},{"floor":26,"key":"Bag of Marbles"}],"event_choices":[{"damage_healed":0,"gold_gain":0,"player_choice":"Left Gold","damage_taken":0,"max_hp_gain":0,"max_hp_loss":0,"event_name":"World of Goop","floor":3,"gold_loss":28},{"damage_healed":0,"gold_gain":0,"player_choice":"Ignored","damage_taken":0,"max_hp_gain":0,"max_hp_loss":0,"event_name":"Golden Idol","floor":5,"gold_loss":0},{"damage_healed":0,"gold_gain":0,"player_choice":"Searched \u00270\u0027 times","damage_taken":0,"max_hp_gain":0,"max_hp_loss":0,"event_name":"Dead Adventurer","floor":10,"gold_loss":0},{"damage_healed":0,"gold_gain":0,"player_choice":"Ignored","damage_taken":0,"max_hp_gain":0,"max_hp_loss":0,"event_name":"The Mausoleum","floor":19,"gold_loss":0},{"damage_healed":0,"gold_gain":0,"player_choice":"Upgraded","damage_taken":0,"max_hp_gain":0,"max_hp_loss":0,"event_name":"Upgrade Shrine","floor":28,"gold_loss":0,"cards_upgraded":["Blade Dance"]}],"is_beta":false,"boss_relics":[{"not_picked":["Runic Pyramid","Cursed Key"],"picked":"Ring of the Serpent"}],"items_purged_floors":[13,31],"is_endless":false,"potions_floor_spawned":[8,11,12,18,21,22,24],"killed_by":"Collector","ascension_level":0}}