{"host":"l9d4bclu8pwa3q15","time":1609390074,"event":{"mods":["Act Like it!","BaseMod","Better Altar","Better Match","Better Note","Better Sensory Stone","Better Skull","BetterRewards","Colored Map","Colored Powertips","Downfall","Emptier Cage","Gensokyo","GifTheSpireLib","Keyboard Shortcuts","Koishi","KomeijiMod","Lobotomy","LobotomyExtend","Minty Spire (QoL Compilation)","Quick Restart","Rare Cards Sparkle","Relic Sorter","Remilia_Scarlet Moed（蕾米莉亚・斯卡雷特）3.3.5","Replay The Spire","Spicy Shops","StSLib","The Alterego","UnlockEverythingMod","Waifu the Spire","WarShipGirlsR/战舰少女R mod","Yakumo Yukari mod","Youmu（魂魄妖梦）","Yuyuko"],"gold_per_floor":[99,116,216,216,216,216,216,228,282,132,132,19,83,83,117,117,135,135,135,135],"floor_reached":18,"playtime":863,"items_purged":[],"score":131,"play_id":"e4814266-eab8-4eec-9984-7c3354e71af0","local_time":"20201231124754","is_ascension_mode":false,"campfire_choices":[{"floor":1,"key":"RECALL"},{"data":"Slimebound:FirmFortitude","floor":10,"key":"SMITH"},{"floor":14,"key":"REST"}],"circlet_count":0,"master_deck":["Slimebound:Strike_Slimebound","Slimebound:Strike_Slimebound","Slimebound:Strike_Slimebound","Slimebound:Tackle","Slimebound:Defend_Slimebound","Slimebound:Defend_Slimebound","Slimebound:Defend_Slimebound","Slimebound:Defend_Slimebound","Slimebound:Split","Slimebound:CorrosiveSpit","Slimebound:DivideAndConquer","Slimebound:FirmFortitude+1","Slimebound:SamplingLick","Pain","Slimebound:LivingWall","Slimebound:DouseInSlime","expansioncontent:DashGenerateEvil+1","Slimebound:LeadByExample"],"relics":["LetterFromLob","Quantum Egg","m_BurningSludge","downfall:HeartBlessingRed","downfall:HeartBlessingBlue","ReplayTheSpireMod:Shallot","Orichalcum","Molten Egg 2"],"acts_visited":["Exordium"],"potions_floor_usage":[15,18,18],"damage_taken":[{"damage":7,"enemies":"Small Slimes","floor":2,"turns":3},{"damage":14,"enemies":"2 Louse","floor":8,"turns":3},{"damage":0,"enemies":"downfall:FleeingMerchant","floor":12,"turns":4},{"damage":59,"enemies":"Lagavulin Event","floor":13,"turns":7},{"damage":29,"enemies":"Lagavulin","floor":15,"turns":6},{"damage":0,"enemies":"Jaw Worm","floor":17,"turns":3},{"damage":30,"enemies":"downfall:Silent","floor":18,"turns":4}],"seed_played":"7182661503039848460","potions_obtained":[{"floor":8,"key":"LiquidBronze"},{"floor":13,"key":"Energy Potion"},{"floor":17,"key":"Adrenaline Potion"}],"is_trial":false,"path_per_floor":["R","M","?","?","?","PTL","PTL","M","T","R","M","$","?","R","E","?","M","B"],"character_chosen":"SLIMEBOUND","items_purchased":["ReplayTheSpireMod:Shallot"],"campfire_rested":1,"item_purchase_floors":[12],"current_hp_per_floor":[66,66,66,66,66,66,66,58,58,68,68,74,21,43,20,20,26,0,0,0],"gold":135,"neow_bonus":"TEN_PERCENT_HP_BONUS","is_daily":false,"chose_seed":false,"campfire_upgraded":1,"win_rate":0.0,"timestamp":1609390074,"path_taken":["R","M","?","?","?","PTL","PTL","M","T","R","M","$","?","R","E","?","M","BOSS"],"items_purchased_type":["Relic"],"build_version":"2020-12-22","purchased_purges":0,"victory":false,"max_hp_per_floor":[66,66,66,66,66,66,66,66,66,76,76,76,76,76,76,76,76,76,76,76],"card_choices":[{"not_picked":["Slimebound:SplitAcid","Slimebound:RollThrough"],"picked":"Slimebound:DivideAndConquer","floor":2},{"not_picked":["Slimebound:DisruptingSlam","Twin Strike"],"picked":"Slimebound:FirmFortitude","floor":8},{"not_picked":["Slimebound:LeechEnergy","Twin Strike"],"picked":"Slimebound:SamplingLick","floor":12},{"not_picked":["Slimebound:SplitMire","Sword Boomerang"],"picked":"Slimebound:LivingWall","floor":13},{"not_picked":["Slimebound:FormOfPuddle","Slimebound:SlimeBarrage+1"],"picked":"Slimebound:DouseInSlime","floor":15},{"not_picked":["expansioncontent:Corrupt","expansioncontent:ChargeUp"],"picked":"expansioncontent:DashGenerateEvil+1","floor":16},{"not_picked":["Slimebound:ItLooksTasty+1","Slimebound:RollThrough+1"],"picked":"Slimebound:LeadByExample","floor":17}],"player_experience":86882,"relics_obtained":[{"floor":2,"key":"LetterFromLob"},{"floor":13,"key":"Orichalcum"},{"floor":15,"key":"Molten Egg 2"}],"event_choices":[{"damage_healed":0,"gold_gain":0,"player_choice":"Box","damage_taken":0,"relics_obtained":["Quantum Egg"],"max_hp_gain":0,"max_hp_loss":0,"event_name":"Big Fish","floor":4,"gold_loss":0,"cards_obtained":["Regret"]},{"damage_healed":0,"gold_gain":1,"player_choice":"1","damage_taken":0,"max_hp_gain":0,"max_hp_loss":0,"event_name":"betterStone:BetterStone","floor":16,"gold_loss":0}],"is_beta":false,"boss_relics":[],"items_purged_floors":[],"is_endless":false,"potions_floor_spawned":[8,13,17],"killed_by":"downfall:Silent","ascension_level":0}}