{"host":"0bfi5m9qgchoxkt9","time":1609419127,"event":{"mods":["Act Like it!","Arknights The Spire","BaseMod","Minty Spire (QoL Compilation)","Quick Restart","StSLib"],"gold_per_floor":[117,117,134,134,59,98,119,163,189,223,223,249,282,298,298,426,426,439,69,50,64,64,104,104,127,127,163,182,182,221,240,240,364,364,378,378,378,184,205,205,225,256,256,272,311,311,326,366,366,366,366,366,104,140,140],"floor_reached":56,"playtime":3178,"items_purged":["ats:Strike C","ats:Strike G","ats:Strike V","ats:Defend"],"score":1430,"play_id":"0f40b101-600f-4ba4-9ad3-3b60e2391d8d","local_time":"20201231205207","is_ascension_mode":true,"campfire_choices":[{"data":"ats:Ambush","floor":11.0,"key":"SMITH"},{"data":"ats:Part Time Job","floor":15.0,"key":"SMITH"},{"data":"ats:Emotion Absorption","floor":24.0,"key":"SMITH"},{"floor":29.0,"key":"RECALL"},{"data":"ats:Calcification","floor":32.0,"key":"SMITH"},{"data":"ats:Apocalypse","floor":40.0,"key":"SMITH"},{"floor":49.0,"key":"REST"},{"data":"ats:Consecutive Shot Auto","floor":52.0,"key":"SMITH"}],"circlet_count":0,"master_deck":["ats:Strike S","ats:Armor Crushing Shot","ats:Defend+1","ats:Defend","ats:Defend","ats:Emotion Absorption+1","ats:Consecutive Shot Auto+1","ats:Curse Doll+1","ats:Ambush+1","ats:Apocalypse+1","ats:Part Time Job+1","ats:Calcification+1","CurseOfTheBell","ats:Neurotoxin+1","ats:Dogmatic Field+1","ats:Thorns+1","ats:Composite Medical Shells+1","ats:Healing Drone+1","ats:Nebulous Foxfire+1","Madness+1","Madness+1","ats:Ambush+1","ats:Hook Shot+1","ats:Hook Shot+1","ats:Hook Shot+1","Impatience+1","Madness+1"],"relics":["ats:Sanity","NeowsBlessing","Golden Idol","ats:Originium","ats:Hidden Killer","Centennial Puzzle","Smiling Mask","Mango","Regal Pillow","Blood Vial","Calling Bell","Vajra","Frozen Egg 2","Torii","Toxic Egg 2","FaceOfCleric","ats:Ability Aura","Prayer Wheel","Red Mask","Pen Nib","Philosopher\u0027s Stone","War Paint","Toy Ornithopter","Shuriken","Kunai","Akabeko"],"acts_visited":["Exordium","TheCity","TheBeyond","TheEnding"],"potions_floor_usage":[55,55,55,55,55],"damage_taken":[{"damage":0.0,"enemies":"Jaw Worm","floor":1.0,"turns":1.0},{"damage":0.0,"enemies":"Cultist","floor":3.0,"turns":1.0},{"damage":0.0,"enemies":"Gremlin Nob","floor":6.0,"turns":1.0},{"damage":3.0,"enemies":"2 Louse","floor":7.0,"turns":3.0},{"damage":35.0,"enemies":"3 Sentries","floor":8.0,"turns":9.0},{"damage":12.0,"enemies":"Gremlin Nob","floor":10.0,"turns":5.0},{"damage":18.0,"enemies":"Lagavulin","floor":13.0,"turns":9.0},{"damage":7.0,"enemies":"Blue Slaver","floor":14.0,"turns":4.0},{"damage":57.0,"enemies":"Hexaghost","floor":16.0,"turns":15.0},{"damage":7.0,"enemies":"3 Byrds","floor":18.0,"turns":8.0},{"damage":49.0,"enemies":"2 Thieves","floor":20.0,"turns":5.0},{"damage":7.0,"enemies":"Snake Plant","floor":21.0,"turns":9.0},{"damage":89.0,"enemies":"Slavers","floor":23.0,"turns":10.0},{"damage":69.0,"enemies":"Snecko","floor":25.0,"turns":11.0},{"damage":51.0,"enemies":"Masked Bandits","floor":27.0,"turns":6.0},{"damage":61.0,"enemies":"Sentry and Sphere","floor":28.0,"turns":8.0},{"damage":93.0,"enemies":"Gremlin Leader","floor":30.0,"turns":10.0},{"damage":77.0,"enemies":"Centurion and Healer","floor":31.0,"turns":11.0},{"damage":124.0,"enemies":"Automaton","floor":33.0,"turns":14.0},{"damage":44.0,"enemies":"Orb Walker","floor":35.0,"turns":5.0},{"damage":34.0,"enemies":"3 Darklings","floor":39.0,"turns":5.0},{"damage":55.0,"enemies":"Writhing Mass","floor":41.0,"turns":7.0},{"damage":82.0,"enemies":"Giant Head","floor":42.0,"turns":12.0},{"damage":33.0,"enemies":"Maw","floor":44.0,"turns":8.0},{"damage":102.0,"enemies":"Nemesis","floor":45.0,"turns":11.0},{"damage":18.0,"enemies":"Jaw Worm Horde","floor":47.0,"turns":4.0},{"damage":97.0,"enemies":"Giant Head","floor":48.0,"turns":11.0},{"damage":108.0,"enemies":"Time Eater","floor":50.0,"turns":16.0},{"damage":106.0,"enemies":"Shield and Spear","floor":54.0,"turns":8.0},{"damage":35,"enemies":"The Heart","floor":55,"turns":11}],"seed_played":"6775594135077924985","potions_obtained":[{"floor":1.0,"key":"Dexterity Potion"},{"floor":2.0,"key":"SmokeBomb"},{"floor":2.0,"key":"Explosive Potion"},{"floor":2.0,"key":"Block Potion"},{"floor":8.0,"key":"DistilledChaos"},{"floor":13.0,"key":"BlessingOfTheForge"},{"floor":20.0,"key":"EssenceOfSteel"},{"floor":21.0,"key":"BlessingOfTheForge"},{"floor":25.0,"key":"Explosive Potion"},{"floor":30.0,"key":"EntropicBrew"},{"floor":31.0,"key":"Swift Potion"},{"floor":42.0,"key":"SteroidPotion"},{"floor":44.0,"key":"EssenceOfSteel"},{"floor":45.0,"key":"DistilledChaos"},{"floor":48.0,"key":"ats:Top Emergency Sanity Potion"},{"floor":54.0,"key":"LiquidMemories"}],"is_trial":false,"path_per_floor":["M","?","M","?","$","E","M","E","T","E","R","T","E","M","R","B",null,"M","$","M","M","?","E","R","M","T","?","M","R","E","M","R","B",null,"M","?","?","$","M","R","M","E","T","M","E","?","M","E","R","B",null,"R","$","E","B",null],"character_chosen":"DOCTOR_CLASS","items_purchased":["Toxic Egg 2","ats:Neurotoxin+1","War Paint","Madness+1","DuplicationPotion","BlessingOfTheForge"],"campfire_rested":1,"item_purchase_floors":[19,19,38,53,53,53],"current_hp_per_floor":[72,72,72,67,67,67,64,29,29,31,31,31,29,28,28,23,81,81,81,42,81,81,79,79,78,78,79,77,77,64,87,87,88,88,72,72,61,61,47,47,37,44,44,73,22,22,48,27,70,72,97,97,97,24,83],"gold":140,"neow_bonus":"THREE_ENEMY_KILL","is_daily":false,"chose_seed":false,"campfire_upgraded":6,"win_rate":0.0,"timestamp":1609419127,"path_taken":["M","?","?","?","$","E","M","E","T","E","R","?","E","M","R","BOSS","M","$","M","M","?","E","R","?","T","?","M","R","E","M","R","BOSS","M","?","?","$","?","R","M","E","T","M","E","?","M","E","R","BOSS","R","$","E","BOSS"],"items_purchased_type":["Relic","Card","Relic","Card","Potion","Potion"],"build_version":"2020-12-22","purchased_purges":4,"victory":true,"max_hp_per_floor":[72,72,72,67,67,67,67,67,67,81,81,81,81,81,81,81,81,81,81,81,81,81,82,82,83,83,84,85,85,86,87,87,88,88,89,89,89,89,90,90,91,92,92,93,94,94,95,96,96,97,97,97,97,98,99],"card_choices":[{"not_picked":["ats:Hook Shot","ats:Apocalypse"],"picked":"ats:Consecutive Shot Auto","floor":1.0},{"not_picked":["ats:Assault Order","ats:Defend Order","ats:Childhood Dance"],"picked":"SKIP","floor":3.0},{"not_picked":["ats:Blood Oath","ats:Encircling Forest"],"picked":"ats:Curse Doll","floor":6.0},{"not_picked":["ats:Assault Order","ats:Hook Shot","ats:Explosion Area Strengthen"],"picked":"SKIP","floor":7.0},{"not_picked":["ats:Roar Of Ursus","ats:Sunburst"],"picked":"ats:Ambush","floor":8.0},{"not_picked":["ats:Shell Defense","ats:Sunburst"],"picked":"ats:Apocalypse","floor":10.0},{"not_picked":["ats:Explosion Area Strengthen","ats:Collapsing Strike","ats:Powerful Strike"],"picked":"SKIP","floor":13.0},{"not_picked":["ats:Explosion Area Strengthen","ats:Collapsing Strike","ats:Powerful Strike"],"picked":"SKIP","floor":13.0},{"not_picked":["ats:Ignite","ats:Assault Order","ats:Part Time Job"],"picked":"SKIP","floor":14.0},{"not_picked":["ats:Ignite","ats:Assault Order"],"picked":"ats:Part Time Job","floor":14.0},{"not_picked":["ats:Rat Pack","ats:Wolf Pack"],"picked":"ats:Calcification","floor":16.0},{"not_picked":["ats:Hammer On+1","ats:Flexible Camouflage","ats:Revitalization+1"],"picked":"SKIP","floor":18.0},{"not_picked":["ats:Consecutive Shot Auto","ats:Steam Pump+1"],"picked":"ats:Dogmatic Field+1","floor":20.0},{"not_picked":["ats:Leaping Hammer","ats:Soul Absorption+1","ats:Shell Defense+1"],"picked":"SKIP","floor":21.0},{"not_picked":["ats:Flame Of Heaven+1","ats:Sword Rain"],"picked":"ats:Thorns+1","floor":23.0},{"not_picked":["ats:Charging Defense+1","ats:Encircling Forest+1"],"picked":"ats:Composite Medical Shells+1","floor":25.0},{"not_picked":["ats:Mental Burst+1","ats:Blood Oath"],"picked":"ats:Healing Drone+1","floor":28.0},{"not_picked":["ats:Consecutive Shot Auto+1","ats:Assault Order+1","ats:Automatic Cover+1"],"picked":"SKIP","floor":28.0},{"not_picked":["ats:Apocalypse+1","ats:LN2 Cannon","ats:Hammer On"],"picked":"SKIP","floor":30.0},{"not_picked":["ats:Support Order+1","ats:Counter Healing Mode+1","ats:Shell Defense+1"],"picked":"SKIP","floor":31.0},{"not_picked":["ats:Apocalypse+1","ats:Spore Proliferation+1","ats:Leaping Hammer+1"],"picked":"SKIP","floor":31.0},{"not_picked":["ats:Durian+1","ats:Rat Pack+1"],"picked":"ats:Nebulous Foxfire+1","floor":33.0},{"not_picked":["ats:Consecutive Shot Auto","ats:Ignite","ats:Cat Scratch+1"],"picked":"SKIP","floor":35.0},{"not_picked":["ats:Counter Healing Mode+1","ats:Explosion Area Strengthen","ats:Directed Diagnosis+1"],"picked":"SKIP","floor":35.0},{"not_picked":["ats:Closed Bolt Burst Fire+1","ats:Shell Defense+1"],"picked":"ats:Ambush+1","floor":39.0},{"not_picked":["ats:Sword Rain","ats:Leaping Hammer+1","ats:Assault Order+1"],"picked":"SKIP","floor":39.0},{"not_picked":["ats:Flexible Camouflage+1","ats:Apocalypse+1"],"picked":"ats:Hook Shot+1","floor":41.0},{"not_picked":["ats:Poison Spread+1","ats:Cat Scratch","ats:Directed Diagnosis+1"],"picked":"SKIP","floor":41.0},{"not_picked":["ats:Poison Spread+1","ats:Cat Scratch","ats:Directed Diagnosis+1"],"picked":"SKIP","floor":41.0},{"not_picked":["ats:Hammer On","ats:Revitalization+1"],"picked":"ats:Hook Shot+1","floor":42.0},{"not_picked":["ats:Burning Ground+1","ats:Rapid Magazine+1","ats:Leaping Hammer"],"picked":"SKIP","floor":44.0},{"not_picked":["ats:Explosion Area Strengthen","ats:Very Hot Blade","ats:Hook Shot+1"],"picked":"SKIP","floor":44.0},{"not_picked":["ats:Powerful Strike+1","ats:Chain Hook"],"picked":"ats:Hook Shot+1","floor":45.0},{"not_picked":["Trip+1","Dramatic Entrance"],"picked":"Impatience+1","floor":46.0},{"not_picked":["ats:Curse Doll+1","ats:Overload","ats:Soul Absorption+1"],"picked":"SKIP","floor":47.0},{"not_picked":["ats:Demon Strength+1","ats:Volcano","ats:Powerful Strike+1"],"picked":"SKIP","floor":47.0},{"not_picked":["ats:Poison Spread+1","ats:Steam Pump+1","ats:LN2 Cannon+1"],"picked":"SKIP","floor":48.0},{"not_picked":["ats:Hammer On","ats:Composite Medical Shells+1","ats:Magnetic Hammer"],"picked":"SKIP","floor":54.0},{"not_picked":["ats:Hammer On","ats:Composite Medical Shells+1","ats:Magnetic Hammer"],"picked":"SKIP","floor":54.0}],"player_experience":917886,"relics_obtained":[{"floor":6.0,"key":"ats:Originium"},{"floor":6.0,"key":"ats:Hidden Killer"},{"floor":8.0,"key":"ats:Originium"},{"floor":8.0,"key":"Centennial Puzzle"},{"floor":9.0,"key":"Smiling Mask"},{"floor":10.0,"key":"ats:Originium"},{"floor":10.0,"key":"Mango"},{"floor":12.0,"key":"Regal Pillow"},{"floor":13.0,"key":"Blood Vial"},{"floor":17.0,"key":"Vajra"},{"floor":17.0,"key":"Frozen Egg 2"},{"floor":17.0,"key":"Torii"},{"floor":23.0,"key":"ats:Ability Aura"},{"floor":26.0,"key":"Prayer Wheel"},{"floor":27.0,"key":"Red Mask"},{"floor":30.0,"key":"Pen Nib"},{"floor":42.0,"key":"Toy Ornithopter"},{"floor":45.0,"key":"Shuriken"},{"floor":48.0,"key":"Kunai"},{"floor":54.0,"key":"Akabeko"}],"event_choices":[{"damage_healed":0.0,"max_hp_gain":0.0,"max_hp_loss":0.0,"gold_gain":0.0,"event_name":"Lab","player_choice":"Got Potions","floor":2.0,"gold_loss":0.0,"damage_taken":0.0},{"damage_healed":0.0,"max_hp_gain":0.0,"max_hp_loss":5.0,"gold_gain":0.0,"event_name":"Golden Idol","player_choice":"Lose Max HP","floor":4.0,"gold_loss":0.0,"damage_taken":0.0,"relics_obtained":["Golden Idol"]},{"damage_healed":0.0,"max_hp_gain":0.0,"max_hp_loss":0.0,"gold_gain":0.0,"event_name":"FaceTrader","player_choice":"Trade","floor":22.0,"gold_loss":0.0,"damage_taken":0.0,"relics_obtained":["FaceOfCleric"]},{"damage_healed":0.0,"max_hp_gain":0.0,"max_hp_loss":0.0,"gold_gain":0.0,"event_name":"Masked Bandits","player_choice":"Fought Bandits","floor":27.0,"gold_loss":0.0,"damage_taken":0.0},{"damage_healed":0.0,"max_hp_gain":0.0,"max_hp_loss":0.0,"gold_gain":0.0,"event_name":"Mysterious Sphere","player_choice":"Ignored","floor":36.0,"gold_loss":0.0,"damage_taken":0.0},{"damage_healed":0.0,"max_hp_gain":0.0,"max_hp_loss":0.0,"gold_gain":0.0,"event_name":"Winding Halls","player_choice":"Embrace Madness","floor":37.0,"gold_loss":0.0,"damage_taken":11.0,"cards_obtained":["Madness","Madness"]},{"damage_healed":0.0,"max_hp_gain":0.0,"max_hp_loss":0.0,"gold_gain":0.0,"event_name":"SensoryStone","player_choice":"Memory 1","floor":46.0,"gold_loss":0.0,"damage_taken":0.0}],"is_beta":false,"boss_relics":[{"not_picked":["Velvet Choker","Runic Dome"],"picked":"Calling Bell"},{"not_picked":["ats:Sanity Plus","Pandora\u0027s Box"],"picked":"Philosopher\u0027s Stone"}],"items_purged_floors":[5,19,38,53],"is_endless":false,"potions_floor_spawned":[1,3,7,8,13,20,21,25,30,31,39,42,44,45,48,54],"ascension_level":1}}