{"host":"ql2ou8pbwhrolc4x","time":1609393286,"event":{"mods":["2.2 Compatiblity","Act Like it!","Arknights The Spire","BaseMod","Better Third Choice","Colored Map","Colored Powertips","Gensokyo","Hallownest","Hubris","Infinite Spire","Lobotomy","LobotomyExtend","Marisa£¨Ùöéë¡¡Øª×âÞÞ£©","Minty Spire (QoL Compilation)","Random Character Button","Replay The Spire","Spicy Shops","StSLib","The Jungle","WarShipGirlsR/??á´Ò³R mod","vexMod","¡¼?Úª?ø«¡½REMEMod"],"gold_per_floor":[115,115,132,146,4,4,4,38,106,106,139,166,166,199,199,199,199],"floor_reached":16,"playtime":1519,"items_purged":["ats:Strike V"],"score":94,"play_id":"658b9dfd-1f01-44c9-a4d1-d0705ffd0936","local_time":"20201231144126","is_ascension_mode":false,"campfire_choices":[{"data":"Toxin Wave","floor":10,"key":"SMITH"},{"data":"ats:Poison Spread","floor":13,"key":"SMITH"},{"data":"ats:Emotion Absorption","floor":15,"key":"SMITH"}],"circlet_count":0,"master_deck":["ats:Strike C","ats:Strike G","ats:Strike S","ats:Armor Crushing Shot","ats:Defend","ats:Defend","ats:Defend","ats:Defend","ats:Emotion Absorption+1","Toxin Wave+1","ats:Poison Spread+1","ats:Consecutive Shot Auto","ats:Ignite","ats:Cat Scratch"],"relics":["ats:Sanity","REME_ComplimentaryCards","Boot","LetterFromLob","Hallownest:DreamNailRelic","ats:Gyao","Bag of Preparation"],"acts_visited":["Exordium"],"potions_floor_usage":[],"damage_taken":[{"damage":4,"enemies":"Hallownest:2_Baldur","floor":1,"turns":5},{"damage":6,"enemies":"Hallownest:2_Tiktiks_and_1_Crawlid","floor":3,"turns":4},{"damage":2,"enemies":"Hallownest:monsterHuskGuard","floor":4,"turns":4},{"damage":6,"enemies":"Hallownest:MossCreep_and_Mosskin","floor":8,"turns":4},{"damage":11,"enemies":"Hallownest:Wandering_and_Horned","floor":11,"turns":3},{"damage":11,"enemies":"Hallownest:Guard_and_Warrior","floor":12,"turns":4},{"damage":10,"enemies":"Hallownest:MossCreep_and_Mosskin","floor":14,"turns":4},{"damage":32,"enemies":"Hallownest:BossBrokenVessel","floor":16,"turns":6}],"seed_played":"1405772648114799492","potions_obtained":[{"floor":1,"key":"Explosive Potion"},{"floor":11,"key":"ats:Emergency Sanity Potion"}],"is_trial":false,"path_per_floor":["M","?","M","M","$","?","?","M","T","R","M","M","R","M","R","B"],"character_chosen":"DOCTOR_CLASS","items_purchased":["ats:Gyao"],"campfire_rested":0,"item_purchase_floors":[5],"current_hp_per_floor":[68,68,62,60,60,68,68,62,62,62,51,40,40,30,30,0,0],"gold":199,"neow_bonus":"RANDOM_COMMON_RELIC","is_daily":false,"chose_seed":false,"campfire_upgraded":3,"win_rate":0.0,"timestamp":1609393286,"path_taken":["M","?","?","M","$","?","?","?","T","R","M","M","R","M","R","BOSS"],"items_purchased_type":["Relic"],"build_version":"2020-12-22","purchased_purges":1,"victory":false,"max_hp_per_floor":[72,72,72,72,72,72,72,72,72,72,72,72,72,72,72,72,72],"card_choices":[{"not_picked":["ats:Flexible Camouflage","ats:Hammer On"],"picked":"ats:Poison Spread","floor":1},{"not_picked":["ats:Flame Of Heaven","ats:Hammer On"],"picked":"ats:Consecutive Shot Auto","floor":3},{"not_picked":["ats:Magnetic Hammer","ats:Healing Drone","ats:Consecutive Shot Auto"],"picked":"SKIP","floor":4},{"not_picked":["ats:Shell Defense","ats:Apocalypse"],"picked":"ats:Ignite","floor":8},{"not_picked":["ats:Ignite","ats:Encircling Forest"],"picked":"ats:Cat Scratch","floor":11},{"not_picked":["ats:Hammer On","ats:Collapsing Strike","ats:Steam Pump"],"picked":"SKIP","floor":12},{"not_picked":["ats:Curse Doll","ats:Hammer On","ats:Spore Proliferation"],"picked":"SKIP","floor":14}],"player_experience":915068,"relics_obtained":[{"floor":1,"key":"LetterFromLob"},{"floor":9,"key":"Bag of Preparation"}],"event_choices":[],"is_beta":false,"boss_relics":[],"items_purged_floors":[5],"is_endless":false,"potions_floor_spawned":[1,11],"killed_by":"Hallownest:BossBrokenVessel","ascension_level":0}}