{"host":"iv4l93feeza0hr07","time":1609411142,"event":{"mods":["2.2 Compatiblity","AchievementEnabler","Act Like it!","BaseMod","BetterRewards","Colored Map","Colored Powertips","Conspire","Downfall","Duelist Mod","GifTheSpireLib","GungeonMod","Hallownest","Hubris","Infinite Spire","LagranYue(???·?)","Mimic Mod","Minty Spire (QoL Compilation)","Quick Restart","Replay The Spire","StSLib","The Bug Knight","The Jungle","The Wild Card","Yuri Mod"],"gold_per_floor":[137,137,153,38,51,51,81,97,124,299,315,315,315,315,315,317,317,332,347,347,70,70,70,70,70,70,70,88,102,114,130,141,141,141,236,236,253,253,272,272,287,287,333,333,333,333,346,378,401,401,401,401],"floor_reached":53,"playtime":4235,"items_purged":["Pain","Doubt"],"score":612,"play_id":"14e0ec26-426e-4a6f-9d33-028213960472","local_time":"20201231023902","is_ascension_mode":false,"campfire_choices":[{"floor":13,"key":"REST"},{"data":"theDuelist:MeteorDestruction","floor":23,"key":"SMITH"},{"data":"Slimebound:CheckThePlaybook","floor":27,"key":"SMITH"},{"floor":33,"key":"REST"},{"data":"theDuelist:SwordsRevealing","floor":42,"key":"SMITH"},{"floor":44,"key":"DIG"},{"floor":51,"key":"REST"}],"circlet_count":0,"master_deck":["theDuelist:BeaverWarrior","theDuelist:FrontierWiseman","theDuelist:MiraculousDescent+1","Pot Of Greed","theDuelist:GiantSoldier","theDuelist:FairyBox+1","theDuelist:SwordsRevealing+1","theDuelist:Reinforcements+1","theDuelist:AssaultArmor","theDuelist:BeaverWarrior","theDuelist:GiantSoldier","theDuelist:ScrapFactory","Burn","Burn","theDuelist:HappyLover","Slimebound:Icky","theDuelist:MagicalStone+1","Pot Of Greed","theDuelist:CastleWalls","Pot Of Greed","theDuelist:CastleWalls","theDuelist:RainbowKuriboh+1","theDuelist:MeteorDestruction+1","theDuelist:MudragonSwamp+1","infinitespire:FinalStrike","theDuelist:SwordsConcealing","theDuelist:SparkBlaster","theDuelist:Sparks","theDuelist:VendreadCharge","infinitespire:Starlight+1","Slimebound:CheckThePlaybook+1","theDuelist:SpellShatteringArrow","theDuelist:Sparks","theDuelist:Mathematician+1","theDuelist:GravityAxe","theDuelist:FinalFlame","theDuelist:AssaultArmor","theDuelist:CrystalRaigeki","theDuelist:Tuningware+1","Pot Of Greed","theDuelist:WingedKuriboh+1","theDuelist:WhiteHowling","theDuelist:RainbowNeos"],"relics":["theDuelist:MillenniumPuzzle","theDuelist:CardPoolRelic","theDuelist:CardPoolBasicRelic","theDuelist:BoosterPackPoolRelic","theDuelist:CardPoolAddRelic","theDuelist:CardPoolMinusRelic","theDuelist:CardPoolSaveRelic","theDuelist:CardPoolOptionsRelic","LagranYue:RandomDrawCardRelic","Nunchaku","WarpedTongs","infinitespire:PuzzleCube","Juzu Bracelet","conspire:SeveredTorchhead","Replay:Mystery Machine","MutagenicStrength","DemoMod:RatBoots","DemoMod:ResourcefulSack","DemoMod:PartiallyEatenCheese","hubris:Backtick","Grinning Jar","Empty Cage","Shovel","hubris:Potato","Charon\u0027s Ashes","hubris:Reverence","ReplayTheSpireMod:TigerMarble","Ginger","hubris:Icosahedron"],"acts_visited":["Exordium","TheCity","TheCity","Hallownest:KingdomsEdge"],"potions_floor_usage":[52,52],"damage_taken":[{"damage":0,"enemies":"2 Louse","floor":1,"turns":2},{"damage":2,"enemies":"Jaw Worm","floor":3,"turns":3},{"damage":11,"enemies":"Cultist","floor":5,"turns":4},{"damage":41,"enemies":"Lagavulin","floor":7,"turns":8},{"damage":8,"enemies":"3 Louse","floor":8,"turns":4},{"damage":2,"enemies":"Blue Slaver","floor":11,"turns":2},{"damage":54,"enemies":"Slime Boss","floor":16,"turns":8},{"damage":7,"enemies":"Chosen","floor":18,"turns":4},{"damage":6,"enemies":"3 Byrds","floor":19,"turns":4},{"damage":10,"enemies":"DemoMod:Veteran_shot_gun_kin_and_red_shotgun_kin","floor":28,"turns":3},{"damage":6,"enemies":"DemoMod:4_Bullet_Kins","floor":29,"turns":3},{"damage":16,"enemies":"DemoMod:2_Mousers","floor":30,"turns":7},{"damage":26,"enemies":"DemoMod:Veteran_shot_gun_kin_and_blue_shotgun_kin","floor":31,"turns":4},{"damage":21,"enemies":"DemoMod:Veteran_shot_gun_kin_and_blue_shotgun_kin_with_gunsinger","floor":32,"turns":3},{"damage":45,"enemies":"DemoMod:ResourcefulRat","floor":35,"turns":12},{"damage":32,"enemies":"Hallownest:2_Littles","floor":37,"turns":7},{"damage":0,"enemies":"Hallownest:Shield_Heavy","floor":39,"turns":7},{"damage":13,"enemies":"Hallownest:2_Wandering_and_1_Horned","floor":41,"turns":7},{"damage":0,"enemies":"Hallownest:2_Wandering_and_1_Horned","floor":43,"turns":4},{"damage":14,"enemies":"Hallownest:Slobbering_and_Violent","floor":47,"turns":7},{"damage":8,"enemies":"Hallownest:eliteHiveKnight","floor":48,"turns":7},{"damage":34,"enemies":"Hallownest:Radiance","floor":52,"turns":11}],"seed_played":"-1726077088022732774","potions_obtained":[{"floor":3,"key":"PowerPotion"},{"floor":11,"key":"Dexterity Potion"},{"floor":19,"key":"Milkshake"},{"floor":28,"key":"ColorlessPotion"},{"floor":35,"key":"theDuelist:FusionPotion"},{"floor":39,"key":"theDuelist:ReducerPotion"},{"floor":47,"key":"Adrenaline Potion"}],"is_trial":false,"path_per_floor":["M","?","M","$","M","?","E","M","T","?","M","?","R","?","R_BF","B",null,"M","M","?","$","?","R","?","?","T","R","M","M","M","M","M","R","B","B",null,"M","AVR","M","?","M","R","?","R","T","?","M","E","?","?","R","B",null],"character_chosen":"THE_DUELIST","items_purchased":["DemoMod:GnawedKey","theDuelist:MiraculousDescent+1","Replay:Mystery Machine"],"campfire_rested":3,"item_purchase_floors":[4,21,21],"current_hp_per_floor":[80,80,78,78,67,67,26,18,18,18,16,16,40,40,64,25,80,73,67,67,67,67,67,67,67,80,80,70,79,63,52,46,70,75,45,80,48,48,63,63,65,65,65,65,65,80,66,58,26,26,50,32],"gold":401,"neow_bonus":"THREE_CARDS","is_daily":false,"chose_seed":false,"campfire_upgraded":3,"win_rate":0.0,"timestamp":1609411142,"path_taken":["M","?","M","$","M","?","E","?","T","?","M","?","R","?","R_BF","BOSS","M","M","?","$","?","R","?","?","T","R","M","M","M","M","M","R","BOSS","BOSS","M","AVR","M","?","M","R","?","R","T","?","M","E","?","?","R","BOSS"],"items_purchased_type":["Relic","Card","Relic"],"build_version":"2020-12-22","purchased_purges":2,"victory":true,"max_hp_per_floor":[80,80,80,80,80,80,80,80,80,80,80,80,80,80,80,80,80,80,80,80,80,80,80,80,80,80,80,80,80,80,80,80,80,80,80,80,80,80,80,80,80,80,80,80,80,80,80,80,80,80,80,80],"card_choices":[{"not_picked":["theDuelist:DarkBurningAttack","theDuelist:Invigoration"],"picked":"theDuelist:CrystalRaigeki","floor":0},{"not_picked":["theDuelist:AssaultArmor","theDuelist:MiracleFertilizer","theDuelist:Invigoration","theDuelist:CrystalBlessing"],"picked":"theDuelist:SparkBlaster","floor":1},{"not_picked":["theDuelist:DestroyerGolem","theDuelist:LightningDarts","theDuelist:WingedKuriboh","theDuelist:GauntletWarrior"],"picked":"theDuelist:MudragonSwamp","floor":3},{"not_picked":["theDuelist:GravityAxe","theDuelist:ElectromagneticShield","theDuelist:MiraculousDescent"],"picked":"theDuelist:WhiteHowling","floor":5},{"not_picked":["theDuelist:BigFire","theDuelist:ScrapFactory","theDuelist:WormApocalypse","theDuelist:SangaEarth"],"picked":"theDuelist:RainbowNeos","floor":7},{"not_picked":["theDuelist:Hinotama","theDuelist:PowerKaishin","theDuelist:WormApocalypse","theDuelist:MiraculousDescent"],"picked":"theDuelist:MeteorDestruction","floor":8},{"not_picked":["theDuelist:WhiteHowling","theDuelist:ImperialOrder","theDuelist:Electrowhip","theDuelist:MiraculousDescent"],"picked":"theDuelist:SwordsConcealing","floor":11},{"not_picked":["ReplayTheSpireMod:Black Plague","infinitespire:SevenWalls"],"picked":"infinitespire:Starlight","floor":12},{"not_picked":["theDuelist:RainbowNeos","theDuelist:KamionTimelord","theDuelist:Eva","theDuelist:RainbowOverdragon"],"picked":"theDuelist:RainbowKuriboh","floor":16},{"not_picked":["theDuelist:DoubleTool+1","theDuelist:Invigoration","theDuelist:Eva","theDuelist:FluteKuriboh"],"picked":"theDuelist:AssaultArmor","floor":18},{"not_picked":["theDuelist:BlackPendant+1","theDuelist:Tuningware","theDuelist:PreventRat","theDuelist:GilfordLegend"],"picked":"theDuelist:FrontierWiseman","floor":19},{"not_picked":["theDuelist:SpellShatteringArrow","theDuelist:CombinationAttack+1","theDuelist:EgoBoost","theDuelist:AfterTheStorm"],"picked":"theDuelist:AssaultArmor","floor":28},{"not_picked":["theDuelist:RainbowNeos","theDuelist:WormApocalypse","theDuelist:MeteorDestruction","theDuelist:ScrapFactory"],"picked":"theDuelist:Tuningware+1","floor":29},{"not_picked":["theDuelist:Wiretap","theDuelist:PsychicShockwave+1","theDuelist:FairyBox","theDuelist:CrystalRaigeki"],"picked":"theDuelist:Reinforcements+1","floor":30},{"not_picked":["theDuelist:Wiretap","theDuelist:Wildfire+1","theDuelist:CoreBlaster+1","theDuelist:AncientGearFist+1"],"picked":"theDuelist:MagicalStone+1","floor":31},{"not_picked":["theDuelist:WhiteHowling","theDuelist:PsychicShockwave","theDuelist:Graverobber","theDuelist:Reinforcements","theDuelist:PowerWall"],"picked":"SKIP","floor":32},{"not_picked":["theDuelist:GridRod","theDuelist:GravityLash","theDuelist:MillenniumShield","theDuelist:Mathematician"],"picked":"theDuelist:SwordsRevealing","floor":35},{"not_picked":["theDuelist:RainbowNeos","theDuelist:KamionTimelord","theDuelist:RainbowKuriboh","theDuelist:RainbowOverdragon"],"picked":"theDuelist:HappyLover","floor":35},{"not_picked":["theDuelist:MeteorDestruction","theDuelist:Hinotama","theDuelist:DoubleTool","theDuelist:RainbowNeos"],"picked":"theDuelist:SpellShatteringArrow","floor":36},{"not_picked":["theDuelist:BattleOx","theDuelist:FuryFire+4","theDuelist:LightningRodLord","theDuelist:Mudora"],"picked":"theDuelist:WingedKuriboh+1","floor":37},{"not_picked":["theDuelist:AttackTheMoon+1","theDuelist:GemArmadillo","theDuelist:WormBarses+1","theDuelist:RedMedicine","theDuelist:GaiaMidNightSun+1"],"picked":"SKIP","floor":39},{"not_picked":["theDuelist:SwordsConcealing+1","theDuelist:SevenCompleted+1"],"picked":"theDuelist:Mathematician+1","floor":41},{"not_picked":["theDuelist:UnderworldCannon+1","theDuelist:LightningVortex+1","theDuelist:InfernoFireBlast","theDuelist:LightningBlade"],"picked":"theDuelist:VendreadCharge","floor":43},{"not_picked":["theDuelist:Electrowhip+1","theDuelist:ElectromagneticShield+1","theDuelist:MiraculousDescent+1"],"picked":"theDuelist:GravityAxe","floor":47},{"not_picked":["theDuelist:CoreBlaster+1","theDuelist:RainbowNeos+1","theDuelist:WormApocalypse+1","theDuelist:CharcoalInpachi+1"],"picked":"theDuelist:FairyBox+1","floor":48}],"player_experience":141718,"relics_obtained":[{"floor":7,"key":"infinitespire:PuzzleCube"},{"floor":9,"key":"Juzu Bracelet"},{"floor":36,"key":"DemoMod:RatBoots"},{"floor":36,"key":"DemoMod:ResourcefulSack"},{"floor":36,"key":"DemoMod:PartiallyEatenCheese"},{"floor":36,"key":"hubris:Backtick"},{"floor":36,"key":"Empty Cage"},{"floor":43,"key":"Shovel"},{"floor":43,"key":"hubris:Potato"},{"floor":43,"key":"Charon\u0027s Ashes"},{"floor":44,"key":"hubris:Reverence"},{"floor":48,"key":"ReplayTheSpireMod:TigerMarble"},{"floor":49,"key":"Ginger"}],"event_choices":[{"damage_healed":0,"gold_gain":0,"player_choice":"Box","damage_taken":0,"relics_obtained":["Nunchaku"],"max_hp_gain":0,"max_hp_loss":0,"event_name":"Big Fish","floor":2,"gold_loss":0,"cards_obtained":["Regret"]},{"damage_healed":0,"gold_gain":0,"player_choice":"Rummage","damage_taken":0,"relics_obtained":["WarpedTongs"],"max_hp_gain":0,"max_hp_loss":0,"event_name":"Accursed Blacksmith","floor":6,"gold_loss":0,"cards_obtained":["Pain"]},{"damage_healed":0,"gold_gain":175,"player_choice":"AGREE","damage_taken":0,"max_hp_gain":0,"max_hp_loss":0,"event_name":"Liars Game","floor":10,"gold_loss":0,"cards_obtained":["Doubt"]},{"damage_healed":0,"gold_gain":0,"player_choice":"Upgraded","damage_taken":0,"max_hp_gain":0,"max_hp_loss":0,"event_name":"Upgrade Shrine","floor":20,"gold_loss":0,"cards_upgraded":["theDuelist:RainbowKuriboh"]},{"damage_healed":0,"gold_gain":0,"player_choice":"Inject Mutagens","damage_taken":0,"relics_obtained":["MutagenicStrength"],"max_hp_gain":0,"max_hp_loss":0,"event_name":"Drug Dealer","floor":25,"gold_loss":0},{"damage_healed":0,"gold_gain":0,"player_choice":"Fight","duelist":true,"damage_taken":0,"max_hp_gain":0,"max_hp_loss":0,"event_name":"Battle City","floor":43,"gold_loss":0}],"is_beta":false,"boss_relics":[{"not_picked":["HoveringKite","Ring of Chaos"],"picked":"conspire:SeveredTorchhead"},{"not_picked":[]}],"items_purged_floors":[21,38],"is_endless":false,"potions_floor_spawned":[3,11,19,28,30,32,35,39,41,47],"ascension_level":0}}