{"host":"2461dio7vetlq1z3","time":1609441915,"event":{"mods":["2.2 Compatiblity","AchievementEnabler","BaseMod","Better Third Choice","Friendly Minions","Hubris","Minty Spire (QoL Compilation)","Relic Stats","Spicy Shops","StSLib","Waifu the Spire"],"gold_per_floor":[118,118,118,136,150,150,182,182,206,229,258,223,258,277,277,355,355,368,318,63,73,73,73,102,102,102,130,141,154,154,185,185,262,262,278,290,310,329,345,345],"floor_reached":39,"playtime":1800,"items_purged":[],"score":1072,"play_id":"84dc2a34-d08e-41c8-a625-6c0b4048ed4a","local_time":"20201231201155","is_ascension_mode":true,"campfire_choices":[{"data":"Bash","floor":6,"key":"SMITH"},{"floor":8,"key":"REST"},{"data":"Armaments","floor":15,"key":"SMITH"},{"data":"Bludgeon","floor":23,"key":"SMITH"},{"data":"True Grit","floor":25,"key":"SMITH"},{"data":"Corruption","floor":30,"key":"SMITH"},{"floor":32,"key":"REST"}],"circlet_count":0,"master_deck":["AscendersBane","Strike_R+1","Strike_R","Defend_R","Defend_R","Defend_R","Defend_R+1","Bash+1","Wild Strike","Dropkick","Armaments+1","Combust+1","Perfected Strike","Bludgeon+1","Shrug It Off+1","Corruption+1","hubris:SharpeningStone+1","Dark Embrace","Feel No Pain","True Grit+1","Rupture","Flame Barrier","Pommel Strike","Barricade","Second Wind+1","Armaments+1","Flame Barrier+1"],"relics":["Sozu","hubris:SlimyHat","Lantern","Toy Ornithopter","hubris:ToyBattleship","Darkstone Periapt","MealTicket","Empty Cage","OrangePellets","Shuriken","hubris:Spice","hubris:DeckOfHolding","War Paint","Snecko Eye"],"acts_visited":["Exordium","TheCity","TheBeyond"],"potions_floor_usage":[],"damage_taken":[{"damage":7,"enemies":"Jaw Worm","floor":1,"turns":3},{"damage":7,"enemies":"Small Slimes","floor":4,"turns":3},{"damage":1,"enemies":"Cultist","floor":5,"turns":3},{"damage":33,"enemies":"Lagavulin","floor":7,"turns":5},{"damage":13,"enemies":"3 Sentries","floor":11,"turns":5},{"damage":8,"enemies":"Gremlin Nob","floor":13,"turns":3},{"damage":16,"enemies":"Exordium Thugs","floor":14,"turns":3},{"damage":15,"enemies":"The Guardian","floor":16,"turns":9},{"damage":2,"enemies":"Chosen","floor":18,"turns":3},{"damage":0,"enemies":"Spheric Guardian","floor":21,"turns":1},{"damage":19,"enemies":"Gremlin Leader","floor":24,"turns":5},{"damage":3,"enemies":"Book of Stabbing","floor":27,"turns":4},{"damage":12,"enemies":"Snake Plant","floor":28,"turns":4},{"damage":10,"enemies":"Centurion and Healer","floor":29,"turns":5},{"damage":11,"enemies":"Slavers","floor":31,"turns":5},{"damage":28,"enemies":"hubris:MusketHawk","floor":33,"turns":6},{"damage":17,"enemies":"Orb Walker","floor":35,"turns":5},{"damage":4,"enemies":"3 Shapes","floor":36,"turns":4},{"damage":0,"enemies":"Maw","floor":37,"turns":5},{"damage":0,"enemies":"Writhing Mass","floor":38,"turns":4},{"damage":11,"enemies":"Transient","floor":39,"turns":6}],"seed_played":"3870924618105889460","potions_obtained":[],"is_trial":false,"path_per_floor":["M","?","?","M","M","R","E","R","T","T","E","?","E","M","R","B",null,"M","?","$","M","$","R","E","R","T","E","M","M","R","E","R","B",null,"M","M","M","M","M"],"character_chosen":"IRONCLAD","items_purchased":["Dark Embrace","OrangePellets"],"campfire_rested":2,"item_purchase_floors":[20,20],"current_hp_per_floor":[61,56,56,49,48,48,15,37,37,37,24,42,34,18,18,3,57,55,55,70,70,75,75,56,56,64,61,49,39,39,28,52,24,68,51,47,47,47,36,36],"gold":345,"neow_bonus":"BOSS_RELIC","is_daily":false,"chose_seed":false,"campfire_upgraded":5,"win_rate":0.0,"timestamp":1609441915,"path_taken":["M","?","?","?","M","R","E","R","T","?","E","?","E","M","R","BOSS","M","?","?","M","$","R","E","R","T","E","M","M","R","E","R","BOSS","M","?","M","M","M"],"items_purchased_type":["Card","Relic"],"build_version":"2020-12-22","purchased_purges":0,"victory":false,"max_hp_per_floor":[75,75,75,75,75,75,75,75,75,75,75,75,75,75,75,75,75,75,75,75,75,75,75,75,75,83,83,83,83,83,83,83,83,83,83,83,83,83,83,83],"relic_stats":{"Sozu":8,"Darkstone Periapt":0,"OrangePellets":[12],"counters":[21,91],"Shuriken":[24],"Snecko Eye":[22,21,15,19],"MealTicket":20,"War Paint":["Shrug It Off","Defend_R"],"obtain_stats":[{"Darkstone Periapt":11,"Lantern":7,"hubris:SlimyHat":2,"War Paint":31,"Empty Cage":17,"Burning Blood":0,"Sozu":0,"OrangePellets":20,"Shuriken":24,"hubris:Spice":26,"Snecko Eye":34,"MealTicket":13,"hubris:DeckOfHolding":27,"hubris:ToyBattleship":10,"Toy Ornithopter":9},{"Darkstone Periapt":5,"Lantern":4,"hubris:SlimyHat":1,"War Paint":15,"Empty Cage":8,"Burning Blood":0,"Sozu":0,"OrangePellets":9,"Shuriken":11,"hubris:Spice":11,"Snecko Eye":16,"MealTicket":6,"hubris:DeckOfHolding":12,"hubris:ToyBattleship":4,"Toy Ornithopter":4},{"Darkstone Periapt":19,"Lantern":14,"hubris:SlimyHat":3,"War Paint":61,"Empty Cage":34,"Burning Blood":0,"Sozu":0,"OrangePellets":37,"Shuriken":43,"hubris:Spice":43,"Snecko Eye":67,"MealTicket":22,"hubris:DeckOfHolding":47,"hubris:ToyBattleship":14,"Toy Ornithopter":14}],"Toy Ornithopter":0},"card_choices":[{"not_picked":["Flex","Havoc"],"picked":"Wild Strike","floor":1},{"not_picked":["Thunderclap","Body Slam"],"picked":"Armaments","floor":4},{"not_picked":["Cleave","Shrug It Off"],"picked":"Combust","floor":5},{"not_picked":["Combust","Body Slam"],"picked":"Perfected Strike","floor":7},{"not_picked":["Searing Blow","Headbutt"],"picked":"Bludgeon","floor":11},{"not_picked":["Seeing Red","Flex","Wild Strike"],"picked":"SKIP","floor":13},{"not_picked":["Headbutt","Heavy Blade"],"picked":"Shrug It Off","floor":14},{"not_picked":["Barricade","Bludgeon"],"picked":"Corruption","floor":16},{"not_picked":["Pommel Strike","Cleave+1"],"picked":"hubris:SharpeningStone+1","floor":18},{"not_picked":["Heavy Blade","Iron Wave"],"picked":"Feel No Pain","floor":21},{"not_picked":["Thunderclap","Headbutt"],"picked":"True Grit","floor":24},{"not_picked":["Immolate","Pummel"],"picked":"Rupture","floor":27},{"not_picked":["Perfected Strike","Anger"],"picked":"Flame Barrier","floor":28},{"not_picked":["Flex","Body Slam","hubris:ReadiedAction"],"picked":"SKIP","floor":29},{"not_picked":["Corruption","hubris:ReadiedAction"],"picked":"Pommel Strike","floor":31},{"not_picked":["Immolate","hubris:StunningStrike"],"picked":"Barricade","floor":33},{"not_picked":["hubris:ReadiedAction+1","Seeing Red"],"picked":"Second Wind+1","floor":35},{"not_picked":["Heavy Blade+1","Clash"],"picked":"Armaments+1","floor":36},{"not_picked":["Thunderclap","Warcry"],"picked":"Flame Barrier+1","floor":37},{"not_picked":["Intimidate+1","Wild Strike","True Grit"],"picked":"SKIP","floor":38}],"player_experience":967539,"relics_obtained":[{"floor":7,"key":"Lantern"},{"floor":9,"key":"Toy Ornithopter"},{"floor":10,"key":"hubris:ToyBattleship"},{"floor":11,"key":"Darkstone Periapt"},{"floor":13,"key":"MealTicket"},{"floor":24,"key":"Shuriken"},{"floor":26,"key":"hubris:Spice"},{"floor":27,"key":"hubris:DeckOfHolding"},{"floor":31,"key":"War Paint"}],"event_choices":[{"damage_healed":0,"gold_gain":0,"player_choice":"Relic ","damage_taken":5,"max_hp_gain":0,"max_hp_loss":0,"event_name":"betterThird:BetterScrap","floor":2,"gold_loss":0,"cards_obtained":["ForeignInfluence"]},{"damage_healed":0,"gold_gain":0,"cards_transformed":["Strike_R"],"player_choice":"Transformed","damage_taken":0,"max_hp_gain":0,"max_hp_loss":0,"event_name":"Transmorgrifier","floor":3,"gold_loss":0,"cards_obtained":["Dropkick"]},{"damage_healed":18,"gold_gain":0,"player_choice":"Healed","damage_taken":0,"max_hp_gain":0,"max_hp_loss":0,"event_name":"The Cleric","floor":12,"gold_loss":35},{"damage_healed":0,"gold_gain":0,"player_choice":"Upgraded Two","damage_taken":0,"max_hp_gain":0,"max_hp_loss":0,"event_name":"Designer","floor":19,"gold_loss":50,"cards_upgraded":["Combust","Strike_R"]}],"is_beta":false,"boss_relics":[{"not_picked":["Tiny House","hubris:VirtuousBlindfold"],"picked":"Empty Cage"},{"not_picked":["Runic Cube","Cursed Key"],"picked":"Snecko Eye"}],"items_purged_floors":[],"is_endless":false,"potions_floor_spawned":[5,7,16,18,28,29,33,37],"killed_by":"Transient","ascension_level":20}}