{"host":"3m7kwbdmvdgbilll","time":1609429542,"event":{"mods":["2.2 Compatiblity","AchievementEnabler","Aspiration","BaseMod","Beaked The Cultist","Better Match","Better Sensory Stone","Better Skull","Better Third Choice","BetterRewards","CCEM","Colored Map","Colored Powertips","Conspire","Custom Start","Downfall","Energized Spire","GifTheSpireLib","Halation","Hermit","Highlight Path","Hubris","Infinite Spire","Jedi Mod","Marisa????????","Mimic Mod","Minty Spire (QoL Compilation)","Permanent Neow","Quick Restart","Rare Cards Sparkle","Replay The Spire","Shop Mod","Small Relic Pack","Spicy Shops","StSLib","Stuff the Spire","The Construct","The Hierophant","The Servant 0.9.4","Unceasing Turn Reminder","Wandering Minibosses"],"gold_per_floor":[99,99,99,110,110,130,130,148,148,180,180,180,209,209],"floor_reached":13,"playtime":616,"items_purged":[],"score":91,"play_id":"930e9f45-46f5-481a-a490-74e1f3a76acb","local_time":"20201231104542","is_ascension_mode":false,"campfire_choices":[{"data":"Swift Strike","floor":1,"key":"SMITH"},{"data":"conspire:Banana","floor":9,"key":"SMITH"},{"floor":11,"key":"REST"}],"circlet_count":0,"master_deck":["Strike_MRS","Strike_MRS","Strike_MRS","Strike_MRS","Defend_MRS+1","Defend_MRS+1","Defend_MRS","Defend_MRS","MasterSpark","UpSweep","Swift Strike+1","conspire:Banana+1","MysteriousBeam","OrrerysSun","AsteroidBelt","ReplayTheSpireMod:Private Reserves","MasterSpark","MillisecondPulsars"],"relics":["MiniHakkero","halation:TwoAmDonut","ReplayTheSpireMod:Lightbulb","Simple Rune"],"acts_visited":["Exordium"],"potions_floor_usage":[10],"damage_taken":[{"damage":9,"enemies":"conspire:RoseBush","floor":4,"turns":2},{"damage":2,"enemies":"2 Louse","floor":6,"turns":3},{"damage":0,"enemies":"Small Slimes","floor":8,"turns":3},{"damage":17,"enemies":"Replay:BlueRogue","floor":10,"turns":5},{"damage":24,"enemies":"Lagavulin","floor":13,"turns":6}],"seed_played":"-7279468649301399818","potions_obtained":[{"floor":4,"key":"Strength Potion"},{"floor":13,"key":"BlessingOfTheForge"}],"is_trial":false,"path_per_floor":["R_BF","?","?","M","?","M","T","M","R","E","R","?","E"],"character_chosen":"MARISA","items_purchased":[],"campfire_rested":1,"item_purchase_floors":[],"current_hp_per_floor":[75,75,75,66,74,73,73,74,74,59,79,79,57,57],"gold":209,"neow_bonus":"RANDOM_COLORLESS","is_daily":false,"chose_seed":false,"campfire_upgraded":2,"win_rate":0.0,"timestamp":1609429542,"path_taken":["R_BF","?","?","M","?","M","T","M","R","E","R","?","E"],"items_purchased_type":[],"build_version":"2020-12-22","purchased_purges":0,"victory":false,"max_hp_per_floor":[75,75,75,75,75,76,76,77,77,79,79,79,81,81],"card_choices":[{"not_picked":["ReplayTheSpireMod:Trickstab","hubris:Ssssneak"],"picked":"Swift Strike","floor":0},{"not_picked":["expansioncontent:DefensiveMode","Transmutation"],"picked":"conspire:Banana","floor":2},{"not_picked":["IllusionStar","ShootTheMoon","UnstableBomb"],"picked":"SKIP","floor":4},{"not_picked":["DC","IllusionStar"],"picked":"MysteriousBeam","floor":6},{"not_picked":["ShootTheMoon","WitchLeyline"],"picked":"OrrerysSun","floor":8},{"not_picked":["IllusionStar","MeteoricShower"],"picked":"AsteroidBelt","floor":10}],"player_experience":40923,"relics_obtained":[{"floor":7,"key":"halation:TwoAmDonut"},{"floor":10,"key":"ReplayTheSpireMod:Lightbulb"},{"floor":13,"key":"Simple Rune"}],"event_choices":[{"damage_healed":0,"gold_gain":1,"player_choice":"1","damage_taken":0,"max_hp_gain":0,"max_hp_loss":0,"event_name":"betterStone:BetterStone","floor":2,"gold_loss":0},{"damage_healed":0,"gold_gain":0,"player_choice":"Disagree","damage_taken":0,"max_hp_gain":0,"max_hp_loss":0,"event_name":"conspire:LoneGhost","floor":3,"gold_loss":0}],"is_beta":false,"boss_relics":[],"items_purged_floors":[],"is_endless":false,"potions_floor_spawned":[4,13],"killed_by":"Lagavulin","ascension_level":0}}