{"host":"o5jvvi5yapo90aia","time":1609406658,"event":{"mods":["BaseMod","CapriCore","Minty Spire (QoL Compilation)","MostiFishMod","Prisma Mod","Spicy Shops","StSLib","TestMod","The Immortal","Yakumo Yukari mod","【人物mod】游戏王New YuGiOh mod","【功能Mod】Neow奖励"],"gold_per_floor":[119,119,119,133,143,175,190,219,219,144,144,169,69,124,124,195,195,211,225,225,225,225,254,254,269,292,292,326,336,354,383,383,455,455,469,488,538,552,567,567,598,598,898,918,918,957,957,962,962,967,972,972,972,24,63,73],"floor_reached":57,"playtime":1456,"items_purged":["Pain","Strike_R"],"score":3801,"play_id":"e1f55093-cd1b-494e-bf39-96c36d12e483","local_time":"20201231172418","is_ascension_mode":true,"campfire_choices":[{"data":"Strike_R","floor":15,"key":"PURGE"},{"floor":24,"key":"RECALL"},{"data":"Strike_R+1","floor":27,"key":"PURGE"},{"data":"Bash","floor":32,"key":"PURGE"},{"data":"Strike_R+1","floor":40,"key":"PURGE"},{"data":"Strike_R+1","floor":45,"key":"PURGE"},{"data":"Defend_R+1","floor":49,"key":"PURGE"},{"data":"Defend_R+1","floor":53,"key":"PURGE"}],"circlet_count":0,"master_deck":["Defend_R+1","Defend_R+1","Burning Pact+1","Shockwave+1","Rampage+1","MostiFishMod:MusicBox+1","Feel No Pain+1"],"relics":["DaveBox","testmod-TestBox","xbg","ExusiaiGun","testmod-Nyarlathotep","Turnip","WarpedTongs","Ancient Tea Set","ImprovedEquipment","PreservedInsect","Paper Frog","JellyFishMachine","Bag of Preparation","Kunai","Bag of Marbles","Potion Belt","Akabeko","RhineSuit","Bronze Scales","Old Coin","Mercury Hourglass","Happy Flower","DaCapo","Technique","Bottled Lightning"],"acts_visited":["Exordium","TheCity","TheBeyond","TheEnding"],"potions_floor_usage":[56,56,56],"damage_taken":[{"damage":0.0,"enemies":"Small Slimes","floor":1.0,"turns":1.0},{"damage":0,"enemies":"Cultist","floor":4,"turns":1},{"damage":0,"enemies":"2 Louse","floor":5,"turns":1},{"damage":0,"enemies":"Gremlin Nob","floor":6,"turns":1},{"damage":1,"enemies":"Exordium Thugs","floor":7,"turns":2},{"damage":1,"enemies":"Lagavulin","floor":8,"turns":3},{"damage":0,"enemies":"3 Sentries","floor":12,"turns":4},{"damage":0,"enemies":"Lagavulin Event","floor":14,"turns":1},{"damage":34,"enemies":"Hexaghost","floor":16,"turns":3},{"damage":0,"enemies":"Chosen","floor":18,"turns":1},{"damage":0,"enemies":"2 Thieves","floor":19,"turns":2},{"damage":0,"enemies":"Slavers","floor":23,"turns":2},{"damage":0,"enemies":"3 Cultists","floor":25,"turns":3},{"damage":0,"enemies":"Gremlin Leader","floor":28,"turns":1},{"damage":0,"enemies":"Snecko","floor":29,"turns":1},{"damage":0,"enemies":"Cultist and Chosen","floor":30,"turns":2},{"damage":0,"enemies":"Book of Stabbing","floor":31,"turns":1},{"damage":0,"enemies":"Champ","floor":33,"turns":2},{"damage":0,"enemies":"3 Darklings","floor":35,"turns":1},{"damage":0,"enemies":"3 Shapes","floor":36,"turns":2},{"damage":0,"enemies":"Transient","floor":38,"turns":3},{"damage":0,"enemies":"3 Darklings","floor":39,"turns":1},{"damage":0,"enemies":"Giant Head","floor":41,"turns":1},{"damage":0,"enemies":"Maw","floor":44,"turns":2},{"damage":0,"enemies":"Nemesis","floor":46,"turns":1},{"damage":3,"enemies":"Nemesis","floor":48,"turns":3},{"damage":0,"enemies":"Awakened One","floor":50,"turns":2},{"damage":0,"enemies":"Donu and Deca","floor":51,"turns":2},{"damage":0,"enemies":"Shield and Spear","floor":55,"turns":1},{"damage":59,"enemies":"The Heart","floor":56,"turns":5}],"seed_played":"-8607146776859834732","potions_obtained":[{"floor":4,"key":"Weak Potion"},{"floor":7,"key":"EssenceOfSteel"},{"floor":16,"key":"Swift Potion"},{"floor":29,"key":"PowerPotion"},{"floor":30,"key":"testmod-TestPotion"},{"floor":55,"key":"testmod-TestPotion"}],"is_trial":false,"path_per_floor":["M","?","?","M","M","E","M","E","T","$","?","E","$","?","R","B",null,"M","M","?","?","?","E","R","M","T","R","E","M","M","E","R","B",null,"M","M","?","M","M","R","E","$","T","M","R","E","?","?","R","B","B",null,"R","$","E","B",null],"character_chosen":"IRONCLAD","items_purchased":["MostiFishMod:MusicBox","Feel No Pain","Happy Flower","DaCapo","Technique"],"campfire_rested":0,"item_purchase_floors":[54,54,54,54,54],"current_hp_per_floor":[69,69,69,70,71,72,72,72,72,72,72,73,73,74,74,41,67,68,69,69,69,69,70,70,71,71,71,73,75,75,75,75,75,75,75,75,75,75,75,75,75,75,75,75,75,75,75,75,75,75,75,75,75,75,75,64],"gold":73,"neow_bonus":"BOSS_RELIC","is_daily":false,"chose_seed":false,"campfire_upgraded":0,"win_rate":0.0,"timestamp":1609406658,"path_taken":["M","?","?","?","M","E","M","E","T","$","?","E","?","?","R","BOSS","M","M","?","?","?","E","R","M","T","R","E","M","?","E","R","BOSS","M","M","?","M","?","R","E","$","T","M","R","E","?","?","R","BOSS","BOSS","R","$","E","BOSS"],"items_purchased_type":["Card","Card","Relic","Relic","Relic"],"build_version":"2020-12-22","purchased_purges":2,"victory":true,"max_hp_per_floor":[75,75,75,75,75,75,75,75,75,75,75,75,75,75,75,75,75,75,75,75,75,75,75,75,75,75,75,75,75,75,75,75,75,75,75,75,75,75,75,75,75,75,75,75,75,75,75,75,75,75,75,75,75,75,75,75],"card_choices":[{"not_picked":["Cleave","Sentinel","Shrug It Off"],"picked":"SKIP","floor":1.0},{"not_picked":["Thunderclap","Wild Strike","Bloodletting"],"picked":"SKIP","floor":4},{"not_picked":["Intimidate","Perfected Strike","Armaments"],"picked":"SKIP","floor":5},{"not_picked":["Berserk","Anger","Pommel Strike"],"picked":"SKIP","floor":6},{"not_picked":["Cleave","Headbutt"],"picked":"Burning Pact","floor":7},{"not_picked":["Armaments","Disarm","Body Slam"],"picked":"SKIP","floor":8},{"not_picked":["Perfected Strike","Thunderclap","Headbutt"],"picked":"SKIP","floor":12},{"not_picked":["Infernal Blade","Cleave"],"picked":"Perfected Strike","floor":14},{"not_picked":["Armaments","Combust","Havoc"],"picked":"SKIP","floor":18},{"not_picked":["Sentinel","Hemokinesis","Dark Embrace"],"picked":"SKIP","floor":19},{"not_picked":["Clash","MostiFishMod:FlyOverUtopia","Ghostly Armor"],"picked":"SKIP","floor":23},{"not_picked":["Dual Wield","Disarm","Perfected Strike"],"picked":"SKIP","floor":25},{"not_picked":["Perfected Strike","Armaments","Pommel Strike"],"picked":"SKIP","floor":28},{"not_picked":["Armaments","Wild Strike"],"picked":"Shockwave","floor":29},{"not_picked":["Metallicize","Sword Boomerang"],"picked":"Rampage+1","floor":30},{"not_picked":["Reckless Charge","Pommel Strike","Shockwave"],"picked":"SKIP","floor":31},{"not_picked":["Clash","Iron Wave","Flex+1"],"picked":"SKIP","floor":35},{"not_picked":["Clash+1","Sword Boomerang+1","Flame Barrier"],"picked":"SKIP","floor":36},{"not_picked":["Clash+1","Sword Boomerang+1","Flame Barrier"],"picked":"SKIP","floor":36},{"not_picked":["Havoc+1","Armaments+1","True Grit"],"picked":"SKIP","floor":38},{"not_picked":["Wild Strike","True Grit","Warcry+1"],"picked":"SKIP","floor":39},{"not_picked":["Armaments","Thunderclap+1","Wild Strike"],"picked":"SKIP","floor":41},{"not_picked":["Exhume","Twin Strike","Pommel Strike"],"picked":"SKIP","floor":44},{"not_picked":["Shrug It Off","Cleave","Headbutt"],"picked":"SKIP","floor":46},{"not_picked":["True Grit","Sword Boomerang","Bludgeon"],"picked":"SKIP","floor":55}],"player_experience":1359065,"relics_obtained":[{"floor":6,"key":"Ancient Tea Set"},{"floor":8,"key":"ImprovedEquipment"},{"floor":12,"key":"PreservedInsect"},{"floor":14,"key":"Paper Frog"},{"floor":23,"key":"Kunai"},{"floor":26,"key":"Bag of Marbles"},{"floor":28,"key":"Potion Belt"},{"floor":31,"key":"Akabeko"},{"floor":41,"key":"Bronze Scales"},{"floor":43,"key":"Old Coin"},{"floor":46,"key":"Mercury Hourglass"},{"floor":55,"key":"Bottled Lightning"}],"event_choices":[{"damage_healed":0,"gold_gain":0,"player_choice":"Box","damage_taken":0,"relics_obtained":["Turnip"],"max_hp_gain":0,"max_hp_loss":0,"event_name":"Big Fish","floor":2,"gold_loss":0,"cards_obtained":["Regret"]},{"damage_healed":0,"gold_gain":0,"player_choice":"Rummage","damage_taken":0,"relics_obtained":["WarpedTongs"],"max_hp_gain":0,"max_hp_loss":0,"event_name":"Accursed Blacksmith","floor":3,"gold_loss":0,"cards_obtained":["Pain"]},{"cards_removed":["Regret"],"damage_healed":0,"gold_gain":0,"player_choice":"Purged","damage_taken":0,"max_hp_gain":0,"max_hp_loss":0,"event_name":"Purifier","floor":11,"gold_loss":0},{"damage_healed":0,"gold_gain":0,"player_choice":"Searched \u00272\u0027 times","damage_taken":0,"max_hp_gain":0,"max_hp_loss":0,"event_name":"Dead Adventurer","floor":14,"gold_loss":0},{"damage_healed":0,"gold_gain":0,"player_choice":"Simplicity","damage_taken":0,"max_hp_gain":0,"max_hp_loss":0,"event_name":"Back to Basics","floor":20,"gold_loss":0,"cards_upgraded":["Strike_R","Strike_R","Strike_R","Defend_R","Defend_R","Defend_R","Defend_R"]},{"damage_healed":0,"gold_gain":0,"player_choice":"Swap Relic","damage_taken":0,"relics_obtained":["Orrery"],"max_hp_gain":0,"max_hp_loss":0,"event_name":"给自己的盒子","floor":21,"relics_lost":["Orrery"],"gold_loss":0},{"cards_removed":["Perfected Strike"],"damage_healed":0,"gold_gain":0,"player_choice":"Gave Card","damage_taken":0,"relics_obtained":["Bag of Preparation"],"max_hp_gain":0,"max_hp_loss":0,"event_name":"WeMeetAgain","floor":22,"gold_loss":0},{"damage_healed":0,"gold_gain":50,"player_choice":"Pray","damage_taken":0,"max_hp_gain":0,"max_hp_loss":0,"event_name":"Golden Shrine","floor":37,"gold_loss":0},{"damage_healed":0,"gold_gain":0,"player_choice":"Ignored","damage_taken":0,"max_hp_gain":0,"max_hp_loss":0,"event_name":"Tomb of Lord Red Mask","floor":47,"gold_loss":0}],"is_beta":false,"boss_relics":[{"not_picked":["MoonlightInvasionPlan","SacredBark"],"picked":"JellyFishMachine"},{"not_picked":["ShadowXiaoBlade","RhineCircuit"],"picked":"RhineSuit"}],"items_purged_floors":[10,13],"is_endless":false,"potions_floor_spawned":[4,7,16,18,19,25,29,30,44,46,48,55],"ascension_level":20}}