{"host":"y3h3n3f7seyagppx","time":1609383857,"event":{"mods":["BaseMod","Colored Map","Colored Powertips","DeckTracker","Minty Spire (QoL Compilation)","Random Character Button","Rare Cards Sparkle","Relic Sorter","Relic Stats","StSLib"],"gold_per_floor":[111,121,121,121,138,138,172,185,185,211,211,226,206,221,221,295,295,309,399,417,0,13,45,63,63,63],"floor_reached":25,"playtime":3479,"items_purged":["Strike_R"],"score":470,"play_id":"a97add3c-be39-4bef-af81-442c405b046e","local_time":"20201230220417","is_ascension_mode":true,"campfire_choices":[{"data":"Bash","floor":6,"key":"SMITH"},{"floor":11,"key":"REST"},{"data":"Armaments","floor":15,"key":"SMITH"}],"circlet_count":0,"master_deck":["AscendersBane","Strike_R","Strike_R","Strike_R","Defend_R","Defend_R","Defend_R","Defend_R","Bash+1","Metallicize","Intimidate","Iron Wave","Cleave","Armaments+1","Evolve","Juggernaut","Fiend Fire","Dual Wield+1","Impervious+1"],"relics":["Burning Blood","Mummified Hand","Eternal Feather","Toxic Egg 2","Happy Flower","Fusion Hammer","Vajra","Toolbox","Regal Pillow"],"acts_visited":["Exordium","TheCity"],"potions_floor_usage":[7,16,22],"damage_taken":[{"damage":2,"enemies":"2 Louse","floor":1,"turns":4},{"damage":9,"enemies":"Small Slimes","floor":2,"turns":5},{"damage":1,"enemies":"Cultist","floor":5,"turns":4},{"damage":31,"enemies":"Gremlin Nob","floor":7,"turns":4},{"damage":9,"enemies":"Lots of Slimes","floor":8,"turns":4},{"damage":33,"enemies":"Lagavulin","floor":10,"turns":10},{"damage":5,"enemies":"Exordium Wildlife","floor":12,"turns":7},{"damage":0,"enemies":"Looter","floor":14,"turns":4},{"damage":32,"enemies":"Slime Boss","floor":16,"turns":7},{"damage":32,"enemies":"2 Thieves","floor":18,"turns":4},{"damage":4,"enemies":"Spheric Guardian","floor":20,"turns":4},{"damage":0,"enemies":"Centurion and Healer","floor":22,"turns":6},{"damage":11,"enemies":"Gremlin Leader","floor":23,"turns":6},{"damage":18,"enemies":"3 Cultists","floor":24,"turns":4},{"damage":43,"enemies":"Slavers","floor":25,"turns":3}],"seed_played":"-6908033777292803630","potions_obtained":[{"floor":5,"key":"PowerPotion"},{"floor":10,"key":"SteroidPotion"},{"floor":13,"key":"FairyPotion"},{"floor":16,"key":"SpeedPotion"}],"is_trial":false,"path_per_floor":["M","M","?","?","M","R","E","M","T","E","R","M","?","M","R","B",null,"M","?","M","$","M","E","M","E"],"character_chosen":"IRONCLAD","items_purchased":["Vajra","Toolbox"],"campfire_rested":1,"item_purchase_floors":[21,21],"current_hp_per_floor":[72,69,69,58,63,63,38,35,35,8,39,40,40,46,55,29,64,38,26,28,28,34,29,17,0,0],"gold":63,"neow_bonus":"TRANSFORM_CARD","is_daily":false,"chose_seed":false,"campfire_upgraded":2,"win_rate":0.0,"timestamp":1609383857,"path_taken":["M","M","?","?","M","R","E","M","T","E","R","M","?","M","R","BOSS","M","?","M","$","M","E","M","E"],"items_purchased_type":["Relic","Relic"],"build_version":"2020-12-22","purchased_purges":1,"victory":false,"max_hp_per_floor":[75,75,75,75,75,75,75,75,75,75,75,75,75,75,75,75,75,75,75,75,75,75,75,75,75,75],"relic_stats":{"Regal Pillow":0,"Happy Flower":[15],"counters":[15,76],"Mummified Hand":[33],"Eternal Feather":18,"obtain_stats":[{"Regal Pillow":23,"Happy Flower":10,"Mummified Hand":4,"Vajra":21,"Toolbox":21,"Eternal Feather":7,"Fusion Hammer":17,"Toxic Egg 2":9,"Burning Blood":0},{"Regal Pillow":13,"Happy Flower":6,"Mummified Hand":2,"Vajra":11,"Toolbox":11,"Eternal Feather":4,"Fusion Hammer":9,"Toxic Egg 2":5,"Burning Blood":0},{"Regal Pillow":69,"Happy Flower":31,"Mummified Hand":9,"Vajra":57,"Toolbox":57,"Eternal Feather":17,"Fusion Hammer":49,"Toxic Egg 2":21,"Burning Blood":0}],"Burning Blood":84},"card_choices":[{"not_picked":["Havoc","Warcry"],"picked":"Intimidate","floor":1},{"not_picked":["Heavy Blade","Clash"],"picked":"Iron Wave","floor":2},{"not_picked":["Clothesline","Rampage"],"picked":"Cleave","floor":5},{"not_picked":["Warcry","Thunderclap"],"picked":"Armaments","floor":7},{"not_picked":["Wild Strike","Rampage"],"picked":"Evolve","floor":8},{"not_picked":["Intimidate+1","Evolve","Armaments+1"],"picked":"SKIP","floor":10},{"not_picked":["Body Slam","True Grit+1"],"picked":"Juggernaut","floor":12},{"not_picked":["Heavy Blade","Cleave","Perfected Strike"],"picked":"SKIP","floor":14},{"not_picked":["Heavy Blade","Cleave","Perfected Strike"],"picked":"SKIP","floor":14},{"not_picked":["Reaper","Berserk"],"picked":"Fiend Fire","floor":16},{"not_picked":["Armaments+1","Cleave","Inflame"],"picked":"SKIP","floor":18},{"not_picked":["Pummel","Anger"],"picked":"Dual Wield+1","floor":20},{"not_picked":["Infernal Blade+1","Pummel","Cleave"],"picked":"SKIP","floor":22},{"not_picked":["Clothesline","Carnage"],"picked":"Impervious+1","floor":23},{"not_picked":["Cleave+1","Iron Wave","Clothesline"],"picked":"SKIP","floor":24}],"player_experience":20237572,"relics_obtained":[{"floor":7,"key":"Eternal Feather"},{"floor":9,"key":"Toxic Egg 2"},{"floor":10,"key":"Happy Flower"},{"floor":23,"key":"Regal Pillow"}],"event_choices":[{"damage_healed":0,"gold_gain":0,"player_choice":"Ignored","damage_taken":0,"max_hp_gain":0,"max_hp_loss":0,"event_name":"Liars Game","floor":3,"gold_loss":0},{"damage_healed":0,"gold_gain":0,"player_choice":"Success","damage_taken":11,"relics_obtained":["Mummified Hand"],"max_hp_gain":0,"max_hp_loss":0,"event_name":"Scrap Ooze","floor":4,"gold_loss":0},{"damage_healed":0,"gold_gain":0,"player_choice":"Bought 1 Potion","damage_taken":0,"max_hp_gain":0,"max_hp_loss":0,"event_name":"The Woman in Blue","floor":13,"gold_loss":0},{"damage_healed":0,"gold_gain":90,"player_choice":"GOLD ","damage_taken":12,"max_hp_gain":0,"max_hp_loss":0,"event_name":"Knowing Skull","floor":19,"potions_obtained":[],"gold_loss":0,"cards_obtained":[]}],"is_beta":false,"boss_relics":[{"not_picked":["Sozu","Astrolabe"],"picked":"Fusion Hammer"}],"items_purged_floors":[21],"is_endless":false,"potions_floor_spawned":[5,10,14,16,20],"killed_by":"Slavers","ascension_level":20}}