{"host":"j1eo1fqrqta44853","time":1609445768,"event":{"mods":["Act Like it!","BaseMod","CatGirl Mod","Custom Start","Downfall","Elementarium","Gensokyo","GungeonMod","HololiveMod","Hubris","Infinite Spire","Lobotomy","LobotomyExtend","Marisa????????","Minty Spire (QoL Compilation)","Pale of the Ancients","Rare Cards Sparkle","Replay The Spire","SIMod","Shedinja","StSLib","The Alterego","The Jungle","The Marked","The Mystic","The Runesmith","The Senshi","The Vixen","TheBandit","Waifu the Spire"],"gold_per_floor":[113,113,125,30,50,77,77,4,53,53,53,53],"floor_reached":11,"playtime":3587,"items_purged":[],"score":71,"play_id":"4c207a90-a78a-4b4b-9bf9-bf4bf02fb62a","local_time":"20201231141608","is_ascension_mode":false,"campfire_choices":[{"floor":7,"key":"RECALL"}],"circlet_count":0,"master_deck":["alterego_mod:Nekomimi+1","alterego_mod:Strike","alterego_mod:Strike","alterego_mod:Strike","alterego_mod:Strike","alterego_mod:Defend","alterego_mod:Defend","alterego_mod:Defend","alterego_mod:Impale","alterego_mod:BigMeatyClaws","alterego_mod:BrynhildrsRune","VoidDream","alterego_mod:Weigh","alterego_mod:Stockings","alterego_mod:Maid","alterego_mod:Valentines","alterego_mod:Jiggle","alterego_mod:PurpleHair","Gensokyo:BlemishedSteel"],"relics":["alterego_mod:MasochisticConstitution","CogitoBucket","Blue Candle"],"acts_visited":["Gensokyo:Gensokyo"],"potions_floor_usage":[6,11],"damage_taken":[{"damage":10,"enemies":"Gensokyo:Gryphon","floor":1,"turns":6},{"damage":4,"enemies":"Gensokyo:Python","floor":3,"turns":5},{"damage":3,"enemies":"Gensokyo:2_Kodama","floor":5,"turns":3},{"damage":21,"enemies":"Gensokyo:Aya","floor":6,"turns":5},{"damage":50,"enemies":"Gensokyo:Cirno","floor":11,"turns":11}],"seed_played":"-4814161917588289103","potions_obtained":[{"floor":1,"key":"SkillPotion"},{"floor":6,"key":"Strength Potion"}],"is_trial":false,"path_per_floor":["M","?","M","$","M","E","R","COS","T","?","E"],"character_chosen":"The_Alterego","items_purchased":["alterego_mod:Maid","alterego_mod:Valentines"],"campfire_rested":0,"item_purchase_floors":[4,4],"current_hp_per_floor":[68,68,72,72,70,50,50,50,50,50,0,0],"gold":53,"neow_bonus":"","is_daily":false,"chose_seed":false,"campfire_upgraded":0,"win_rate":0.0,"timestamp":1609445768,"path_taken":["M","?","M","$","M","E","R","COS","T","?","E"],"items_purchased_type":["Card","Card"],"build_version":"2020-12-22","purchased_purges":0,"victory":false,"max_hp_per_floor":[71,71,72,72,73,74,74,74,74,74,74,74],"card_choices":[{"not_picked":["MHz","Bloodbath"],"picked":"VoidDream","floor":1},{"not_picked":["alterego_mod:Cycle","alterego_mod:Jiggle"],"picked":"alterego_mod:Weigh","floor":1},{"not_picked":["alterego_mod:Table","alterego_mod:Complex"],"picked":"alterego_mod:Stockings","floor":3},{"not_picked":["alterego_mod:PerceptionDisorder","alterego_mod:HighServant"],"picked":"alterego_mod:Jiggle","floor":5},{"not_picked":["alterego_mod:Birthday","alterego_mod:Crossover"],"picked":"alterego_mod:PurpleHair","floor":6}],"player_experience":1017863,"relics_obtained":[{"floor":6,"key":"Blue Candle"}],"event_choices":[],"is_beta":false,"boss_relics":[],"items_purged_floors":[],"is_endless":false,"potions_floor_spawned":[1,6],"killed_by":"Gensokyo:Cirno","ascension_level":0}}