{"host":"xazfs2cmso1lkipw","time":1609436286,"event":{"mods":["Arknights The Spire","BaseMod","Bestiary","Better Third Choice","Colored Powertips","Custom Start","Highlight Path","Mad Scientist","Marisa????????","Minty Spire (QoL Compilation)","Quick Restart","Railgun Mod","Relic Stats","Remilia??????","Shop Mod","StSLib","The Alterego","The Elementalist","The Servant 0.9.4","TheSwordswoman"],"gold_per_floor":[117,134,153,169,188,188,188],"floor_reached":6,"playtime":633,"items_purged":[],"score":130,"play_id":"3ffd5473-56ef-4e76-b067-7ffda4717ee7","local_time":"20210101013806","daily_mods":["Hoarder","Specialized","Heirloom","Time Dilation","Flight"],"is_ascension_mode":true,"campfire_choices":[],"circlet_count":0,"master_deck":["Demon Form","Wraith Form v2","Echo Form","DevaForm","TheRailgun:Level_6","BatForm","FlawlessForm","AscendersBane","elementalist:Strike+Elemblue","elementalist:Defend_Elemblue","elementalist:Defend_Elemblue","elementalist:Defend_Elemblue","elementalist:Defend_Elemblue","elementalist:Defend_Elemblue","elementalist:Firestrike","elementalist:Earthstrike","elementalist:Waterstrike","elementalist:Airstrike","elementalist:Crystal_Chalk","elementalist:Wards","elementalist:Wards","elementalist:Wards","elementalist:Wards","elementalist:Wards","elementalist:Wards","elementalist:Wards","elementalist:Wards","elementalist:Wards","elementalist:Wards","elementalist:Wards","elementalist:Wards","elementalist:Wards","elementalist:Wards","elementalist:Wards","elementalist:Gaian_Form","elementalist:Gaian_Form","elementalist:Gaian_Form","elementalist:Concentricity","elementalist:Concentricity","elementalist:Concentricity","elementalist:Cyclone","elementalist:Cyclone","elementalist:Cyclone","elementalist:Mage_Hand","elementalist:Mage_Hand","elementalist:Mage_Hand","elementalist:Caution","elementalist:Caution","elementalist:Caution"],"relics":["elementalistmod:MagusStaff","elementalistmod:GraduationLetter","Mango"],"acts_visited":["Exordium"],"potions_floor_usage":[],"damage_taken":[{"damage":12,"enemies":"2 Louse","floor":1,"turns":7},{"damage":6,"enemies":"Small Slimes","floor":2,"turns":8},{"damage":23,"enemies":"Cultist","floor":3,"turns":7},{"damage":19,"enemies":"Blue Slaver","floor":4,"turns":7},{"damage":9,"enemies":"Red Slaver","floor":5,"turns":6},{"damage":10,"enemies":"3 Sentries","floor":6,"turns":4}],"seed_played":"-5403200095508498781","potions_obtained":[{"floor":2,"key":"FearPotion"},{"floor":3,"key":"Swift Potion"}],"is_trial":true,"path_per_floor":["M","M","M","M","M","E"],"character_chosen":"THE_ELEMENTALIST","items_purchased":[],"campfire_rested":0,"item_purchase_floors":[],"current_hp_per_floor":[61,55,32,13,4,0,0],"gold":188,"neow_bonus":"","is_daily":false,"chose_seed":false,"campfire_upgraded":0,"win_rate":0.0,"timestamp":1609436286,"path_taken":["M","M","M","M","M","E"],"items_purchased_type":[],"build_version":"2020-12-22","purchased_purges":0,"victory":false,"max_hp_per_floor":[79,79,79,79,79,79,79],"relic_stats":{"counters":[6,39],"obtain_stats":[{"Mango":0,"elementalistmod:MagusStaff":0,"elementalistmod:GraduationLetter":0},{"Mango":0,"elementalistmod:MagusStaff":0,"elementalistmod:GraduationLetter":0},{"Mango":0,"elementalistmod:MagusStaff":0,"elementalistmod:GraduationLetter":0}]},"card_choices":[{"not_picked":["elementalist:Confluence","elementalist:Spout"],"picked":"elementalist:Gaian_Form","floor":1},{"not_picked":["elementalist:Confluence","elementalist:Momentum"],"picked":"elementalist:Concentricity","floor":2},{"not_picked":["elementalist:Aero","elementalist:Monument"],"picked":"elementalist:Cyclone","floor":3},{"not_picked":["elementalist:Mirror_Circlet","elementalist:Breeze"],"picked":"elementalist:Mage_Hand","floor":4},{"not_picked":["elementalist:Emberveil","elementalist:Breeze"],"picked":"elementalist:Caution","floor":5}],"player_experience":26894,"relics_obtained":[],"event_choices":[],"is_beta":false,"boss_relics":[],"items_purged_floors":[],"is_endless":false,"potions_floor_spawned":[2,3,4],"killed_by":"3 Sentries","ascension_level":20}}