{"host":"jr9f8lmgw9kaplsw","time":1609379208,"event":{"mods":["AchievementEnabler","BaseMod","BetterRewards","Colored Map","Hubris","Minty Spire (QoL Compilation)","Replay The Spire","Shop Mod","StSLib","The Cursed"],"gold_per_floor":[114,129,129,144,19,19,34,34,59,74,74,74,89,104,104,204,204,219,219,234,167,17,47,47,62,62,77,77,77,92,107,107,207,207,222,222,222,237,237,237,237,237,237,252,527,542,18,33,33,33,33],"floor_reached":50,"playtime":2079,"items_purged":["Pain"],"score":531,"play_id":"b8225b67-a623-44a4-a4c4-93a80d963437","local_time":"20201230204648","daily_mods":["Heirloom","Time Dilation","Lethality"],"is_ascension_mode":false,"campfire_choices":[{"data":"1","floor":6,"key":"LIFT"},{"data":"2","floor":8,"key":"LIFT"},{"data":"3","floor":15,"key":"LIFT"},{"floor":24,"key":"REST"},{"floor":28,"key":"REST"},{"floor":32,"key":"REST"},{"floor":40,"key":"DIG"},{"floor":42,"key":"DIG"},{"floor":49,"key":"DIG"}],"circlet_count":0,"master_deck":["Defend_B","Defend_B","Defend_B","Defend_B","Zap","Dualcast","Cold Snap","Sunder","Genetic Algorithm","Midas Touch","Dramatic Entrance","Swift Strike","Cold Snap","Leap","Sweeping Beam","Static Discharge","Electrodynamics","Recycle+1","hubris:Prefetch+1","Scrape+1","Doom and Gloom","Cold Snap","Chill","Buffer","Leap","Beam Cell+1","Redo+1","Static Discharge+1","Conserve Battery+1","Conserve Battery+1","Redo+1","Regret","BootSequence+1","Gash+1","Defragment+1"],"relics":["Cracked Core","Girya","ReplayTheSpireMod:ShopPack","Art of War","ReplayTheSpireMod:Shallot","WarpedTongs","Astrolabe","Replay:Baseball","Shovel","hubris:PeanutButter","Ring of Misfortune","Black Star","hubris:Towel","Mercury Hourglass","Molten Egg 2","Bottled Lightning","Garlic","Lee\u0027s Waffle","Replay:Bottled Steam","Blue Candle"],"acts_visited":["Exordium","TheCity","TheBeyond"],"potions_floor_usage":[20,23,23,30,46,50,50,50],"damage_taken":[{"damage":0,"enemies":"Cultist","floor":1,"turns":2},{"damage":0,"enemies":"2 Louse","floor":2,"turns":1},{"damage":9,"enemies":"Jaw Worm","floor":4,"turns":2},{"damage":11,"enemies":"Exordium Thugs","floor":7,"turns":2},{"damage":0,"enemies":"Blue Slaver","floor":10,"turns":1},{"damage":4,"enemies":"Exordium Wildlife","floor":13,"turns":1},{"damage":0,"enemies":"Large Slime","floor":14,"turns":2},{"damage":6,"enemies":"Slime Boss","floor":16,"turns":8},{"damage":3,"enemies":"2 Thieves","floor":18,"turns":3},{"damage":20,"enemies":"3 Byrds","floor":20,"turns":1},{"damage":34,"enemies":"Gremlin Leader","floor":23,"turns":5},{"damage":26,"enemies":"Snake Plant","floor":25,"turns":4},{"damage":0,"enemies":"Sentry and Sphere","floor":27,"turns":4},{"damage":0,"enemies":"Centurion and Healer","floor":30,"turns":3},{"damage":5,"enemies":"Cultist and Chosen","floor":31,"turns":2},{"damage":44,"enemies":"hubris:MusketHawk","floor":33,"turns":8},{"damage":0,"enemies":"3 Darklings","floor":35,"turns":5},{"damage":4,"enemies":"3 Shapes","floor":38,"turns":3},{"damage":13,"enemies":"Transient","floor":44,"turns":5},{"damage":0,"enemies":"Spire Growth","floor":46,"turns":5},{"damage":0,"enemies":"Sphere and 2 Shapes","floor":48,"turns":5},{"damage":85,"enemies":"Awakened One","floor":50,"turns":8}],"seed_played":"-5051420239723459148","potions_obtained":[{"floor":1,"key":"Strength Potion"},{"floor":7,"key":"Swift Potion"},{"floor":10,"key":"BlessingOfTheForge"},{"floor":18,"key":"Block Potion"},{"floor":20,"key":"Swift Potion"},{"floor":27,"key":"DistilledChaos"},{"floor":33,"key":"Swift Potion"},{"floor":38,"key":"PowerPotion"},{"floor":46,"key":"Languid Potion"}],"is_trial":false,"path_per_floor":["M","M","?","M","$","R","M","R","T","M","T","?","M","M","R_BF","B",null,"M","$","M","$","$","E","R","M","T","M","R","?","M","M","R","B",null,"M","?","$","M","T","R","$","R","T","M","?","M","$","M","R","B"],"character_chosen":"DEFECT","items_purchased":["ReplayTheSpireMod:ShopPack","Chill","Replay:Baseball","Lee\u0027s Waffle","Replay:Bottled Steam","Gash+1"],"campfire_rested":3,"item_purchase_floors":[5,21,22,47,47,47],"current_hp_per_floor":[75,75,75,66,66,66,55,55,55,55,55,55,51,51,51,45,75,72,72,52,52,52,18,40,14,14,14,36,36,36,31,53,9,75,75,75,75,71,71,71,71,71,71,58,58,58,82,82,82,0,0],"gold":33,"neow_bonus":"","is_daily":true,"chose_seed":false,"campfire_upgraded":0,"win_rate":0.0,"timestamp":1609379208,"path_taken":["M","?","?","M","$","R","M","R","T","?","?","?","M","M","R_BF","BOSS","M","$","M","?","$","E","R","M","T","M","R","?","?","M","R","BOSS","M","?","$","M","?","R","?","R","T","?","?","M","$","M","R","BOSS"],"items_purchased_type":["Relic","Card","Relic","Relic","Relic","Card"],"build_version":"2020-12-22","purchased_purges":1,"victory":false,"max_hp_per_floor":[75,75,75,75,75,75,75,75,75,75,75,75,75,75,75,75,75,75,75,75,75,75,75,75,75,75,75,75,75,75,75,75,75,75,75,75,75,75,75,75,75,75,75,75,75,75,82,82,82,82,82],"card_choices":[{"not_picked":["Steam","Hello World"],"picked":"Cold Snap","floor":1},{"not_picked":["Double Energy","Go for the Eyes"],"picked":"Sunder","floor":2},{"not_picked":["Skim","Barrage"],"picked":"Genetic Algorithm","floor":4},{"not_picked":["ReplayTheSpireMod:Necrogeddon","Secret Weapon"],"picked":"Midas Touch","floor":5},{"not_picked":["Midas Touch","hubris:Insight"],"picked":"Dramatic Entrance","floor":5},{"not_picked":["The Bomb","Flash of Steel"],"picked":"Swift Strike","floor":5},{"not_picked":["Streamline","Go for the Eyes"],"picked":"Cold Snap","floor":7},{"not_picked":["Panic Button","Sweeping Beam"],"picked":"Leap","floor":10},{"not_picked":["Skim","Storm"],"picked":"Sweeping Beam","floor":13},{"not_picked":["Streamline","Steam"],"picked":"Static Discharge","floor":14},{"not_picked":["Thunder Strike","hubris:DoWhile"],"picked":"Electrodynamics","floor":16},{"not_picked":["Panic Button","Beam Cell"],"picked":"Doom and Gloom","floor":18},{"not_picked":["Streamline","Steam"],"picked":"Cold Snap","floor":20},{"not_picked":["Steam","hubris:PowerSurge"],"picked":"Buffer","floor":23},{"not_picked":["Coolheaded","Gash+1"],"picked":"Leap","floor":25},{"not_picked":["Hologram","Steam"],"picked":"Beam Cell+1","floor":27},{"not_picked":["Capacitor","Sunder"],"picked":"Redo+1","floor":30},{"not_picked":["Panic Button","Sunder+1"],"picked":"Static Discharge+1","floor":31},{"not_picked":["Hologram+1","Stack"],"picked":"Conserve Battery+1","floor":35},{"not_picked":["Melter+1","Leap"],"picked":"Conserve Battery+1","floor":38},{"not_picked":["Lockon+1","Reboot"],"picked":"Redo+1","floor":44},{"not_picked":["ReplayGash+1","Panic Button"],"picked":"BootSequence+1","floor":46},{"not_picked":["Consume+1","Time Bomb"],"picked":"Defragment+1","floor":48}],"player_experience":2789937,"relics_obtained":[{"floor":9,"key":"Art of War"},{"floor":11,"key":"ReplayTheSpireMod:Shallot"},{"floor":23,"key":"Shovel"},{"floor":26,"key":"hubris:PeanutButter"},{"floor":29,"key":"Ring of Misfortune"},{"floor":39,"key":"Mercury Hourglass"},{"floor":40,"key":"Molten Egg 2"},{"floor":42,"key":"Bottled Lightning"},{"floor":43,"key":"Garlic"},{"floor":49,"key":"Blue Candle"}],"event_choices":[{"cards_removed":["Strike_B"],"damage_healed":0,"gold_gain":0,"player_choice":"Offered Basic","damage_taken":0,"max_hp_gain":0,"max_hp_loss":0,"event_name":"Bonfire Elementals","floor":3,"gold_loss":0},{"damage_healed":0,"gold_gain":0,"player_choice":"Rummage","damage_taken":0,"relics_obtained":["WarpedTongs"],"max_hp_gain":0,"max_hp_loss":0,"event_name":"Accursed Blacksmith","floor":12,"gold_loss":0,"cards_obtained":["Pain"]},{"damage_healed":0,"gold_gain":275,"player_choice":"Desecrate","damage_taken":0,"max_hp_gain":0,"max_hp_loss":0,"event_name":"Golden Shrine","floor":45,"gold_loss":0,"cards_obtained":["Regret"]}],"is_beta":false,"boss_relics":[{"not_picked":["Pandora\u0027s Box","hubris:HollowSoul"],"picked":"Astrolabe"},{"not_picked":["Runic Pyramid","Coffee Dripper"],"picked":"Black Star"}],"items_purged_floors":[47],"is_endless":false,"potions_floor_spawned":[1,7,10,14,18,20,27,33,38,46],"killed_by":"Awakened One","ascension_level":0}}