{"host":"a5zr8hf2yymwt50u","time":1609436485,"event":{"mods":["BaseMod","Colored Map","Minty Spire (QoL Compilation)","StSLib"],"gold_per_floor":[109,109,109,123,139,139,170,180,180,212,59,71,71,71,71,200,200,216,116,132,132,168,168,168],"floor_reached":23,"playtime":885,"items_purged":["Strike_G","Strike_G"],"score":239,"play_id":"32b4dcea-f1e4-4c2a-a641-72f230cab7aa","local_time":"20210101024125","is_ascension_mode":true,"campfire_choices":[{"data":"Survivor","floor":6,"key":"SMITH"},{"data":"Envenom","floor":13,"key":"SMITH"},{"floor":15,"key":"REST"}],"circlet_count":0,"master_deck":["Strike_G","Strike_G+1","Defend_G","Defend_G","Defend_G","Defend_G","Survivor+1","Neutralize+1","Deadly Poison","Prepared","Crippling Poison","Sucker Punch","Riddle With Holes","Dodge and Roll","Envenom+1","Noxious Fumes","Poisoned Stab","Corpse Explosion","Flechettes","Slice","Noxious Fumes"],"relics":["Ring of the Snake","Bag of Marbles","Toy Ornithopter","Blue Candle","Golden Idol","Black Star","Red Mask"],"acts_visited":["Exordium","TheCity"],"potions_floor_usage":[7,10,20],"damage_taken":[{"damage":2,"enemies":"Jaw Worm","floor":1,"turns":4},{"damage":0,"enemies":"2 Louse","floor":4,"turns":2},{"damage":2,"enemies":"Small Slimes","floor":5,"turns":3},{"damage":16,"enemies":"Lagavulin","floor":7,"turns":6},{"damage":3,"enemies":"2 Fungi Beasts","floor":8,"turns":3},{"damage":12,"enemies":"3 Sentries","floor":10,"turns":6},{"damage":1,"enemies":"3 Louse","floor":12,"turns":3},{"damage":9,"enemies":"Hexaghost","floor":16,"turns":9},{"damage":12,"enemies":"3 Byrds","floor":18,"turns":3},{"damage":27,"enemies":"2 Thieves","floor":20,"turns":3},{"damage":12,"enemies":"Masked Bandits","floor":22,"turns":2},{"damage":45,"enemies":"Book of Stabbing","floor":23,"turns":5}],"seed_played":"2403825072706255691","potions_obtained":[{"floor":1,"key":"FairyPotion"},{"floor":5,"key":"DistilledChaos"},{"floor":7,"key":"Fire Potion"},{"floor":18,"key":"Explosive Potion"}],"is_trial":false,"path_per_floor":["M","?","?","M","M","R","E","M","T","E","$","M","R","?","R","B",null,"M","$","M","?","?","E"],"character_chosen":"THE_SILENT","items_purchased":["Noxious Fumes"],"campfire_rested":1,"item_purchase_floors":[11],"current_hp_per_floor":[68,68,54,54,52,52,36,33,33,26,26,25,25,8,29,20,70,58,58,36,36,24,0,0],"gold":168,"neow_bonus":"TRANSFORM_CARD","is_daily":false,"chose_seed":false,"campfire_upgraded":2,"win_rate":0.0,"timestamp":1609436485,"path_taken":["M","?","?","M","M","R","E","M","T","E","?","M","R","?","R","BOSS","M","$","M","?","?","E"],"items_purchased_type":["Card"],"build_version":"2020-12-22","purchased_purges":2,"victory":false,"max_hp_per_floor":[70,70,70,70,70,70,70,70,70,70,70,70,70,70,70,70,70,70,70,70,70,70,70,70],"card_choices":[{"not_picked":["Expertise","Acrobatics"],"picked":"Prepared","floor":1},{"not_picked":["Eviscerate","Dodge and Roll"],"picked":"Crippling Poison","floor":4},{"not_picked":["Quick Slash","Blade Dance"],"picked":"Sucker Punch","floor":5},{"not_picked":["Blade Dance","Caltrops"],"picked":"Riddle With Holes","floor":7},{"not_picked":["Masterful Stab","Expertise"],"picked":"Dodge and Roll","floor":8},{"not_picked":["Eviscerate","Dagger Throw"],"picked":"Envenom","floor":10},{"not_picked":["Dagger Throw","Backstab"],"picked":"Poisoned Stab","floor":12},{"not_picked":["Unload","After Image"],"picked":"Corpse Explosion","floor":16},{"not_picked":["Tactician","Sucker Punch"],"picked":"Flechettes","floor":18},{"not_picked":["Concentrate+1","Cloak And Dagger"],"picked":"Slice","floor":20},{"not_picked":["Prepared","Predator"],"picked":"Noxious Fumes","floor":22}],"player_experience":234310,"relics_obtained":[{"floor":7,"key":"Bag of Marbles"},{"floor":9,"key":"Toy Ornithopter"},{"floor":10,"key":"Blue Candle"},{"floor":22,"key":"Red Mask"}],"event_choices":[{"cards_removed":["Strike_G"],"damage_healed":0,"gold_gain":0,"player_choice":"Forget","damage_taken":0,"max_hp_gain":0,"max_hp_loss":0,"event_name":"Living Wall","floor":2,"gold_loss":0},{"damage_healed":0,"gold_gain":0,"player_choice":"Entered Light","damage_taken":14,"max_hp_gain":0,"max_hp_loss":0,"event_name":"Shining Light","floor":3,"gold_loss":0,"cards_upgraded":["Neutralize","Strike_G"]},{"damage_healed":0,"gold_gain":0,"player_choice":"Take Damage","damage_taken":17,"relics_obtained":["Golden Idol"],"max_hp_gain":0,"max_hp_loss":0,"event_name":"Golden Idol","floor":14,"gold_loss":0},{"damage_healed":0,"gold_gain":0,"player_choice":"Ignored","damage_taken":0,"max_hp_gain":0,"max_hp_loss":0,"event_name":"Vampires","floor":21,"gold_loss":0},{"damage_healed":0,"gold_gain":0,"player_choice":"Fought Bandits","damage_taken":0,"max_hp_gain":0,"max_hp_loss":0,"event_name":"Masked Bandits","floor":22,"gold_loss":0}],"is_beta":false,"boss_relics":[{"not_picked":["Snecko Eye","Astrolabe"],"picked":"Black Star"}],"items_purged_floors":[11,19],"is_endless":false,"potions_floor_spawned":[1,5,7,18],"killed_by":"Book of Stabbing","ascension_level":4}}