{"host":"bvr4vhlu71s3njyz","time":1609428224,"event":{"mods":["2.2 Compatiblity","AchievementEnabler","Act Like it!","Aspiration","Astrologer","Bard","BaseMod","Beaked The Cultist","Better Altar","Better Match","Better Note","Better Sensory Stone","Better Skull","Better Third Choice","CCEM","Conjunction","Downfall","Fiend Mod","Friendly Minions","Gremlin Mod","Hallownest","Hermit","Hubris","Infinite Spire","Jorbs\u0027s Wanderer Trilogy","Mad Scientist","Mimic Mod","Minty Spire (QoL Compilation)","Potionbrewer","Quarter Circle Forward PUNCH!","QueenMod","Replay The Spire","Robot Space Explorer","Shade Mod","Shedinja","Slumbering Mod","StSLib","The Blackbeard","The Bladedancer","The Bug Knight","The Caster","The Clintock","The Construct","The Cursed","The Dragon Tamer","The Exalted","The Forsaken","The Hayseed","The Hierophant","The Judge","The Mystic","The Necromancer","The Poker Player","The Runesmith","The Sage","The Showman","TheArtist","TheFirefly","TheLocksmith","Trackpad","Wandering Minibosses","thorton","vexMod"],"gold_per_floor":[118,118,118,132,152,183,183,183,223,256,256,256,291,291,291,391,391,409,409,423,441,460,493,493,528,562,565,565,575,614,633,633,734,734,749,803,803,814,846,846,859,859,859,884,884,889,889,313,313,313],"floor_reached":51,"playtime":5405,"items_purged":[],"score":683,"play_id":"36a32754-3cf2-4e31-9391-ff38e11bcd8b","local_time":"20201231102344","is_ascension_mode":false,"campfire_choices":[{"floor":7.0,"key":"REST"},{"data":"caster:WallOfMirrors","floor":11.0,"key":"SMITH"},{"data":"caster:PhoenixFlare","floor":15.0,"key":"SMITH"},{"floor":24.0,"key":"REST"},{"data":"caster:Sultry","floor":28.0,"key":"SMITH"},{"floor":32.0,"key":"REST"},{"data":"caster:IzanagisObdurance","floor":40,"key":"SMITH"},{"data":"caster:Inferno","floor":42,"key":"SMITH"},{"data":"caster:Illusion","floor":45,"key":"SMITH"},{"floor":49,"key":"REST"}],"circlet_count":0,"master_deck":["caster:Meteor","caster:DivertFocus+1","caster:strike","caster:strike","caster:strike","caster:strike","caster:defend","caster:defend","caster:defend","caster:defend","caster:defend","caster:PyroclasticTide+1","caster:WallOfMirrors+1","caster:Unearth","caster:MagicWeapon","caster:Sleet","caster:PhoenixFlare+1","caster:Sandstorm","caster:Inferno+1","caster:GlacialShield+1","caster:WallOfRocks","caster:MagicBarrier+1","caster:Sultry+1","caster:DiablosFlame","caster:Tundra+1","caster:MagicBarrier+1","caster:WallOfAsh+1","caster:MagicResonance+1","caster:BookThrow","caster:FrostDriver","caster:IzanagisObdurance+1","caster:Illusion+1","caster:Eruption+1","caster:LightningBolt","caster:MagicAttunement+1","caster:WallOfThorns","caster:AbsoluteZero","caster:AlternatingCurrent+1","caster:GateOfBabylon","Replay:Dark Deal","expansioncontent:YouAreMine","expansioncontent:Chronoboost"],"relics":["caster:MagicBook","Simple Rune","hubris:Towel","Replay:Ringing Soul","Vajra","ReplayTheSpireMod:Lightbulb","MealTicket","aspiration:ChemicalBlood","Pen Nib","vexMod:DeviousBotling","trackpad:WritersBlock","aspiration:HummingbirdHeart","hubris:BottledRain","Iron Hammer","Replay:Bottled Eggs","Question Card","Philosopher\u0027s Stone","wanderingMiniBosses:AbyssPearl","StoneCalendar","hubris:MedicalManual","Bromod:ArcaneAegis","Kunai","potionbrewer:DrinkingBird","War Paint","hubris:ToyBattleship","ReplayTheSpireMod:ShopPack"],"acts_visited":["Exordium","TheCity","TheBeyond"],"potions_floor_usage":[38,46,46,50,50,50,50],"damage_taken":[{"damage":0.0,"enemies":"Jaw Worm","floor":1.0,"turns":4.0},{"damage":0.0,"enemies":"2 Louse","floor":4.0,"turns":3.0},{"damage":0.0,"enemies":"Cultist","floor":5.0,"turns":4.0},{"damage":30.0,"enemies":"Gremlin Nob","floor":6.0,"turns":5.0},{"damage":1.0,"enemies":"Looter","floor":9.0,"turns":8.0},{"damage":11.0,"enemies":"Lagavulin","floor":10.0,"turns":6.0},{"damage":5.0,"enemies":"HollowMod:MossKnight","floor":13.0,"turns":9.0},{"damage":2.0,"enemies":"The Guardian","floor":16.0,"turns":9.0},{"damage":10.0,"enemies":"Spheric Guardian","floor":18.0,"turns":7.0},{"damage":37.0,"enemies":"2 Thieves","floor":20.0,"turns":7.0},{"damage":3.0,"enemies":"Snake Plant","floor":21.0,"turns":3.0},{"damage":10.0,"enemies":"Snecko","floor":22.0,"turns":5.0},{"damage":16.0,"enemies":"Slavers","floor":23.0,"turns":6.0},{"damage":9.0,"enemies":"HollowMod:Nosk","floor":25.0,"turns":6.0},{"damage":2.0,"enemies":"Centurion and Healer","floor":26.0,"turns":6.0},{"damage":5.0,"enemies":"Centurion and Healer","floor":27.0,"turns":6.0},{"damage":16.0,"enemies":"Snake Plant","floor":29.0,"turns":5.0},{"damage":0.0,"enemies":"Sentry and Sphere","floor":30.0,"turns":4.0},{"damage":10.0,"enemies":"Sentry and Sphere","floor":31.0,"turns":7.0},{"damage":21.0,"enemies":"hubris:MusketHawk","floor":33.0,"turns":9.0},{"damage":6.0,"enemies":"3 Shapes","floor":35.0,"turns":7.0},{"damage":35.0,"enemies":"2 Orb Walkers","floor":36.0,"turns":5.0},{"damage":7,"enemies":"3 Darklings","floor":38,"turns":7},{"damage":13,"enemies":"Jaw Worm Horde","floor":39,"turns":7},{"damage":0,"enemies":"Jaw Worm Horde","floor":41,"turns":6},{"damage":0,"enemies":"Giant Head","floor":44,"turns":10},{"damage":16,"enemies":"Spire Growth","floor":46,"turns":7},{"damage":15,"enemies":"Replay:Hell Engine","floor":50,"turns":8}],"seed_played":"306013202222778201","potions_obtained":[{"floor":3.0,"key":"CultistPotion"},{"floor":3.0,"key":"potionbrewer:BarricadePotion"},{"floor":3.0,"key":"Slimebound:ThreeZeroPotion"},{"floor":16.0,"key":"LiquidBronze"},{"floor":20.0,"key":"Swift Potion"},{"floor":22.0,"key":"Swift Potion"},{"floor":23.0,"key":"potionbrewer:CleansingPotion"},{"floor":25.0,"key":"AttackPotion"},{"floor":29.0,"key":"FearPotion"},{"floor":38,"key":"Fire Potion"},{"floor":46,"key":"Venom Potion"},{"floor":46,"key":"Languid Potion"}],"is_trial":false,"path_per_floor":["M","?","?","M","M","E","R","?","MIM","E","R","?","E","?","R","B",null,"M","?","M","M","M","E","R","E","MIM","M","R","M","MIM","M","R","B",null,"M","?","?","M","MIM","R","M","R","T","E","R","M","?","$","R","B",null],"character_chosen":"THE_CASTER","items_purchased":["War Paint","hubris:ToyBattleship","ReplayTheSpireMod:ShopPack","caster:GateOfBabylon"],"campfire_rested":4,"item_purchase_floors":[48,48,48,48],"current_hp_per_floor":[64,64,64,64,64,37,57,57,60,53,53,53,52,60,60,62,79,74,74,43,43,39,29,57,52,56,56,56,46,49,43,76,60,115,112,81,93,90,80,80,85,85,85,90,90,79,79,97,138,124],"gold":313,"neow_bonus":"RANDOM_COMMON_RELIC","is_daily":false,"chose_seed":false,"campfire_upgraded":6,"win_rate":0.0,"timestamp":1609428224,"path_taken":["M","?","?","M","M","E","R","?","MIM","E","R","?","E","?","R","BOSS","M","?","M","M","M","E","R","E","MIM","M","R","M","?","?","R","BOSS","M","?","?","M","?","R","M","R","T","E","R","M","?","$","R","BOSS"],"items_purchased_type":["Relic","Relic","Relic","Card"],"build_version":"2020-12-22","purchased_purges":0,"victory":true,"max_hp_per_floor":[64,64,64,64,64,67,67,67,70,73,73,73,76,76,76,79,79,82,82,85,88,91,94,94,97,100,103,103,106,109,112,112,115,115,118,121,121,124,127,127,130,130,130,133,133,136,136,139,139,139],"card_choices":[{"not_picked":["caster:LightningBolt","caster:FrigidBeam"],"picked":"caster:PyroclasticTide","floor":1.0},{"not_picked":["caster:DiablosFlame","caster:Sleet"],"picked":"caster:WallOfMirrors","floor":4.0},{"not_picked":["caster:FlashSpeed","caster:Enfeeble"],"picked":"caster:Unearth","floor":5.0},{"not_picked":["caster:Charge","caster:LordOfVermillion"],"picked":"caster:MagicWeapon","floor":6.0},{"not_picked":["caster:EchoingVoice","caster:QuickCast"],"picked":"caster:Sleet","floor":9.0},{"not_picked":["caster:StormGust","caster:Enfeeble"],"picked":"caster:PhoenixFlare","floor":10.0},{"not_picked":["caster:FlashSpeed","caster:BurnItDown"],"picked":"caster:Sandstorm","floor":13.0},{"not_picked":["caster:Ifrit","caster:PhoenixFlare"],"picked":"caster:Inferno","floor":16.0},{"not_picked":["caster:PyroclasticTide","caster:FlashFrost"],"picked":"caster:GlacialShield+1","floor":18.0},{"not_picked":["caster:FrigidBeam+1","caster:LAZER"],"picked":"caster:WallOfRocks","floor":20.0},{"not_picked":["caster:BurnItDown","caster:StaticField"],"picked":"caster:MagicBarrier","floor":21.0},{"not_picked":["caster:Susanoo","caster:Fireball"],"picked":"caster:Sultry","floor":22.0},{"not_picked":["caster:PyroclasticTide","caster:Sleet"],"picked":"caster:DiablosFlame","floor":23.0},{"not_picked":["caster:FireWall","caster:Discharge"],"picked":"caster:Tundra+1","floor":25.0},{"not_picked":["caster:GlacialShield","caster:Ramuh"],"picked":"caster:MagicBarrier","floor":26.0},{"not_picked":["caster:Rectify+1","caster:MagicResonance"],"picked":"caster:WallOfAsh+1","floor":27.0},{"not_picked":["caster:IcicleLance+1","caster:Charge"],"picked":"caster:MagicResonance+1","floor":29.0},{"not_picked":["caster:GlacialShield","caster:FrigidBeam"],"picked":"caster:BookThrow","floor":30.0},{"not_picked":["caster:LAZER","caster:BloodRitual","caster:Enfeeble"],"picked":"caster:FrostDriver","floor":31.0},{"not_picked":["caster:StormGust","caster:Focusyn","caster:ShortenedChant"],"picked":"caster:IzanagisObdurance","floor":33.0},{"not_picked":["caster:Charge","caster:Enfeeble","caster:FlashFrost"],"picked":"caster:Illusion","floor":35.0},{"not_picked":["caster:Fireball","caster:LAZER","caster:Grimoire+1"],"picked":"caster:Eruption+1","floor":36.0},{"not_picked":["caster:Sleet","caster:GlacialShield+1","caster:Sandstorm+1"],"picked":"caster:LightningBolt","floor":38},{"not_picked":["caster:QuickCast+1","caster:Illusion+1","caster:FrostDriver"],"picked":"caster:MagicAttunement+1","floor":39},{"not_picked":["caster:GlacialShield+1","caster:LAZER","caster:WallOfAsh+1"],"picked":"caster:WallOfThorns","floor":41},{"not_picked":["caster:Enfeeble+1","caster:DiablosFlame","caster:Explosion"],"picked":"caster:AbsoluteZero","floor":44},{"not_picked":["caster:LightningBolt+1","caster:QuickCast+1","caster:WallOfAsh+1"],"picked":"caster:AlternatingCurrent+1","floor":46},{"not_picked":["ReplayTheSpireMod:Brewmster","Secret Technique","Chrysalis"],"picked":"Replay:Dark Deal","floor":48},{"not_picked":["expansioncontent:ManipulateTime","Blind","Survey Options"],"picked":"expansioncontent:YouAreMine","floor":48},{"not_picked":["Impatience","expansioncontent:TimeRipple","hubris:Insight"],"picked":"expansioncontent:Chronoboost","floor":48}],"player_experience":1252829,"relics_obtained":[{"floor":6.0,"key":"Replay:Ringing Soul"},{"floor":9.0,"key":"ReplayTheSpireMod:Lightbulb"},{"floor":9.0,"key":"MealTicket"},{"floor":10.0,"key":"aspiration:ChemicalBlood"},{"floor":13.0,"key":"Pen Nib"},{"floor":23.0,"key":"trackpad:WritersBlock"},{"floor":25.0,"key":"aspiration:HummingbirdHeart"},{"floor":26.0,"key":"hubris:BottledRain"},{"floor":26.0,"key":"Iron Hammer"},{"floor":30.0,"key":"Replay:Bottled Eggs"},{"floor":30.0,"key":"Question Card"},{"floor":35.0,"key":"wanderingMiniBosses:AbyssPearl"},{"floor":36.0,"key":"StoneCalendar"},{"floor":39,"key":"hubris:MedicalManual"},{"floor":39,"key":"Bromod:ArcaneAegis"},{"floor":43,"key":"Kunai"},{"floor":44,"key":"potionbrewer:DrinkingBird"}],"event_choices":[{"damage_healed":0.0,"max_hp_gain":0.0,"max_hp_loss":0.0,"gold_gain":0.0,"event_name":"Lab","player_choice":"Got Potions","floor":3.0,"gold_loss":0.0,"damage_taken":0.0},{"damage_healed":0.0,"max_hp_gain":0.0,"max_hp_loss":0.0,"gold_gain":0.0,"event_name":"betterNote:BetterNote","player_choice":"Ignored","floor":19.0,"gold_loss":0.0,"damage_taken":0.0,"cards_obtained":["Iron Wave"]},{"damage_healed":0.0,"max_hp_gain":0.0,"max_hp_loss":0.0,"gold_gain":0.0,"event_name":"Mysterious Sphere","player_choice":"Fight","floor":36.0,"gold_loss":0.0,"damage_taken":0.0}],"is_beta":false,"boss_relics":[{"not_picked":["theSlumbering:EnchantedHammer","Painkiller Herb"],"picked":"vexMod:DeviousBotling"},{"not_picked":["Replay:Ancient Bell","aspiration:BardSkillbook"],"picked":"Philosopher\u0027s Stone"}],"items_purged_floors":[],"is_endless":false,"potions_floor_spawned":[4,6,13,16,21,23,25,29,38,41,44,46],"ascension_level":0}}