{"host":"37dk0reb6x0du8wx","time":1609408458,"event":{"mods":["BaseMod","Colored Map","DeckTracker","Minty Spire (QoL Compilation)","Quick Restart","StSLib","SuperFastMode","The Dragon Tamer"],"gold_per_floor":[119,131,149,20,20,49,49,65,115,15,15,45,56,231,231,326,326,346,329,32,32,131,131,141,141,217,217,234,87,87,100,100,100,100],"floor_reached":33,"playtime":1004,"items_purged":["Strike_B","Strike_B","Strike_B","Defend_B"],"score":294,"play_id":"e7834f93-87e4-4ab5-bcae-358442a1a17b","local_time":"20201231185418","is_ascension_mode":true,"campfire_choices":[{"floor":7,"key":"REST"},{"data":"Zap","floor":11,"key":"SMITH"},{"floor":15,"key":"REST"},{"floor":23,"key":"REST"},{"floor":25,"key":"REST"},{"floor":32,"key":"REST"}],"circlet_count":0,"master_deck":["Strike_B+1","Defend_B","Defend_B","Defend_B","Zap+1","Dualcast","Leap+1","Conserve Battery","Conserve Battery","Ball Lightning","Doubt","Leap","Shame","Reinforced Body","Capacitor","BootSequence"],"relics":["Cracked Core","NeowsBlessing","InkBottle","Toy Ornithopter","Nunchaku","Black Star","Membership Card","Bag of Marbles","HornCleat","Singing Bowl","Lantern"],"acts_visited":["Exordium","TheCity"],"potions_floor_usage":[12,12,16,28,31,31],"damage_taken":[{"damage":0,"enemies":"Cultist","floor":1,"turns":1},{"damage":0,"enemies":"Jaw Worm","floor":2,"turns":1},{"damage":8,"enemies":"Small Slimes","floor":3,"turns":2},{"damage":34,"enemies":"3 Sentries","floor":6,"turns":12},{"damage":7,"enemies":"3 Louse","floor":8,"turns":4},{"damage":0,"enemies":"Lagavulin","floor":12,"turns":8},{"damage":0,"enemies":"Exordium Wildlife","floor":13,"turns":5},{"damage":40,"enemies":"Hexaghost","floor":16,"turns":13},{"damage":21,"enemies":"3 Byrds","floor":18,"turns":6},{"damage":21,"enemies":"2 Thieves","floor":19,"turns":4},{"damage":26,"enemies":"Centurion and Healer","floor":24,"turns":16},{"damage":36,"enemies":"Sentry and Sphere","floor":28,"turns":11},{"damage":15,"enemies":"Snecko","floor":31,"turns":6},{"damage":27,"enemies":"Collector","floor":33,"turns":4}],"seed_played":"6578400506789241939","potions_obtained":[{"floor":2,"key":"SpeedPotion"},{"floor":6,"key":"BlessingOfTheForge"},{"floor":8,"key":"SpeedPotion"},{"floor":19,"key":"DistilledChaos"},{"floor":24,"key":"Block Potion"},{"floor":28,"key":"SkillPotion"}],"is_trial":false,"path_per_floor":["M","M","M","$","?","E","R","M","T","$","R","E","M","?","R","B",null,"M","M","$","?","?","R","M","R","T","?","M","$","?","M","R","B"],"character_chosen":"DEFECT","items_purchased":["Conserve Battery","Membership Card","Bag of Marbles","Lantern"],"campfire_rested":5,"item_purchase_floors":[4,20,20,29],"current_hp_per_floor":[75,75,67,67,52,18,40,33,33,33,33,43,43,43,65,30,75,54,33,33,33,33,55,29,51,51,37,6,6,6,1,25,0,0],"gold":100,"neow_bonus":"THREE_ENEMY_KILL","is_daily":false,"chose_seed":false,"campfire_upgraded":1,"win_rate":0.0,"timestamp":1609408458,"path_taken":["M","?","M","$","?","E","R","M","T","$","R","E","M","?","R","BOSS","M","M","$","?","?","R","?","R","T","?","M","$","?","M","R","BOSS"],"items_purchased_type":["Card","Relic","Relic","Relic"],"build_version":"2020-12-22","purchased_purges":4,"victory":false,"max_hp_per_floor":[75,75,75,75,75,75,75,75,75,75,75,75,75,75,75,75,75,75,75,75,75,75,75,75,75,75,80,80,80,80,80,80,80,80],"card_choices":[{"not_picked":["Rebound","Doom and Gloom","Storm"],"picked":"SKIP","floor":1},{"not_picked":["Compile Driver","Hello World","Turbo"],"picked":"SKIP","floor":2},{"not_picked":["Skim","Turbo","Leap"],"picked":"SKIP","floor":3},{"not_picked":["Skim","Turbo"],"picked":"Leap","floor":3},{"not_picked":["Storm","Gash","Streamline"],"picked":"SKIP","floor":6},{"not_picked":["Streamline","Coolheaded","Creative AI"],"picked":"SKIP","floor":8},{"not_picked":["Creative AI","Turbo"],"picked":"Conserve Battery","floor":12},{"not_picked":["Cold Snap","Redo"],"picked":"Ball Lightning","floor":13},{"not_picked":["Streamline","Sunder"],"picked":"Leap","floor":18},{"not_picked":["Steam Power+1","Barrage+1","Fusion"],"picked":"SKIP","floor":19},{"not_picked":["Streamline","Coolheaded"],"picked":"Reinforced Body","floor":24},{"not_picked":["Coolheaded","Ball Lightning"],"picked":"Capacitor","floor":28},{"not_picked":["Coolheaded","Compile Driver"],"picked":"BootSequence","floor":31}],"player_experience":96862,"relics_obtained":[{"floor":6,"key":"InkBottle"},{"floor":9,"key":"Toy Ornithopter"},{"floor":12,"key":"Nunchaku"},{"floor":26,"key":"Singing Bowl"}],"event_choices":[{"damage_healed":0,"gold_gain":0,"player_choice":"Entered Light","damage_taken":15,"max_hp_gain":0,"max_hp_loss":0,"event_name":"Shining Light","floor":5,"gold_loss":0,"cards_upgraded":["Strike_B","Leap"]},{"damage_healed":0,"gold_gain":175,"player_choice":"AGREE","damage_taken":0,"max_hp_gain":0,"max_hp_loss":0,"event_name":"Liars Game","floor":14,"gold_loss":0,"cards_obtained":["Doubt"]},{"damage_healed":0,"gold_gain":0,"player_choice":"Stole Relic","damage_taken":0,"relics_obtained":["HornCleat"],"max_hp_gain":0,"max_hp_loss":0,"event_name":"Addict","floor":21,"gold_loss":0,"cards_obtained":["Shame"]},{"damage_healed":0,"gold_gain":99,"player_choice":"Stole From Cult","damage_taken":0,"max_hp_gain":0,"max_hp_loss":0,"event_name":"Nest","floor":22,"gold_loss":0},{"damage_healed":0,"gold_gain":0,"player_choice":"Shed Blood","damage_taken":19,"max_hp_gain":5,"max_hp_loss":0,"event_name":"Forgotten Altar","floor":27,"gold_loss":0},{"damage_healed":0,"gold_gain":0,"player_choice":"Ignored","damage_taken":0,"max_hp_gain":0,"max_hp_loss":0,"event_name":"Vampires","floor":30,"gold_loss":0}],"is_beta":false,"boss_relics":[{"not_picked":["Runic Dome","Pandora\u0027s Box"],"picked":"Black Star"}],"items_purged_floors":[4,10,20,29],"is_endless":false,"potions_floor_spawned":[2,6,8,19,24,28],"killed_by":"Collector","ascension_level":1}}