{"host":"rlm703n066cyp567","time":1609443221,"event":{"mods":["AchievementEnabler","BaseMod","Block Reminder","Colored Map","Colored Powertips","Curses Come First","DeckTracker","Highlight Path","Minty Spire (QoL Compilation)","StSLib","SuperFastMode"],"gold_per_floor":[113,113,126,144,156,187,187,187,187,220,235,204,204,243,243,364,364,383,408,422,337,337,381,78,114,114,148,172,188,188,188,188,313,313,337,10,26,40,40,73,98,136,163,183,206,242,242,258,258,258,258,258,54,89,89],"floor_reached":56,"playtime":3562,"items_purged":["Writhe","Deadly Poison"],"score":1948,"play_id":"a9973844-fc09-4549-be07-1f23e85d9cec","local_time":"20201231203341","is_ascension_mode":true,"campfire_choices":[{"floor":7,"key":"RECALL"},{"floor":15,"key":"REST"},{"data":"Neutralize","floor":30,"key":"SMITH"},{"data":"Survivor","floor":32,"key":"SMITH"},{"data":"Deflect","floor":47,"key":"SMITH"},{"data":"Deflect","floor":49,"key":"SMITH"},{"data":"Deflect","floor":52,"key":"SMITH"}],"circlet_count":0,"master_deck":["Survivor+1","Neutralize+1","Quick Slash","Backstab+1","Finisher+1","Sucker Punch+1","Backstab+1","All Out Attack+1","Backstab+1","Quick Slash+1","Endless Agony+1","Adrenaline","CurseOfTheBell","Heel Hook+1","Slice+1","Heel Hook+1","Dagger Throw+1","Backstab+1","Blade Dance+1","Blade Dance+1","Acrobatics+1","Footwork+1","Burst","Finisher+1","Blade Dance","Storm of Steel+1","Masterful Stab+1","Caltrops+1","Endless Agony+1","Acrobatics","Die Die Die+1","Deflect+1","Accuracy+1","Escape Plan+1","Slice+1","Deflect+1","Deflect+1","Deflect+1","Unload+1","Accuracy+1","Sucker Punch+1"],"relics":["Black Star","Molten Egg 2","Ornamental Fan","Ninja Scroll","Golden Idol","Gremlin Horn","Dream Catcher","InkBottle","Thread and Needle","Blood Vial","Calling Bell","Akabeko","Mummified Hand","CaptainsWheel","Unceasing Top","Matryoshka","MealTicket","Tiny Chest","Strange Spoon","Bird Faced Urn","Incense Burner","Strawberry","Frozen Egg 2","Nunchaku","Pandora\u0027s Box","Medical Kit","Orichalcum","Happy Flower","Omamori","Shuriken","Bag of Marbles","Art of War","Pear","HornCleat","Pen Nib","Turnip","Vajra"],"acts_visited":["Exordium","TheCity","TheBeyond","TheEnding"],"potions_floor_usage":[16,55,55],"damage_taken":[{"damage":1,"enemies":"Cultist","floor":1,"turns":4},{"damage":2,"enemies":"Small Slimes","floor":3,"turns":4},{"damage":0,"enemies":"2 Louse","floor":4,"turns":2},{"damage":5,"enemies":"Lots of Slimes","floor":5,"turns":5},{"damage":18,"enemies":"Gremlin Nob","floor":6,"turns":4},{"damage":11,"enemies":"Lagavulin","floor":10,"turns":5},{"damage":0,"enemies":"2 Fungi Beasts","floor":11,"turns":2},{"damage":0,"enemies":"Gremlin Nob","floor":14,"turns":2},{"damage":11,"enemies":"Hexaghost","floor":16,"turns":6},{"damage":0,"enemies":"Chosen","floor":18,"turns":2},{"damage":0,"enemies":"2 Thieves","floor":19,"turns":1},{"damage":3,"enemies":"Snake Plant","floor":20,"turns":3},{"damage":0,"enemies":"Gremlin Leader","floor":23,"turns":5},{"damage":0,"enemies":"Book of Stabbing","floor":25,"turns":2},{"damage":0,"enemies":"Gremlin Leader","floor":27,"turns":3},{"damage":0,"enemies":"Cultist and Chosen","floor":28,"turns":2},{"damage":0,"enemies":"Shelled Parasite and Fungi","floor":29,"turns":2},{"damage":16,"enemies":"Automaton","floor":33,"turns":6},{"damage":0,"enemies":"Orb Walker","floor":35,"turns":1},{"damage":0,"enemies":"3 Shapes","floor":37,"turns":1},{"damage":0,"enemies":"Transient","floor":38,"turns":5},{"damage":0,"enemies":"Giant Head","floor":40,"turns":3},{"damage":0,"enemies":"4 Shapes","floor":41,"turns":1},{"damage":0,"enemies":"Nemesis","floor":42,"turns":1},{"damage":2,"enemies":"Writhing Mass","floor":44,"turns":3},{"damage":0,"enemies":"Jaw Worm Horde","floor":45,"turns":1},{"damage":0,"enemies":"Reptomancer","floor":46,"turns":1},{"damage":0,"enemies":"3 Darklings","floor":48,"turns":1},{"damage":0,"enemies":"Donu and Deca","floor":50,"turns":2},{"damage":0,"enemies":"Shield and Spear","floor":54,"turns":2},{"damage":37,"enemies":"The Heart","floor":55,"turns":5}],"seed_played":"-8109432058430330026","potions_obtained":[{"floor":1,"key":"DuplicationPotion"},{"floor":5,"key":"Dexterity Potion"},{"floor":11,"key":"PowerPotion"},{"floor":20,"key":"FairyPotion"},{"floor":23,"key":"EssenceOfSteel"},{"floor":27,"key":"Weak Potion"}],"is_trial":false,"path_per_floor":["M","T","M","M","M","E","R","?","T","E","M","?","?","E","R","B",null,"M","M","M","?","?","E","$","E","T","E","M","M","R","?","R","B",null,"M","$","M","M","?","E","M","E","T","M","M","E","R","M","R","B",null,"R","$","E","B",null],"character_chosen":"THE_SILENT","items_purchased":["Strange Spoon","Backstab+1","Accuracy+1","Medical Kit","Pen Nib","Sucker Punch+1"],"campfire_rested":1,"item_purchase_floors":[24,24,36,36,53,53],"current_hp_per_floor":[69,69,67,67,62,44,44,44,44,33,33,33,33,33,54,45,70,70,70,67,67,67,69,70,70,77,77,77,77,77,77,77,61,77,77,77,77,77,77,77,77,77,77,75,77,87,87,87,87,87,87,87,87,87,55],"gold":89,"neow_bonus":"BOSS_RELIC","is_daily":false,"chose_seed":false,"campfire_upgraded":5,"win_rate":0.0,"timestamp":1609443221,"path_taken":["M","?","M","M","M","E","R","?","T","E","M","?","?","E","R","BOSS","M","M","?","?","?","E","$","E","T","E","M","M","R","?","R","BOSS","M","$","M","M","?","E","M","E","T","M","?","E","R","M","R","BOSS","R","$","E","BOSS"],"items_purchased_type":["Relic","Card","Card","Relic","Relic","Card"],"build_version":"2020-12-22","purchased_purges":2,"victory":true,"max_hp_per_floor":[70,70,70,70,70,70,70,70,70,70,70,70,70,70,70,70,70,70,70,70,70,70,70,70,70,77,77,77,77,77,77,77,77,77,77,77,77,77,77,77,77,77,77,77,77,87,87,87,87,87,87,87,87,87,87],"card_choices":[{"not_picked":["Distraction","Slice"],"picked":"Quick Slash","floor":1},{"not_picked":["Acrobatics","Dagger Throw+1"],"picked":"Backstab+1","floor":3},{"not_picked":["Backflip","A Thousand Cuts"],"picked":"Finisher+1","floor":4},{"not_picked":["Reflex","Caltrops"],"picked":"Sucker Punch+1","floor":5},{"not_picked":["Distraction","Accuracy"],"picked":"Backstab+1","floor":6},{"not_picked":["Outmaneuver","Eviscerate+1"],"picked":"All Out Attack+1","floor":10},{"not_picked":["All Out Attack+1","Quick Slash+1"],"picked":"Backstab+1","floor":11},{"not_picked":["Dagger Spray+1","Underhanded Strike+1"],"picked":"Quick Slash+1","floor":14},{"not_picked":["Bouncing Flask","Quick Slash+1"],"picked":"Endless Agony+1","floor":15},{"not_picked":["Grand Finale+1","Night Terror"],"picked":"Adrenaline","floor":16},{"not_picked":["Leg Sweep","Finisher+1"],"picked":"Heel Hook+1","floor":18},{"not_picked":["Bane+1","Reflex"],"picked":"Slice+1","floor":19},{"not_picked":["Backflip","Outmaneuver"],"picked":"Heel Hook+1","floor":20},{"not_picked":["Setup","Bane+1"],"picked":"Dagger Throw+1","floor":23},{"not_picked":["Underhanded Strike+1","Deadly Poison"],"picked":"Blade Dance+1","floor":25},{"not_picked":["Flying Knee+1","Wraith Form v2+1"],"picked":"Blade Dance+1","floor":27},{"not_picked":["Sucker Punch+1","Caltrops+1"],"picked":"Acrobatics+1","floor":28},{"not_picked":["Dodge and Roll","Crippling Poison","Backflip"],"picked":"SKIP","floor":29},{"not_picked":["Bullet Time","Malaise"],"picked":"Burst","floor":33},{"not_picked":["Deadly Poison+1","Sucker Punch+1"],"picked":"Deflect","floor":35},{"not_picked":["PiercingWail+1","Calculated Gamble+1"],"picked":"Escape Plan+1","floor":37},{"not_picked":["Caltrops+1","Deadly Poison","Bouncing Flask+1"],"picked":"SKIP","floor":38},{"not_picked":["Malaise","Noxious Fumes+1"],"picked":"Slice+1","floor":40},{"not_picked":["Dodge and Roll+1","Dagger Throw+1"],"picked":"Deflect+1","floor":41},{"not_picked":["Cloak And Dagger","Crippling Poison+1"],"picked":"Deflect","floor":42},{"not_picked":["Outmaneuver","Deadly Poison+1"],"picked":"Deflect","floor":44},{"not_picked":["Quick Slash+1","Underhanded Strike+1"],"picked":"Unload+1","floor":45},{"not_picked":["Underhanded Strike+1","Setup","Dagger Spray+1"],"picked":"SKIP","floor":46},{"not_picked":["Poisoned Stab+1","Riddle With Holes+1"],"picked":"Accuracy+1","floor":48},{"not_picked":["Choke+1","Flying Knee+1","All Out Attack+1"],"picked":"SKIP","floor":54}],"player_experience":305523,"relics_obtained":[{"floor":2,"key":"Molten Egg 2"},{"floor":6,"key":"Ornamental Fan"},{"floor":6,"key":"Ninja Scroll"},{"floor":9,"key":"Gremlin Horn"},{"floor":10,"key":"Dream Catcher"},{"floor":10,"key":"InkBottle"},{"floor":14,"key":"Thread and Needle"},{"floor":14,"key":"Blood Vial"},{"floor":17,"key":"Akabeko"},{"floor":17,"key":"Mummified Hand"},{"floor":17,"key":"CaptainsWheel"},{"floor":23,"key":"MealTicket"},{"floor":23,"key":"Tiny Chest"},{"floor":25,"key":"Bird Faced Urn"},{"floor":25,"key":"Incense Burner"},{"floor":26,"key":"Strawberry"},{"floor":27,"key":"Frozen Egg 2"},{"floor":27,"key":"Nunchaku"},{"floor":40,"key":"Orichalcum"},{"floor":40,"key":"Happy Flower"},{"floor":42,"key":"Omamori"},{"floor":42,"key":"Shuriken"},{"floor":43,"key":"Bag of Marbles"},{"floor":43,"key":"Art of War"},{"floor":46,"key":"Pear"},{"floor":46,"key":"HornCleat"},{"floor":54,"key":"Turnip"},{"floor":54,"key":"Vajra"}],"event_choices":[{"damage_healed":0,"gold_gain":0,"player_choice":"Take Wound","damage_taken":0,"relics_obtained":["Golden Idol"],"max_hp_gain":0,"max_hp_loss":0,"event_name":"Golden Idol","floor":8,"gold_loss":0,"cards_obtained":["Injury"]},{"damage_healed":0,"gold_gain":0,"player_choice":"Left Gold","damage_taken":0,"max_hp_gain":0,"max_hp_loss":0,"event_name":"World of Goop","floor":12,"gold_loss":31},{"cards_removed":["Injury"],"damage_healed":0,"gold_gain":0,"player_choice":"Removed Curses","damage_taken":0,"max_hp_gain":0,"max_hp_loss":0,"event_name":"Fountain of Cleansing","floor":13,"gold_loss":0},{"damage_healed":0,"gold_gain":0,"player_choice":"Obtained Relic","damage_taken":0,"relics_obtained":["Unceasing Top"],"max_hp_gain":0,"max_hp_loss":0,"event_name":"Addict","floor":21,"gold_loss":85},{"damage_healed":0,"gold_gain":0,"player_choice":"Opened","damage_taken":0,"relics_obtained":["Matryoshka"],"max_hp_gain":0,"max_hp_loss":0,"event_name":"The Mausoleum","floor":22,"gold_loss":0,"cards_obtained":["Writhe"]},{"damage_healed":0,"gold_gain":0,"cards_transformed":["Strike_G"],"player_choice":"Transformed","damage_taken":0,"max_hp_gain":0,"max_hp_loss":0,"event_name":"Transmorgrifier","floor":31,"gold_loss":0,"cards_obtained":["Footwork"]},{"damage_healed":0,"gold_gain":0,"player_choice":"Forge","damage_taken":0,"max_hp_gain":0,"max_hp_loss":0,"event_name":"Accursed Blacksmith","floor":39,"gold_loss":0,"cards_upgraded":["Storm of Steel"]}],"is_beta":false,"boss_relics":[{"not_picked":["Velvet Choker","Busted Crown"],"picked":"Calling Bell"},{"not_picked":["WristBlade","Tiny House"],"picked":"Pandora\u0027s Box"}],"items_purged_floors":[24,36],"is_endless":false,"potions_floor_spawned":[1,5,11,20,23,27,28,40,41,42,45],"ascension_level":4}}