{"host":"xjyie0ctswsml60g","time":1609397946,"event":{"mods":["AchievementEnabler","BaseMod","Colored Map","Minty Spire (QoL Compilation)","Quick Restart","SuperFastMode"],"gold_per_floor":[113,127,127,27,41,67,82,97,97,172,201,201,376,396,396,396,396],"floor_reached":16,"playtime":765,"items_purged":["Strike_P"],"score":112,"play_id":"5e716c79-af84-4949-b9c6-e0175c3db946","local_time":"20201231085906","is_ascension_mode":false,"campfire_choices":[{"floor":12.0,"key":"REST"},{"floor":15.0,"key":"RECALL"}],"circlet_count":0,"master_deck":["Strike_P","Strike_P","Strike_P","Defend_P","Defend_P","Defend_P","Defend_P","Eruption","Vigilance","Sadistic Nature","CrushJoints","SashWhip","FollowUp","SashWhip","BattleHymn","FollowUp","Doubt","CutThroughFate"],"relics":["PureWater","InkBottle","Pear","Mummified Hand"],"acts_visited":["Exordium"],"potions_floor_usage":[],"damage_taken":[{"damage":0.0,"enemies":"2 Louse","floor":1.0,"turns":2.0},{"damage":2.0,"enemies":"Cultist","floor":2.0,"turns":4.0},{"damage":0.0,"enemies":"Small Slimes","floor":5.0,"turns":2.0},{"damage":10.0,"enemies":"Gremlin Nob","floor":6.0,"turns":4.0},{"damage":9.0,"enemies":"Blue Slaver","floor":7.0,"turns":3.0},{"damage":8.0,"enemies":"Exordium Wildlife","floor":8.0,"turns":2.0},{"damage":27.0,"enemies":"3 Sentries","floor":11.0,"turns":7.0},{"damage":8.0,"enemies":"Gremlin Gang","floor":14.0,"turns":4.0},{"damage":0,"enemies":"The Guardian","floor":16,"turns":1}],"seed_played":"3077668580502838315","potions_obtained":[{"floor":3.0,"key":"ColorlessPotion"},{"floor":3.0,"key":"AttackPotion"},{"floor":3.0,"key":"Energy Potion"},{"floor":7.0,"key":"Strength Potion"},{"floor":8.0,"key":"SmokeBomb"},{"floor":14.0,"key":"Fire Potion"}],"is_trial":false,"path_per_floor":["M","M","?","$","M","E","M","M","T","?","E","R","?","M","R","B"],"character_chosen":"WATCHER","items_purchased":["FollowUp"],"campfire_rested":1,"item_purchase_floors":[4],"current_hp_per_floor":[65,63,63,63,63,53,44,36,46,35,8,30,30,22,22,22,22],"gold":396,"neow_bonus":"RANDOM_COLORLESS_2","is_daily":false,"chose_seed":false,"campfire_upgraded":0,"win_rate":0.0,"timestamp":1609397946,"path_taken":["M","M","?","$","M","E","?","M","T","?","E","R","?","M","R","BOSS"],"items_purchased_type":["Card"],"build_version":"2020-12-22","purchased_purges":1,"victory":false,"max_hp_per_floor":[65,65,65,65,65,65,65,65,75,75,75,75,75,75,75,75,75],"card_choices":[{"not_picked":["Secret Technique","Thinking Ahead"],"picked":"Sadistic Nature","floor":0.0},{"not_picked":["WheelKick","PathToVictory"],"picked":"CrushJoints","floor":1.0},{"not_picked":["Nirvana","Halt"],"picked":"SashWhip","floor":2.0},{"not_picked":["ClearTheMind","Wireheading"],"picked":"SashWhip","floor":5.0},{"not_picked":["Protect","JustLucky"],"picked":"BattleHymn","floor":6.0},{"not_picked":["Collect","ClearTheMind","Evaluate"],"picked":"SKIP","floor":7.0},{"not_picked":["Pray","Meditate"],"picked":"FollowUp","floor":8.0},{"not_picked":["CrushJoints","WreathOfFlame","ClearTheMind"],"picked":"SKIP","floor":11.0},{"not_picked":["EmptyFist","Establishment"],"picked":"CutThroughFate","floor":14.0}],"player_experience":458227,"relics_obtained":[{"floor":6.0,"key":"InkBottle"},{"floor":9.0,"key":"Pear"},{"floor":11.0,"key":"Mummified Hand"}],"event_choices":[{"damage_healed":0.0,"max_hp_gain":0.0,"max_hp_loss":0.0,"gold_gain":0.0,"event_name":"Lab","player_choice":"Got Potions","floor":3.0,"gold_loss":0.0,"damage_taken":0.0},{"damage_healed":0.0,"max_hp_gain":0.0,"max_hp_loss":0.0,"gold_gain":75.0,"event_name":"World of Goop","player_choice":"Gather Gold","floor":10.0,"gold_loss":0.0,"damage_taken":11.0},{"damage_healed":0.0,"max_hp_gain":0.0,"max_hp_loss":0.0,"gold_gain":175.0,"event_name":"Liars Game","player_choice":"AGREE","floor":13.0,"gold_loss":0.0,"damage_taken":0.0,"cards_obtained":["Doubt"]}],"is_beta":false,"boss_relics":[],"items_purged_floors":[4],"is_endless":false,"potions_floor_spawned":[7,8,14],"killed_by":"The Guardian","ascension_level":0}}