{"host":"w1xj5yb993x94b3l","time":1609430814,"event":{"mods":["AchievementEnabler","Act Like it!","Aspiration","BaseMod","Beaked The Cultist","BetterRewards","CCEM","Clockwork Mod","Colored Powertips","Conspire","Downfall","Energized Spire","Friendly Minions","GifTheSpireLib","Glutton Mod","Halation","Hubris","Infinite Spire","Lobotomy","LobotomyExtend","Mad Scientist","Marisa????????","Minty Spire (QoL Compilation)","Relic Sorter","Replay The Spire","Slumbering Mod","Spikes Relics","StSLib","Stuff the Spire","The Bladedancer","The Construct","The Disciple","The Jungle","The Mystic","The Runesmith","The Sage","The Servant 0.9.4","Trackpad","vexMod"],"gold_per_floor":[116,116,127,127,147,147,147,147,147,70,70,87,87,102,102,201,201,218,232,232,232,245,245,270,270,270,309,309,330,330,356,356,370,370],"floor_reached":33,"playtime":1478,"items_purged":["Regret"],"score":316,"play_id":"c6cd4c94-61e2-47b3-8a66-fd969774bb11","local_time":"20201231170654","is_ascension_mode":true,"campfire_choices":[{"data":"construct:ReactiveShield","floor":6,"key":"SMITH"},{"data":"construct:ReactiveShield+1","floor":8,"key":"SMITH"},{"data":"construct:Hazardproof","floor":13,"key":"SMITH"},{"floor":15,"key":"DIG"},{"floor":23,"key":"REST"},{"floor":25,"key":"REST"},{"floor":32,"key":"REST"}],"circlet_count":0,"master_deck":["construct:Strike_Gold+1","construct:Strike_Gold+1","construct:Strike_Gold+1","construct:Strike_Gold+1","construct:Strike_Gold+1","construct:Defend_Gold+1","construct:Defend_Gold+1","construct:Defend_Gold+1","construct:Defend_Gold+1","construct:FierceBash","construct:ReactiveShield+2","construct:Hazardproof+1","Escape Plan","Backflip","ReplayTheSpireMod:The Works","Regret","construct:SweepLaser","construct:Electrocute","construct:HammerDown","construct:SweepLaser","construct:Enhance","hubris:InfiniteBlow","construct:Anticipate","construct:Antimatter+1","construct:Forcefield+1","Decay","construct:SweepLaser","construct:FierceBash"],"relics":["construct:ClockworkPhoenix","construct:Challenge1","aspiration:Nostalgia","MadScienceMod:FuelTank","LetterFromLob","White Beast Statue","halation:BottledLove","Replay:Wax Seal","StuffTheSpire:RedRose","aspiration:Lifesprig","hubris:ScarierMask","ReplayTheSpireMod:TigerMarble","StuffTheSpire:Nightcore","infinitespire:Midas Blood","Lantern","CultistMask"],"acts_visited":["Exordium","TheCity"],"potions_floor_usage":[16,16,16,24,31,31,31,33],"damage_taken":[{"damage":3,"enemies":"theSlumbering:NewCultist","floor":1,"turns":7},{"damage":4,"enemies":"Small Slimes","floor":3,"turns":4},{"damage":13,"enemies":"2 Louse","floor":5,"turns":4},{"damage":4,"enemies":"theSlumbering:NewSlaver","floor":12,"turns":3},{"damage":9,"enemies":"Blue Slaver","floor":14,"turns":3},{"damage":44,"enemies":"Slime Boss","floor":16,"turns":9},{"damage":27,"enemies":"Spheric Guardian","floor":18,"turns":4},{"damage":3,"enemies":"conspire:FuzzyDice","floor":19,"turns":4},{"damage":5,"enemies":"Dream Cultist and Chosen","floor":22,"turns":4},{"damage":42,"enemies":"Book of Stabbing","floor":24,"turns":5},{"damage":41,"enemies":"conspire:Head Lice","floor":27,"turns":9},{"damage":3,"enemies":"Centurion and Healer","floor":29,"turns":2},{"damage":7,"enemies":"conspire:HollyBat","floor":31,"turns":8},{"damage":51,"enemies":"conspire:MysteriousRune","floor":33,"turns":6}],"seed_played":"1515798336539834658","potions_obtained":[{"floor":1,"key":"Swift Potion"},{"floor":5,"key":"PowerPotion"},{"floor":12,"key":"Block Potion"},{"floor":14,"key":"BlessingOfTheForge"},{"floor":16,"key":"SmokeBomb"},{"floor":18,"key":"Reflective Coating"},{"floor":19,"key":"GamblersBrew"},{"floor":22,"key":"Reflective Coating"},{"floor":24,"key":"Guardian:BlockOnCardUsePotion"},{"floor":27,"key":"FearPotion"},{"floor":29,"key":"LifebloodPotion"},{"floor":31,"key":"SpeedPotion"}],"is_trial":false,"path_per_floor":["M","?","M","?","M","R","?","R","T","$","?","M","R","M","R","B",null,"M","M","?","AVR","M","R","E","R","T","E","?","M","?","M","R","B"],"character_chosen":"THE_CONSTRUCT_MOD","items_purchased":["Replay:Wax Seal"],"campfire_rested":3,"item_purchase_floors":[10],"current_hp_per_floor":[82,85,81,81,68,68,68,68,68,68,68,64,64,55,55,11,85,58,55,55,55,50,75,33,58,58,17,17,14,14,7,32,0,0],"gold":370,"neow_bonus":"NOSTALGIA","is_daily":false,"chose_seed":false,"campfire_upgraded":3,"win_rate":0.0,"timestamp":1609430814,"path_taken":["M","?","M","?","M","R","?","R","T","?","?","M","R","M","R","BOSS","M","M","?","AVR","M","R","E","R","T","E","?","M","?","M","R","BOSS"],"items_purchased_type":["Relic"],"build_version":"2020-12-22","purchased_purges":1,"victory":false,"max_hp_per_floor":[85,85,85,85,85,85,85,85,85,85,85,85,85,85,85,85,85,85,85,85,85,85,85,85,85,85,85,85,85,85,85,85,85,85],"card_choices":[{"not_picked":["construct:ScrapCannon","construct:Versatility"],"picked":"construct:FierceBash","floor":1},{"not_picked":["construct:Tumble","construct:ScrapCannon"],"picked":"construct:ReactiveShield","floor":3},{"not_picked":["construct:Boost","construct:FierceBash"],"picked":"construct:Hazardproof","floor":5},{"not_picked":["construct:Backfire","construct:ShiftStrike"],"picked":"construct:SweepLaser","floor":12},{"not_picked":["construct:ShiftGuard","construct:PanicFire"],"picked":"construct:Electrocute","floor":14},{"not_picked":["construct:Multistage","construct:GoldenBullet"],"picked":"construct:HammerDown","floor":16},{"not_picked":["construct:Forcefield+1","construct:Reinforce"],"picked":"construct:SweepLaser","floor":18},{"not_picked":["construct:ModeShift","construct:SyphonStrike"],"picked":"construct:Enhance","floor":19},{"not_picked":["construct:HeavyBolt","construct:SyphonStrike"],"picked":"construct:Anticipate","floor":22},{"not_picked":["construct:SaveState","construct:HyperBeam"],"picked":"construct:Antimatter+1","floor":24},{"not_picked":["construct:ScrapCannon+1","construct:Missile"],"picked":"construct:Forcefield+1","floor":27},{"not_picked":["construct:ReactiveShield+1","construct:Versatility"],"picked":"construct:SweepLaser","floor":29},{"not_picked":["construct:ScrapCannon","construct:SweepLaser"],"picked":"construct:FierceBash","floor":31}],"player_experience":231560,"relics_obtained":[{"floor":1,"key":"LetterFromLob"},{"floor":9,"key":"halation:BottledLove"},{"floor":15,"key":"aspiration:Lifesprig"},{"floor":24,"key":"StuffTheSpire:Nightcore"},{"floor":26,"key":"infinitespire:Midas Blood"},{"floor":27,"key":"Lantern"}],"event_choices":[{"damage_healed":0,"gold_gain":0,"player_choice":"Box","damage_taken":0,"relics_obtained":["White Beast Statue"],"max_hp_gain":0,"max_hp_loss":0,"event_name":"Big Fish","floor":4,"gold_loss":0,"cards_obtained":["Regret"]},{"damage_healed":0,"gold_gain":0,"player_choice":"Simplicity","damage_taken":0,"max_hp_gain":0,"max_hp_loss":0,"event_name":"Back to Basics","floor":20,"gold_loss":0,"cards_upgraded":["construct:Strike_Gold","construct:Strike_Gold","construct:Strike_Gold","construct:Strike_Gold","construct:Strike_Gold","construct:Defend_Gold","construct:Defend_Gold","construct:Defend_Gold","construct:Defend_Gold"]},{"damage_healed":0,"gold_gain":0,"player_choice":"Smashed Altar","damage_taken":0,"max_hp_gain":0,"max_hp_loss":0,"event_name":"Forgotten Altar","floor":28,"gold_loss":0,"cards_obtained":["Decay"]},{"damage_healed":0,"gold_gain":0,"player_choice":"Trade","damage_taken":0,"relics_obtained":["CultistMask"],"max_hp_gain":0,"max_hp_loss":0,"event_name":"FaceTrader","floor":30,"gold_loss":0}],"is_beta":false,"boss_relics":[{"not_picked":["Replay:Grab Bag","trackpad:Coffee"],"picked":"hubris:ScarierMask"}],"items_purged_floors":[21],"is_endless":false,"potions_floor_spawned":[1,5,12,14,16,18,19,22,24,27,29,31],"killed_by":"conspire:MysteriousRune","ascension_level":3}}