{"host":"hjw1ay65n7jm40lc","time":1609432311,"event":{"mods":["AchievementEnabler","BaseMod","Block Reminder","Colored Map","Colored Powertips","Downfall","Googly Eyes","Highlight Path","Minty Spire (QoL Compilation)","Quick Restart","Relic Stats","StSLib"],"gold_per_floor":[99,112,130,130,144,169,216,141,174,274,302,302,312,14,29,103,103,103,122,122,30,55,55,55,72,83,114,128,53,84,12,27,103,103,103,118,143,225,310,235,262,262,291,310,310,328,328,358,371,371,371,406,68,68,68],"floor_reached":56,"playtime":36432,"items_purged":["Guardian:Strike_Guardian","Guardian:Strike_Guardian"],"score":2532,"play_id":"51130fbd-82c2-4c9a-bf9e-46a2d5d53dbe","local_time":"20201231113151","is_ascension_mode":true,"campfire_choices":[{"floor":1.0,"key":"RECALL"},{"data":"Guardian:MultiBeam","floor":8.0,"key":"SMITH"},{"data":"Guardian:Orbwalk","floor":18.0,"key":"SMITH"},{"data":"Guardian:FuturePlans","floor":23.0,"key":"SMITH"},{"floor":29.0,"key":"REST"},{"data":"Guardian:SphericShield","floor":35.0,"key":"SMITH"},{"data":"Guardian:ConstructionForm","floor":40.0,"key":"SMITH"},{"data":"Guardian:WalkerClaw","floor":42.0,"key":"SMITH"},{"data":"1","floor":45.0,"key":"LIFT"},{"data":"2","floor":47.0,"key":"LIFT"},{"data":"Guardian:CompilePackage","floor":54,"key":"SMITH"}],"circlet_count":0,"master_deck":["AscendersBane","Guardian:Defend_Guardian","Guardian:Defend_Guardian","Guardian:Defend_Guardian","Guardian:Defend_Guardian","Guardian:CurlUp","Guardian:TwinSlam","Guardian:ArmoredProtocol","Guardian:Orbwalk+1","Guardian:MultiBeam+1","Guardian:PiercingHide","Guardian:BronzeOrb","Guardian:FuturePlans+1","Guardian:Reroute","Guardian:ConstructionForm+1","Guardian:DonusPower","Guardian:WalkerClaw+1","Guardian:PolyBeam","Guardian:Harden+1","Guardian:Reroute","Guardian:ArmoredProtocol+1","Guardian:SpikerProtocol+1","Guardian:SphericShield+1","Guardian:CompilePackage+1","Guardian:Orbwalk+1"],"relics":["Velvet Choker","Pen Nib","Oddly Smooth Stone","downfall:HeartBlessingRed","Nunchaku","Letter Opener","Strawberry","Vajra","Empty Cage","Tiny Chest","Guardian:StasisCodex","Frozen Egg 2","downfall:HeartBlessingGreen","Girya","Busted Crown","Happy Flower","OrangePellets","downfall:HeartBlessingBlue","Ancient Tea Set","Anchor","PreservedInsect","Akabeko","Strange Spoon"],"acts_visited":["Exordium","TheCity","TheBeyond","TheEnding"],"potions_floor_usage":[50],"damage_taken":[{"damage":3.0,"enemies":"2 Louse","floor":2.0,"turns":3.0},{"damage":0.0,"enemies":"Small Slimes","floor":3.0,"turns":4.0},{"damage":0.0,"enemies":"Jaw Worm","floor":5.0,"turns":4.0},{"damage":15.0,"enemies":"3 Sentries","floor":6.0,"turns":6.0},{"damage":15.0,"enemies":"Lagavulin","floor":9.0,"turns":7.0},{"damage":0.0,"enemies":"3 Sentries","floor":11.0,"turns":4.0},{"damage":6.0,"enemies":"Lots of Slimes","floor":13.0,"turns":3.0},{"damage":0.0,"enemies":"downfall:FleeingMerchant","floor":14.0,"turns":4.0},{"damage":3.0,"enemies":"Red Slaver","floor":15.0,"turns":3.0},{"damage":1.0,"enemies":"downfall:Watcher","floor":16.0,"turns":5.0},{"damage":9.0,"enemies":"Shell Parasite","floor":19.0,"turns":6.0},{"damage":0.0,"enemies":"Chosen","floor":20.0,"turns":1.0},{"damage":9.0,"enemies":"downfall:FleeingMerchant","floor":21.0,"turns":4.0},{"damage":0.0,"enemies":"Centurion and Healer","floor":25.0,"turns":5.0},{"damage":5.0,"enemies":"Snecko","floor":26.0,"turns":4.0},{"damage":0.0,"enemies":"Gremlin Leader","floor":27.0,"turns":5.0},{"damage":0.0,"enemies":"Snake Plant","floor":28.0,"turns":3.0},{"damage":18.0,"enemies":"Slavers","floor":30.0,"turns":5.0},{"damage":0.0,"enemies":"downfall:FleeingMerchant","floor":31.0,"turns":4.0},{"damage":0.0,"enemies":"Centurion and Healer","floor":32.0,"turns":3.0},{"damage":0.0,"enemies":"downfall:Defect","floor":33.0,"turns":6.0},{"damage":0.0,"enemies":"Orb Walker","floor":36.0,"turns":3.0},{"damage":0.0,"enemies":"downfall:FleeingMerchant","floor":39.0,"turns":1.0},{"damage":0.0,"enemies":"Giant Head","floor":43.0,"turns":6.0},{"damage":0.0,"enemies":"3 Shapes","floor":44.0,"turns":4.0},{"damage":0.0,"enemies":"Jaw Worm Horde","floor":46.0,"turns":2.0},{"damage":0,"enemies":"Reptomancer","floor":48,"turns":5},{"damage":0,"enemies":"Writhing Mass","floor":49,"turns":5},{"damage":12,"enemies":"downfall:Silent","floor":50,"turns":9},{"damage":0,"enemies":"downfall:CharBossMerchant","floor":52,"turns":6},{"damage":20,"enemies":"downfall:NeowBoss","floor":55,"turns":24}],"seed_played":"3710359694415284352","potions_obtained":[{"floor":2.0,"key":"Guardian:BlockOnCardUsePotion"},{"floor":3.0,"key":"FearPotion"},{"floor":16.0,"key":"Energy Potion"},{"floor":25.0,"key":"BlessingOfTheForge"},{"floor":30.0,"key":"Guardian:StasisDiscoveryPotion"},{"floor":33.0,"key":"Fire Potion"},{"floor":46.0,"key":"Weak Potion"},{"floor":49,"key":"SkillPotion"}],"is_trial":false,"path_per_floor":["R","M","M","?","M","E","T","R","E","?","E","?","M","$","M","B",null,"R","M","M","$","T","R","T","M","M","E","M","R","E","$","M","B",null,"R","M","?","T","$","R","T","R","E","M","R","M","R","E","M","B",null,"E","$","R","B",null],"character_chosen":"GUARDIAN","items_purchased":["Vajra","Guardian:FuturePlans","Guardian:Gem_Blue","FearPotion","OrangePellets","Strange Spoon","Guardian:Orbwalk+1","Guardian:AcceleratePotion"],"campfire_rested":1,"item_purchase_floors":[14,14,21,31,39,53,53,53],"current_hp_per_floor":[65,62,62,62,62,47,47,47,32,32,32,21,15,15,12,11,62,62,53,53,44,44,44,44,44,39,39,39,62,44,44,44,44,70,70,70,70,70,70,80,80,80,80,80,80,80,80,80,80,68,84,84,84,84,64],"gold":68,"neow_bonus":"BOSS_RELIC","is_daily":false,"chose_seed":false,"campfire_upgraded":7,"win_rate":0.0,"timestamp":1609432311,"path_taken":["R","M","M","?","M","E","T","R","E","?","E","?","?","$","M","BOSS","R","M","M","$","?","R","T","M","?","E","M","R","E","?","M","BOSS","R","M","?","?","$","R","T","R","E","M","R","M","R","E","M","BOSS","E","$","R","BOSS"],"items_purchased_type":["Relic","Card","Card","Potion","Relic","Relic","Card","Potion"],"build_version":"2020-12-22","purchased_purges":2,"victory":true,"max_hp_per_floor":[72,72,72,72,72,72,72,72,72,72,72,79,79,79,79,79,79,79,79,79,79,79,79,79,79,79,79,79,79,79,79,79,79,79,79,79,79,79,79,89,89,89,89,89,89,89,89,89,89,89,89,89,89,89,89],"relic_stats":{"OrangePellets":[11],"Strange Spoon":[22],"Nunchaku":[19],"Busted Crown":16,"Happy Flower":[20],"counters":[31,154],"Tiny Chest":1,"Pen Nib":[20],"PreservedInsect":105,"Letter Opener":[124],"obtain_stats":[{"Vajra":14,"Guardian:StasisCodex":24,"downfall:HeartBlessingGreen":29,"Empty Cage":17,"Ancient Tea Set":41,"Nunchaku":9,"downfall:BrokenWingStatue":4,"downfall:HeartBlessingBlue":40,"Strawberry":12,"Tiny Chest":22,"Girya":30,"downfall:HeartBlessingRed":8,"Happy Flower":37,"Guardian:ModeShifter":0,"Velvet Choker":0,"Oddly Smooth Stone":7,"Pen Nib":6,"PreservedInsect":48,"Letter Opener":11,"Frozen Egg 2":27,"Akabeko":52,"OrangePellets":39,"Strange Spoon":53,"Anchor":43,"Busted Crown":34},{"Vajra":8,"Guardian:StasisCodex":13,"downfall:HeartBlessingGreen":17,"Empty Cage":10,"Ancient Tea Set":23,"Nunchaku":5,"downfall:BrokenWingStatue":2,"downfall:HeartBlessingBlue":23,"Strawberry":6,"Tiny Chest":13,"Girya":18,"downfall:HeartBlessingRed":4,"Happy Flower":22,"Guardian:ModeShifter":0,"Velvet Choker":0,"Oddly Smooth Stone":4,"Pen Nib":4,"PreservedInsect":27,"Letter Opener":6,"Frozen Egg 2":16,"Akabeko":30,"OrangePellets":23,"Strange Spoon":30,"Anchor":24,"Busted Crown":21},{"Vajra":35,"Guardian:StasisCodex":54,"downfall:HeartBlessingGreen":71,"Empty Cage":43,"Ancient Tea Set":93,"Nunchaku":24,"downfall:BrokenWingStatue":7,"downfall:HeartBlessingBlue":93,"Strawberry":28,"Tiny Chest":54,"Girya":76,"downfall:HeartBlessingRed":17,"Happy Flower":92,"Guardian:ModeShifter":0,"Velvet Choker":0,"Oddly Smooth Stone":17,"Pen Nib":17,"PreservedInsect":110,"Letter Opener":28,"Frozen Egg 2":68,"Akabeko":130,"OrangePellets":93,"Strange Spoon":130,"Anchor":99,"Busted Crown":89}]},"card_choices":[{"not_picked":["Guardian:PiercingHide","Guardian:ChargeCore"],"picked":"Guardian:ArmoredProtocol","floor":2.0},{"not_picked":["Guardian:TemporalStrike","Guardian:TemporalShield"],"picked":"Guardian:Orbwalk","floor":3.0},{"not_picked":["Guardian:ShieldCharger","Guardian:GuardianWhirl"],"picked":"Guardian:MultiBeam","floor":5.0},{"not_picked":["Guardian:Incinerate","Guardian:Gem_Lightblue","Guardian:RefractedBeam"],"picked":"SKIP","floor":6.0},{"not_picked":["Guardian:TemporalShield","Guardian:Gem_Cyan","Guardian:PolyBeam"],"picked":"SKIP","floor":9.0},{"not_picked":["Guardian:Incinerate","Guardian:Planning"],"picked":"Guardian:Gem_Synthetic","floor":11.0},{"not_picked":["Guardian:Orbwalk","Guardian:CrystalBeam"],"picked":"Guardian:PiercingHide","floor":13.0},{"not_picked":["Guardian:CrystalBeam","Guardian:PrismaticBeam"],"picked":"Guardian:BronzeOrb","floor":14.0},{"not_picked":["Guardian:FloatingOrbs","Guardian:ChargeUp"],"picked":"Guardian:Reroute","floor":15.0},{"not_picked":["Guardian:AncientConstruct","Guardian:GemFinder"],"picked":"Guardian:ConstructionForm","floor":16.0},{"not_picked":["Guardian:TemporalShield","Guardian:Harden"],"picked":"Guardian:DonusPower","floor":19.0},{"not_picked":["Guardian:ChargeCore+1","Guardian:Gem_Cyan"],"picked":"Guardian:WalkerClaw","floor":20.0},{"not_picked":["Guardian:MultiBeam","Guardian:Suspension"],"picked":"Guardian:PolyBeam","floor":21.0},{"not_picked":["Guardian:Reroute","Guardian:Suspension","Guardian:Gem_Crimson"],"picked":"SKIP","floor":25.0},{"not_picked":["Guardian:Gem_Cyan","Guardian:Gem_Red"],"picked":"Guardian:Harden+1","floor":26.0},{"not_picked":["Guardian:FuturePlans+1","Guardian:Recover","Guardian:Gem_Green"],"picked":"SKIP","floor":27.0},{"not_picked":["Guardian:Harden","Guardian:ChargeUp"],"picked":"Guardian:Reroute","floor":28.0},{"not_picked":["Guardian:Gem_Crimson","Guardian:Gem_Red"],"picked":"Guardian:ArmoredProtocol+1","floor":30.0},{"not_picked":["Guardian:PiercingHide","Guardian:GuardianWhirl"],"picked":"Guardian:SpikerProtocol+1","floor":31.0},{"not_picked":["Guardian:Reroute","Guardian:WalkerClaw"],"picked":"Guardian:SphericShield","floor":32.0},{"not_picked":["Guardian:BaubleBeam","Guardian:HyperBeam_Guardian"],"picked":"Guardian:Gem_Orange","floor":33.0},{"not_picked":["Guardian:VentSteam+1"],"picked":"SKIP","floor":36.0},{"not_picked":["Guardian:TimeBomb"],"picked":"SKIP","floor":39.0},{"not_picked":[],"picked":"Guardian:Gem_White","floor":43.0},{"not_picked":["Guardian:Gem_Lightblue"],"picked":"SKIP","floor":44.0},{"not_picked":["Guardian:Suspension+1"],"picked":"SKIP","floor":46.0},{"not_picked":["Guardian:Planning"],"picked":"SKIP","floor":48},{"not_picked":["Guardian:Suspension"],"picked":"SKIP","floor":49},{"not_picked":[],"picked":"Guardian:CompilePackage","floor":52}],"player_experience":654671,"relics_obtained":[{"floor":6.0,"key":"Pen Nib"},{"floor":7.0,"key":"Oddly Smooth Stone"},{"floor":9.0,"key":"Nunchaku"},{"floor":11.0,"key":"Letter Opener"},{"floor":22.0,"key":"Tiny Chest"},{"floor":24.0,"key":"Guardian:StasisCodex"},{"floor":27.0,"key":"Frozen Egg 2"},{"floor":30.0,"key":"Girya"},{"floor":37.0,"key":"Happy Flower"},{"floor":41.0,"key":"Ancient Tea Set"},{"floor":43.0,"key":"Anchor"},{"floor":48,"key":"PreservedInsect"},{"floor":52,"key":"Akabeko"}],"event_choices":[{"damage_healed":0.0,"max_hp_gain":0.0,"max_hp_loss":0.0,"gold_gain":0.0,"event_name":"Scrap Ooze","player_choice":"Success","floor":12.0,"gold_loss":0.0,"damage_taken":18.0,"relics_obtained":["Strawberry"]}],"is_beta":false,"boss_relics":[{"not_picked":["SlaversCollar","Philosopher\u0027s Stone"],"picked":"Empty Cage"},{"not_picked":["Sozu","Coffee Dripper"],"picked":"Busted Crown"}],"items_purged_floors":[14,39],"is_endless":false,"potions_floor_spawned":[2,3,16,25,26,30,33,36,46,49],"ascension_level":18}}