{"host":"2xqcnyceei4ojw3j","time":1609438185,"event":{"mods":["2.2 Compatiblity","AchievementEnabler","AlwaysNeverKeys","BaseMod","Better Altar","Better Match","Better Note","Better Sensory Stone","Better Skull","BetterRewards","Custom Start","Evolution","Hubris","Jedi Mod","Marisa????????","Minty Spire (QoL Compilation)","Quick Restart","Rare Cards Sparkle","Spicy Shops","StSLib","The Servant 0.9.4","??????REMEMod"],"gold_per_floor":[115,115,32,32,32,32,32,32,32,32,2,2,2,2,2,2,2,2,2,2,2,2,2,2,0,0,0,32,32,29,44,44,147,206,327,354,354,354],"floor_reached":37,"playtime":1800,"items_purged":[],"score":469,"play_id":"67e6a410-3646-44fa-904f-3885308c25e8","local_time":"20201231160945","is_ascension_mode":false,"campfire_choices":[{"floor":6,"key":"REST"},{"data":"MurderousAura","floor":8,"key":"SMITH"},{"data":"Reset","floor":12,"key":"SMITH"},{"data":"FlawlessForm","floor":15,"key":"SMITH"},{"floor":32,"key":"REST"}],"circlet_count":0,"master_deck":["Strike_S","Strike_S","Strike_S","Strike_S","Defend_S","Defend_S","Defend_S","Defend_S+1","KidneyShot","Exchange","Reset+1","MurderousAura+1","Hightail","Defy","FlawlessForm+1","TheWorld","Dilation","Deny","Spin+1","InstantArmor+1","Unruled","BottledTime+1","Hightail+1","Desolation","BestPractice","Unruled+1"],"relics":["Uniform","EVO:Axolotl","REME_ComplimentaryCards","REME_HourglassOfDeath","Membership Card","Mercury Hourglass","Cauldron","hubris:GlazedTorus","jedi:ominousloannote","hubris:64BitClover","Tiny Chest","hubris:BundleOfHerbs","hubris:Icosahedron","Blue Candle","Calipers","Black Star","Mummified Hand","Potion Belt","Toxic Egg 2","CeramicFish","Orichalcum","Bottled Tornado","Bronze Scales","Bag of Marbles","Lizard Tail","jedi:gremlinknob","Smiling Mask","Tiny House"],"acts_visited":["Exordium","TheCity","TheBeyond"],"potions_floor_usage":[0,1,16,16,16,23,23,36],"damage_taken":[{"damage":0,"enemies":"Small Slimes","floor":1,"turns":2},{"damage":7,"enemies":"2 Louse","floor":5,"turns":2},{"damage":0,"enemies":"Cultist","floor":7,"turns":3},{"damage":7,"enemies":"Exordium Thugs","floor":11,"turns":3},{"damage":0,"enemies":"Large Slime","floor":13,"turns":4},{"damage":13,"enemies":"Hexaghost","floor":16,"turns":10},{"damage":0,"enemies":"3 Byrds","floor":18,"turns":3},{"damage":11,"enemies":"Spheric Guardian","floor":20,"turns":4},{"damage":8,"enemies":"Snecko","floor":22,"turns":5},{"damage":21,"enemies":"Book of Stabbing","floor":23,"turns":5},{"damage":8,"enemies":"Slavers","floor":25,"turns":3},{"damage":12,"enemies":"Gremlin Leader","floor":28,"turns":5},{"damage":0,"enemies":"Cultist and Chosen","floor":30,"turns":3},{"damage":0,"enemies":"Snake Plant","floor":31,"turns":3},{"damage":1,"enemies":"Collector","floor":33,"turns":9},{"damage":0,"enemies":"Orb Walker","floor":35,"turns":2},{"damage":0,"enemies":"3 Shapes","floor":36,"turns":2},{"damage":0,"enemies":"Maw","floor":37,"turns":1}],"seed_played":"2230394814498642556","potions_obtained":[{"floor":0,"key":"Fruit Juice"},{"floor":0,"key":"jedi:wingpotion"},{"floor":0,"key":"Explosive Potion"},{"floor":1,"key":"jedi:hoardpotion"},{"floor":7,"key":"SkillPotion"},{"floor":11,"key":"Explosive Potion"},{"floor":20,"key":"Strength Potion"},{"floor":33,"key":"jedi:tentaclejuice"},{"floor":34,"key":"jedi:wingpotion"},{"floor":35,"key":"PowerPotion"}],"is_trial":false,"path_per_floor":["M","?","$","?","M","R","M","R","T","?","M","R","M","T","R","B",null,"M","?","M","$","M","E","?","E","T","T","E","?","M","M","R","B",null,"M","M","M"],"character_chosen":"THE_SERVANT","items_purchased":["REME_HourglassOfDeath","Membership Card","Mercury Hourglass","Cauldron","jedi:ominousloannote","MurderousAura","hubris:64BitClover","Tiny Chest","hubris:BundleOfHerbs","Strength Potion"],"campfire_rested":2,"item_purchase_floors":[0,0,0,0,3,3,3,3,3,3],"current_hp_per_floor":[39,39,39,39,32,53,53,53,53,53,57,57,57,57,57,44,70,70,70,59,59,51,60,60,52,52,52,40,40,40,40,61,60,75,75,75,75,75],"gold":354,"neow_bonus":"","is_daily":false,"chose_seed":false,"campfire_upgraded":3,"win_rate":0.0,"timestamp":1609438185,"path_taken":["M","?","$","?","M","R","M","R","T","?","?","R","M","?","R","BOSS","M","?","M","?","M","E","?","E","T","?","E","?","M","M","R","BOSS","M","M","M"],"items_purchased_type":["Relic","Relic","Relic","Relic","Relic","Card","Relic","Relic","Relic","Potion"],"build_version":"2020-12-22","purchased_purges":0,"victory":false,"max_hp_per_floor":[70,70,70,70,70,70,70,70,70,70,70,70,70,70,70,70,70,70,70,70,70,70,70,70,70,70,70,70,70,70,70,70,70,75,75,75,75,75],"card_choices":[{"not_picked":["TimeWarp","Starlight"],"picked":"Reset","floor":1},{"not_picked":["RealityMarble","Replace","ShiftingGears"],"picked":"SKIP","floor":5},{"not_picked":["TimeWarp","Rewind"],"picked":"Hightail","floor":7},{"not_picked":["FastForward","BottledTime"],"picked":"Defy","floor":11},{"not_picked":["ShatteredReality","Ricochet"],"picked":"FlawlessForm","floor":13},{"not_picked":["Defy","ShatteredReality"],"picked":"Spin+1","floor":18},{"not_picked":["FastForward","Replace+1","ShatteredReality"],"picked":"SKIP","floor":20},{"not_picked":["FanOfKnives","Misdirection+1","Ricochet"],"picked":"SKIP","floor":22},{"not_picked":["Snipe","WasteNot"],"picked":"InstantArmor+1","floor":23},{"not_picked":["ShatteredReality+1","Starlight"],"picked":"Unruled","floor":25},{"not_picked":["BestPractice+1","DoubleEdge"],"picked":"BottledTime+1","floor":28},{"not_picked":["Rewind+1","ReturningBlade"],"picked":"Hightail+1","floor":30},{"not_picked":["Rewind+1","Sabotage","FastForward+1"],"picked":"SKIP","floor":31},{"not_picked":["BottledTime+1","Comet"],"picked":"Desolation","floor":34},{"not_picked":["Potential+1","Alleviate+1"],"picked":"BestPractice","floor":35},{"not_picked":["TimeWarp","Sabotage+1"],"picked":"Unruled+1","floor":36}],"player_experience":194239,"relics_obtained":[{"floor":9,"key":"Blue Candle"},{"floor":14,"key":"Calipers"},{"floor":20,"key":"Mummified Hand"},{"floor":23,"key":"Potion Belt"},{"floor":23,"key":"Toxic Egg 2"},{"floor":25,"key":"Orichalcum"},{"floor":25,"key":"Bottled Tornado"},{"floor":26,"key":"Bronze Scales"},{"floor":27,"key":"Bag of Marbles"},{"floor":28,"key":"Lizard Tail"},{"floor":28,"key":"jedi:gremlinknob"},{"floor":29,"key":"Smiling Mask"}],"event_choices":[{"damage_healed":0,"gold_gain":0,"player_choice":"Ignored","damage_taken":0,"max_hp_gain":0,"max_hp_loss":0,"event_name":"Shining Light","floor":2,"gold_loss":0},{"damage_healed":0,"gold_gain":0,"player_choice":"Got Potions","damage_taken":0,"max_hp_gain":0,"max_hp_loss":0,"event_name":"Lab","floor":10,"gold_loss":0},{"cards_removed":["MurderousAura"],"damage_healed":0,"gold_gain":0,"player_choice":"Give","damage_taken":0,"max_hp_gain":0,"max_hp_loss":0,"event_name":"betterNote:BetterNote","floor":19,"gold_loss":0,"cards_obtained":["None"]},{"damage_healed":0,"gold_gain":0,"player_choice":"Opened","damage_taken":0,"relics_obtained":["CeramicFish"],"max_hp_gain":0,"max_hp_loss":0,"event_name":"The Mausoleum","floor":24,"gold_loss":0}],"is_beta":false,"boss_relics":[{"not_picked":["hubris:RunicObelisk","Sozu"],"picked":"Black Star"},{"not_picked":["jedi:battlestandard","Runic Dome"],"picked":"Tiny House"}],"items_purged_floors":[],"is_endless":false,"potions_floor_spawned":[1,7,11,13,20,30,33,35],"killed_by":"Maw","ascension_level":0}}