{"host":"mcdusr64esz012l0","time":1609399431,"event":{"mods":["BaseMod","Minty Spire (QoL Compilation)","Relic Stats"],"gold_per_floor":[114,114,114,133,133,159,159,159,207,221,249,249,279,279,279,279,279],"floor_reached":16,"playtime":442,"items_purged":[],"score":282,"play_id":"f1b3dd4d-fdb6-499c-9c01-37ccf8050a13","local_time":"20201231022351","is_ascension_mode":true,"campfire_choices":[{"data":"Leg Sweep","floor":8,"key":"SMITH"},{"floor":15,"key":"REST"}],"circlet_count":0,"master_deck":["AscendersBane","Strike_G","Strike_G","Strike_G","Defend_G+1","Defend_G","Defend_G","Defend_G","Defend_G","Survivor","Neutralize+1","Endless Agony","Leg Sweep+1","Dash+1","Poisoned Stab","Calculated Gamble"],"relics":["Ring of the Snake","NeowsBlessing","Shuriken","Potion Belt","Regal Pillow","Ancient Tea Set","Anchor"],"acts_visited":["Exordium"],"potions_floor_usage":[11,16,16],"damage_taken":[{"damage":0,"enemies":"Jaw Worm","floor":1,"turns":1},{"damage":0,"enemies":"Small Slimes","floor":4,"turns":1},{"damage":0,"enemies":"Gremlin Nob","floor":6,"turns":1},{"damage":0,"enemies":"Cultist","floor":10,"turns":4},{"damage":10,"enemies":"3 Sentries","floor":11,"turns":10},{"damage":22,"enemies":"Lagavulin","floor":13,"turns":9},{"damage":57,"enemies":"Slime Boss","floor":16,"turns":10}],"seed_played":"9023604428091247066","potions_obtained":[{"floor":1,"key":"AttackPotion"},{"floor":6,"key":"PowerPotion"},{"floor":10,"key":"SteroidPotion"}],"is_trial":false,"path_per_floor":["M","?","?","M","?","E","?","R","T","M","E","T","E","?","R","B"],"character_chosen":"THE_SILENT","items_purchased":[],"campfire_rested":1,"item_purchase_floors":[],"current_hp_per_floor":[59,52,32,32,54,54,54,54,54,54,44,44,22,22,56,0,0],"gold":279,"neow_bonus":"THREE_ENEMY_KILL","is_daily":false,"chose_seed":false,"campfire_upgraded":1,"win_rate":0.0,"timestamp":1609399431,"path_taken":["M","?","?","M","?","E","?","R","T","?","E","?","E","?","R","BOSS"],"items_purchased_type":[],"build_version":"2020-12-22","purchased_purges":0,"victory":false,"max_hp_per_floor":[66,66,66,66,66,66,66,66,66,66,66,66,66,66,66,66,66],"relic_stats":{"Regal Pillow":15,"counters":[7,36],"Shuriken":[9],"obtain_stats":[{"Potion Belt":9,"Regal Pillow":11,"Anchor":13,"NeowsBlessing":0,"Shuriken":6,"Ancient Tea Set":12,"Ring of the Snake":0},{"Potion Belt":3,"Regal Pillow":5,"Anchor":6,"NeowsBlessing":0,"Shuriken":3,"Ancient Tea Set":5,"Ring of the Snake":0},{"Potion Belt":3,"Regal Pillow":17,"Anchor":26,"NeowsBlessing":0,"Shuriken":3,"Ancient Tea Set":17,"Ring of the Snake":0}],"Ring of the Snake":[14]},"card_choices":[{"not_picked":["Deadly Poison","Crippling Poison"],"picked":"Endless Agony","floor":1},{"not_picked":["Cloak And Dagger","Acrobatics"],"picked":"Leg Sweep","floor":4},{"not_picked":["Backflip","Bane"],"picked":"Dash","floor":6},{"not_picked":["Prepared","Choke"],"picked":"Poisoned Stab","floor":10},{"not_picked":["Masterful Stab","Distraction","Dodge and Roll"],"picked":"SKIP","floor":11},{"not_picked":["Flying Knee","Blur"],"picked":"Calculated Gamble","floor":13}],"player_experience":1026034,"relics_obtained":[{"floor":6,"key":"Shuriken"},{"floor":9,"key":"Potion Belt"},{"floor":11,"key":"Regal Pillow"},{"floor":12,"key":"Ancient Tea Set"},{"floor":13,"key":"Anchor"}],"event_choices":[{"cards_removed":["Strike_G"],"damage_healed":0,"gold_gain":0,"player_choice":"Card Removal","damage_taken":7,"max_hp_gain":0,"max_hp_loss":0,"event_name":"Golden Wing","floor":2,"gold_loss":0},{"damage_healed":0,"gold_gain":0,"player_choice":"Entered Light","damage_taken":20,"max_hp_gain":0,"max_hp_loss":0,"event_name":"Shining Light","floor":3,"gold_loss":0,"cards_upgraded":["Neutralize","Defend_G"]},{"damage_healed":22,"gold_gain":0,"player_choice":"Banana","damage_taken":0,"max_hp_gain":0,"max_hp_loss":0,"event_name":"Big Fish","floor":5,"gold_loss":0},{"damage_healed":0,"gold_gain":0,"player_choice":"Forge","damage_taken":0,"max_hp_gain":0,"max_hp_loss":0,"event_name":"Accursed Blacksmith","floor":7,"gold_loss":0,"cards_upgraded":["Dash"]},{"cards_removed":["Strike_G"],"damage_healed":0,"gold_gain":0,"player_choice":"Purged","damage_taken":0,"max_hp_gain":0,"max_hp_loss":0,"event_name":"Purifier","floor":14,"gold_loss":0}],"is_beta":false,"boss_relics":[],"items_purged_floors":[],"is_endless":false,"potions_floor_spawned":[1,6,10],"killed_by":"Slime Boss","ascension_level":20}}