{"host":"37dk0reb6x0du8wx","time":1609399785,"event":{"mods":["BaseMod","Colored Map","DeckTracker","Minty Spire (QoL Compilation)","Quick Restart","StSLib","SuperFastMode","The Dragon Tamer"],"gold_per_floor":[119,69,144,161,39,39,66,84,84,100,100,119,137,14,14,115,115,128,161,35,35,35,35,46,60,107,207,223,67,100,9,9,9,9],"floor_reached":33,"playtime":825,"items_purged":["Strike_G","Defend_G"],"score":330,"play_id":"77d5a109-f0ab-4248-a20c-fbcb7d6b5ded","local_time":"20201231162945","is_ascension_mode":true,"campfire_choices":[{"data":"Cloak And Dagger","floor":6,"key":"SMITH"},{"floor":11,"key":"REST"},{"data":"Blade Dance","floor":15,"key":"SMITH"},{"floor":23,"key":"REST"},{"floor":32,"key":"REST"}],"circlet_count":0,"master_deck":["Strike_G","Strike_G","Defend_G","Defend_G","Defend_G","Survivor","Neutralize","Cloak And Dagger+1","Dagger Throw","Blade Dance","Dagger Throw","Blade Dance+1","A Thousand Cuts","Blade Dance+1","Blade Dance","Accuracy","Shame","Blade Dance+1","Blade Dance","Bandage Up"],"relics":["Ring of the Snake","NeowsBlessing","WingedGreaves","Mercury Hourglass","Empty Cage","Red Mask","MealTicket","PreservedInsect","Vajra","Potion Belt"],"acts_visited":["Exordium","TheCity"],"potions_floor_usage":[16,28,30,33],"damage_taken":[{"damage":0,"enemies":"2 Louse","floor":1,"turns":1},{"damage":0,"enemies":"Small Slimes","floor":4,"turns":1},{"damage":0,"enemies":"3 Sentries","floor":7,"turns":1},{"damage":0,"enemies":"Jaw Worm","floor":8,"turns":6},{"damage":1,"enemies":"3 Louse","floor":10,"turns":3},{"damage":2,"enemies":"Looter","floor":12,"turns":3},{"damage":9,"enemies":"2 Fungi Beasts","floor":13,"turns":2},{"damage":50,"enemies":"Slime Boss","floor":16,"turns":11},{"damage":19,"enemies":"2 Thieves","floor":18,"turns":3},{"damage":24,"enemies":"Masked Bandits","floor":19,"turns":4},{"damage":0,"enemies":"Chosen","floor":24,"turns":3},{"damage":23,"enemies":"3 Cultists","floor":25,"turns":4},{"damage":0,"enemies":"Snake Plant","floor":28,"turns":4},{"damage":14,"enemies":"Book of Stabbing","floor":30,"turns":3},{"damage":86,"enemies":"Automaton","floor":33,"turns":6}],"seed_played":"8421318799848376037","potions_obtained":[{"floor":1,"key":"SkillPotion"},{"floor":7,"key":"Weak Potion"},{"floor":12,"key":"GhostInAJar"},{"floor":16,"key":"Ancient Potion"},{"floor":30,"key":"EssenceOfSteel"}],"is_trial":false,"path_per_floor":["M","?","?","M","$","R","E","M","T","M","R","M","M","$","R","B",null,"M","?","$","?","?","R","M","M","T","?","M","$","E","$","R","B"],"character_chosen":"THE_SILENT","items_purchased":["Cloak And Dagger","Blade Dance","Blade Dance","Accuracy","Vajra","Bandage Up"],"campfire_rested":3,"item_purchase_floors":[5,14,20,20,29,31],"current_hp_per_floor":[70,70,59,59,59,59,59,59,59,58,70,68,59,59,59,9,70,51,27,27,27,27,48,48,25,25,25,25,40,26,41,62,0,0],"gold":9,"neow_bonus":"THREE_ENEMY_KILL","is_daily":false,"chose_seed":false,"campfire_upgraded":2,"win_rate":0.0,"timestamp":1609399785,"path_taken":["M","?","?","M","$","R","E","M","T","M","R","M","?","$","R","BOSS","M","?","$","?","?","R","M","?","T","?","M","?","E","$","R","BOSS"],"items_purchased_type":["Card","Card","Card","Card","Relic","Card"],"build_version":"2020-12-22","purchased_purges":2,"victory":false,"max_hp_per_floor":[70,70,70,70,70,70,70,70,70,70,70,70,70,70,70,70,70,70,70,70,70,70,70,70,70,70,70,70,70,70,70,70,70,70],"card_choices":[{"not_picked":["Expertise","PiercingWail","Dodge and Roll"],"picked":"SKIP","floor":1},{"not_picked":["Expertise","PiercingWail","Dodge and Roll"],"picked":"SKIP","floor":1},{"not_picked":["Escape Plan","Calculated Gamble","Masterful Stab"],"picked":"SKIP","floor":4},{"not_picked":["Noxious Fumes","Expertise","Endless Agony"],"picked":"SKIP","floor":7},{"not_picked":["Masterful Stab","Bane","PiercingWail"],"picked":"SKIP","floor":8},{"not_picked":["Poisoned Stab","Flechettes"],"picked":"Dagger Throw","floor":10},{"not_picked":["Reflex","Well Laid Plans"],"picked":"Blade Dance","floor":12},{"not_picked":["Flying Knee","Blur"],"picked":"Dagger Throw","floor":13},{"not_picked":["Wraith Form v2","Die Die Die"],"picked":"A Thousand Cuts","floor":16},{"not_picked":["Caltrops","Tactician+1"],"picked":"Blade Dance+1","floor":18},{"not_picked":["Backstab","Sucker Punch","Poisoned Stab"],"picked":"SKIP","floor":24},{"not_picked":["Dagger Throw","Poisoned Stab+1","Dagger Spray"],"picked":"SKIP","floor":25},{"not_picked":["Quick Slash","Dagger Spray"],"picked":"Blade Dance+1","floor":28},{"not_picked":["Poisoned Stab","Quick Slash+1"],"picked":"Blade Dance","floor":30}],"player_experience":90356,"relics_obtained":[{"floor":7,"key":"WingedGreaves"},{"floor":9,"key":"Mercury Hourglass"},{"floor":19,"key":"Red Mask"},{"floor":26,"key":"PreservedInsect"},{"floor":30,"key":"Potion Belt"}],"event_choices":[{"cards_removed":["Strike_G"],"damage_healed":0,"gold_gain":0,"player_choice":"Card Removal","damage_taken":0,"max_hp_gain":0,"max_hp_loss":0,"event_name":"The Cleric","floor":2,"gold_loss":50},{"damage_healed":0,"gold_gain":75,"player_choice":"Gather Gold","damage_taken":11,"max_hp_gain":0,"max_hp_loss":0,"event_name":"World of Goop","floor":3,"gold_loss":0},{"damage_healed":0,"gold_gain":0,"player_choice":"Fought Bandits","damage_taken":0,"max_hp_gain":0,"max_hp_loss":0,"event_name":"Masked Bandits","floor":19,"gold_loss":0},{"damage_healed":0,"gold_gain":0,"player_choice":"Ignored","damage_taken":0,"max_hp_gain":0,"max_hp_loss":0,"event_name":"Ghosts","floor":21,"gold_loss":0},{"damage_healed":0,"gold_gain":0,"player_choice":"Stole Relic","damage_taken":0,"relics_obtained":["MealTicket"],"max_hp_gain":0,"max_hp_loss":0,"event_name":"Addict","floor":22,"gold_loss":0,"cards_obtained":["Shame"]},{"damage_healed":0,"gold_gain":100,"player_choice":"Pray","damage_taken":0,"max_hp_gain":0,"max_hp_loss":0,"event_name":"Golden Shrine","floor":27,"gold_loss":0}],"is_beta":false,"boss_relics":[{"not_picked":["Ring of the Serpent","Ectoplasm"],"picked":"Empty Cage"}],"items_purged_floors":[5,14],"is_endless":false,"potions_floor_spawned":[1,7,12,16,25,30],"killed_by":"Automaton","ascension_level":1}}