{"host":"hwrdjx5eod2cxh09","time":1609411431,"event":{"mods":["AchievementEnabler","BaseMod","Bestiary","Minty Spire (QoL Compilation)","Relic Stats"],"gold_per_floor":[116,127,127,151,151,151,167,167,190,17,17,55,75,75,75,196,196,209,209,309,288,308,308,308,308,308,351,366,366,387,412,412,532,532,551,614,127,127,127,166,41,57,132,132,156,156,174,174,174,174],"floor_reached":51,"playtime":2540,"items_purged":["Zap","Strike_B","Strike_B"],"score":695,"play_id":"a143b4a4-1e76-46c6-b15c-d4cff00f5f3c","local_time":"20201231194351","is_ascension_mode":false,"campfire_choices":[{"data":"Reprogram","floor":8,"key":"SMITH"},{"floor":11,"key":"REST"},{"data":"Bandage Up","floor":15,"key":"SMITH"},{"floor":23,"key":"REST"},{"data":"Blind","floor":25,"key":"SMITH"},{"floor":29,"key":"REST"},{"data":"Reboot","floor":32,"key":"SMITH"},{"floor":44,"key":"RECALL"},{"data":"Go for the Eyes","floor":46,"key":"SMITH"},{"floor":49,"key":"REST"}],"circlet_count":0,"master_deck":["Defend_B","Defend_B","Defend_B","Go for the Eyes+1","Gash","Reprogram+1","Blind+1","Gash+1","Bandage Up+1","Conserve Battery","Conserve Battery","Reboot+1","Auto Shields+1","Leap","Double Energy+1","Skim","Rebound+1","Gash","Seek","Undo","Rebound","Hyperbeam","Trip","Turbo+1","Beam Cell+1","Secret Weapon","Swift Strike"],"relics":["Cracked Core","Juzu Bracelet","Golden Idol","Strawberry","Pen Nib","Nuclear Battery","Shuriken","Frozen Egg 2","SlaversCollar","Calipers","Happy Flower","Boot","Bottled Lightning"],"acts_visited":["Exordium","TheCity","TheBeyond"],"potions_floor_usage":[16,27,33,40],"damage_taken":[{"damage":1,"enemies":"Cultist","floor":1,"turns":3},{"damage":0,"enemies":"Small Slimes","floor":2,"turns":2},{"damage":3,"enemies":"Jaw Worm","floor":4,"turns":4},{"damage":27,"enemies":"Large Slime","floor":7,"turns":6},{"damage":9,"enemies":"Lagavulin","floor":12,"turns":7},{"damage":11,"enemies":"Red Slaver","floor":13,"turns":4},{"damage":33,"enemies":"Slime Boss","floor":16,"turns":14},{"damage":5,"enemies":"Chosen","floor":18,"turns":7},{"damage":15,"enemies":"2 Thieves","floor":21,"turns":5},{"damage":50,"enemies":"Cultist and Chosen","floor":22,"turns":12},{"damage":14,"enemies":"Slavers","floor":27,"turns":7},{"damage":34,"enemies":"Sentry and Sphere","floor":28,"turns":8},{"damage":6,"enemies":"Centurion and Healer","floor":30,"turns":7},{"damage":0,"enemies":"Cultist and Chosen","floor":31,"turns":6},{"damage":25,"enemies":"Champ","floor":33,"turns":11},{"damage":7,"enemies":"3 Darklings","floor":35,"turns":5},{"damage":9,"enemies":"Mind Bloom Boss Battle","floor":36,"turns":10},{"damage":16,"enemies":"Nemesis","floor":40,"turns":7},{"damage":4,"enemies":"Orb Walker","floor":42,"turns":4},{"damage":6,"enemies":"3 Darklings","floor":45,"turns":2},{"damage":33,"enemies":"Writhing Mass","floor":47,"turns":5},{"damage":24,"enemies":"Awakened One","floor":50,"turns":13}],"seed_played":"4522319610084551124","potions_obtained":[{"floor":2,"key":"PowerPotion"},{"floor":4,"key":"Energy Potion"},{"floor":13,"key":"SpeedPotion"},{"floor":16,"key":"Fire Potion"},{"floor":22,"key":"SpeedPotion"},{"floor":30,"key":"FearPotion"},{"floor":31,"key":"SteroidPotion"},{"floor":35,"key":"EssenceOfSteel"},{"floor":42,"key":"Energy Potion"},{"floor":47,"key":"FairyPotion"}],"is_trial":false,"path_per_floor":["M","M","?","M","?","?","M","R","T","$","R","E","M","?","R","B",null,"M","?","?","M","M","R","?","R","T","E","M","R","M","M","R","B",null,"M","?","$","?","?","E","$","M","T","R","M","R","M","?","R","B",null],"character_chosen":"DEFECT","items_purchased":["Bandage Up","Hyperbeam","Trip","Happy Flower"],"campfire_rested":4,"item_purchase_floors":[10,37,37,37],"current_hp_per_floor":[74,74,56,53,46,46,19,19,26,26,50,45,38,38,38,11,82,77,77,77,67,23,47,47,47,47,39,11,35,35,41,41,22,82,75,72,72,72,72,62,62,64,64,64,64,64,31,21,45,27],"gold":174,"neow_bonus":"RANDOM_COMMON_RELIC","is_daily":false,"chose_seed":false,"campfire_upgraded":5,"win_rate":0.0,"timestamp":1609411431,"path_taken":["M","M","?","M","?","?","M","R","T","$","R","E","M","?","R","BOSS","M","?","?","M","M","R","?","R","T","E","M","R","M","M","R","BOSS","M","?","$","?","?","E","$","M","T","R","M","R","M","?","R","BOSS"],"items_purchased_type":["Card","Card","Card","Relic"],"build_version":"2020-12-22","purchased_purges":3,"victory":true,"max_hp_per_floor":[75,75,75,75,75,75,75,75,82,82,82,82,82,82,82,82,82,82,82,82,82,82,82,82,82,82,82,82,82,82,82,82,82,82,82,82,82,82,82,82,82,82,82,82,82,82,82,82,82,82],"relic_stats":{"Happy Flower":[10],"counters":[22,149],"Golden Idol":163,"Shuriken":[37],"Pen Nib":[26],"Juzu Bracelet":4,"Boot":[6],"obtain_stats":[{"Calipers":36,"Happy Flower":37,"Golden Idol":3,"Pen Nib":12,"Juzu Bracelet":0,"Frozen Egg 2":27,"Boot":40,"Nuclear Battery":17,"SlaversCollar":34,"Shuriken":26,"Strawberry":9,"Bottled Lightning":43,"Cracked Core":0},{"Calipers":17,"Happy Flower":17,"Golden Idol":2,"Pen Nib":5,"Juzu Bracelet":0,"Frozen Egg 2":11,"Boot":18,"Nuclear Battery":7,"SlaversCollar":15,"Shuriken":10,"Strawberry":4,"Bottled Lightning":19,"Cracked Core":0},{"Calipers":118,"Happy Flower":118,"Golden Idol":5,"Pen Nib":22,"Juzu Bracelet":0,"Frozen Egg 2":71,"Boot":125,"Nuclear Battery":40,"SlaversCollar":103,"Shuriken":64,"Strawberry":15,"Bottled Lightning":129,"Cracked Core":0}]},"card_choices":[{"not_picked":["Streamline","White Noise"],"picked":"Go for the Eyes","floor":1},{"not_picked":["Self Repair","Sweeping Beam"],"picked":"Gash","floor":2},{"not_picked":["Steam","Coolheaded"],"picked":"Reprogram","floor":4},{"not_picked":["Blizzard","Consume"],"picked":"Gash","floor":7},{"not_picked":["Coolheaded","Stack"],"picked":"Conserve Battery","floor":12},{"not_picked":["Force Field","Thunder Strike"],"picked":"Conserve Battery","floor":13},{"not_picked":["Meteor Strike","Echo Form"],"picked":"Reboot","floor":16},{"not_picked":["Capacitor","Skim+1"],"picked":"Auto Shields+1","floor":18},{"not_picked":["Chill","Defragment+1","Glacier"],"picked":"SKIP","floor":21},{"not_picked":["Go for the Eyes","Redo"],"picked":"Leap","floor":22},{"not_picked":["Cold Snap","Tempest+1"],"picked":"Double Energy+1","floor":27},{"not_picked":["Barrage+1","Genetic Algorithm"],"picked":"Skim","floor":28},{"not_picked":["Blizzard","Cold Snap"],"picked":"Rebound+1","floor":30},{"not_picked":["Rebound","Chaos"],"picked":"Gash","floor":31},{"not_picked":["Thunder Strike","Fission"],"picked":"Seek","floor":33},{"not_picked":["Gash+1","Reprogram"],"picked":"Undo","floor":35},{"not_picked":["Turbo+1","Gash"],"picked":"Rebound","floor":36},{"not_picked":["Stack+1","Turbo","Compile Driver+1"],"picked":"SKIP","floor":40},{"not_picked":["Cold Snap","Go for the Eyes+1","Lockon+1"],"picked":"SKIP","floor":42},{"not_picked":["Gash+1","Go for the Eyes+1"],"picked":"Turbo+1","floor":45},{"not_picked":["Electrodynamics+1","Compile Driver+1"],"picked":"Beam Cell+1","floor":47},{"not_picked":["Dramatic Entrance","Dark Shackles"],"picked":"Secret Weapon","floor":48},{"not_picked":["Mind Blast","Sadistic Nature+1"],"picked":"Swift Strike","floor":48}],"player_experience":119000,"relics_obtained":[{"floor":9,"key":"Strawberry"},{"floor":12,"key":"Pen Nib"},{"floor":26,"key":"Shuriken"},{"floor":27,"key":"Frozen Egg 2"},{"floor":36,"key":"Calipers"},{"floor":40,"key":"Boot"},{"floor":43,"key":"Bottled Lightning"}],"event_choices":[{"damage_healed":0,"gold_gain":0,"player_choice":"Take Damage","damage_taken":18,"relics_obtained":["Golden Idol"],"max_hp_gain":0,"max_hp_loss":0,"event_name":"Golden Idol","floor":3,"gold_loss":0},{"cards_removed":["Defend_B"],"damage_healed":0,"gold_gain":0,"player_choice":"Card Removal","damage_taken":7,"max_hp_gain":0,"max_hp_loss":0,"event_name":"Golden Wing","floor":5,"gold_loss":0},{"damage_healed":0,"gold_gain":0,"player_choice":"1 cards matched","damage_taken":0,"max_hp_gain":0,"max_hp_loss":0,"event_name":"Match and Keep!","floor":6,"gold_loss":0,"cards_obtained":["Blind"]},{"damage_healed":0,"gold_gain":0,"player_choice":"Grow","damage_taken":0,"max_hp_gain":0,"max_hp_loss":0,"event_name":"Living Wall","floor":14,"gold_loss":0,"cards_upgraded":["Gash"]},{"damage_healed":0,"gold_gain":0,"player_choice":"Ignored","damage_taken":0,"max_hp_gain":0,"max_hp_loss":0,"event_name":"Vampires","floor":19,"gold_loss":0},{"damage_healed":0,"gold_gain":100,"player_choice":"Pray","damage_taken":0,"max_hp_gain":0,"max_hp_loss":0,"event_name":"Golden Shrine","floor":20,"gold_loss":0},{"cards_removed":["Dualcast"],"damage_healed":0,"gold_gain":0,"player_choice":"Purged","damage_taken":0,"max_hp_gain":0,"max_hp_loss":0,"event_name":"Purifier","floor":24,"gold_loss":0},{"damage_healed":0,"gold_gain":0,"player_choice":"Fight","damage_taken":0,"max_hp_gain":0,"max_hp_loss":0,"event_name":"MindBloom","floor":36,"gold_loss":0},{"cards_removed":["Strike_B"],"damage_healed":0,"gold_gain":0,"player_choice":"Removed Attack","damage_taken":0,"max_hp_gain":0,"max_hp_loss":0,"event_name":"Falling","floor":38,"gold_loss":0},{"cards_removed":["Strike_B"],"damage_healed":0,"gold_gain":0,"player_choice":"Purged","damage_taken":0,"max_hp_gain":0,"max_hp_loss":0,"event_name":"Purifier","floor":39,"gold_loss":0},{"damage_healed":0,"gold_gain":0,"player_choice":"Memory 3","damage_taken":10,"max_hp_gain":0,"max_hp_loss":0,"event_name":"SensoryStone","floor":48,"gold_loss":0}],"is_beta":false,"boss_relics":[{"not_picked":["Tiny House","Busted Crown"],"picked":"Nuclear Battery"},{"not_picked":["Velvet Choker","Sozu"],"picked":"SlaversCollar"}],"items_purged_floors":[10,37,41],"is_endless":false,"potions_floor_spawned":[2,4,13,16,21,22,30,31,35,42,47],"ascension_level":0}}