{"host":"k4et7hlhlqy8fuoz","time":1609406872,"event":{"mods":["2.2 Compatiblity","AchievementEnabler","BaseMod","Colored Map","DeckTracker","Highlight Path","Minty Spire (QoL Compilation)","Random Character Button","Rare Cards Sparkle"],"gold_per_floor":[114,129,144,24,39,39,54,54,79,94,9,24,24,39,39,139,139,154,19,19,19],"floor_reached":20,"playtime":966,"items_purged":[],"score":168,"play_id":"f04e3466-d727-4a24-bffa-df12ccf60845","local_time":"20201231102752","daily_mods":["Heirloom","Time Dilation","Lethality"],"is_ascension_mode":false,"campfire_choices":[{"data":"Zap","floor":6,"key":"SMITH"},{"floor":8,"key":"REST"},{"data":"Chaos","floor":13,"key":"SMITH"},{"floor":15,"key":"REST"}],"circlet_count":0,"master_deck":["Strike_B","Strike_B","Strike_B","Strike_B","Defend_B","Defend_B","Defend_B","Defend_B","Zap+1","Dualcast","Sweeping Beam","Go for the Eyes","Cold Snap","Cold Snap","Steam","Compile Driver","Double Energy","Chaos+1","Melter","Deep Breath","Conserve Battery","Scrape","Core Surge","Leap","Bandage Up","Barrage"],"relics":["Cracked Core","WingedGreaves","Oddly Smooth Stone","Inserter"],"acts_visited":["Exordium","TheCity"],"potions_floor_usage":[16,16],"damage_taken":[{"damage":4,"enemies":"Cultist","floor":1,"turns":3},{"damage":0,"enemies":"2 Louse","floor":2,"turns":2},{"damage":5,"enemies":"Jaw Worm","floor":3,"turns":2},{"damage":22,"enemies":"Exordium Thugs","floor":5,"turns":3},{"damage":3,"enemies":"Blue Slaver","floor":7,"turns":2},{"damage":4,"enemies":"Exordium Wildlife","floor":10,"turns":3},{"damage":0,"enemies":"Large Slime","floor":12,"turns":3},{"damage":0,"enemies":"3 Louse","floor":14,"turns":2},{"damage":49,"enemies":"Hexaghost","floor":16,"turns":8},{"damage":69,"enemies":"3 Byrds","floor":18,"turns":4},{"damage":11,"enemies":"Spheric Guardian","floor":20,"turns":2}],"seed_played":"-5051420239723459148","potions_obtained":[{"floor":1,"key":"SkillPotion"},{"floor":5,"key":"Energy Potion"},{"floor":7,"key":"LiquidBronze"},{"floor":14,"key":"PotionOfCapacity"},{"floor":18,"key":"PotionOfCapacity"}],"is_trial":false,"path_per_floor":["M","M","M","$","M","R","M","R","T","M","$","M","R","M","R","B",null,"M","$","M"],"character_chosen":"DEFECT","items_purchased":["Cold Snap","Steam","Compile Driver","Deep Breath","Bandage Up","Barrage"],"campfire_rested":2,"item_purchase_floors":[4,4,4,11,19,19],"current_hp_per_floor":[71,71,66,66,44,44,41,63,63,59,59,59,59,59,75,26,75,6,6,0,0],"gold":19,"neow_bonus":"","is_daily":true,"chose_seed":false,"campfire_upgraded":2,"win_rate":0.0,"timestamp":1609406872,"path_taken":["M","M","M","$","?","R","M","R","T","M","$","M","R","M","R","BOSS","M","$","M"],"items_purchased_type":["Card","Card","Card","Card","Card","Card"],"build_version":"2020-12-22","purchased_purges":0,"victory":false,"max_hp_per_floor":[75,75,75,75,75,75,75,75,75,75,75,75,75,75,75,75,75,75,75,75,75],"card_choices":[{"not_picked":["Skim","Turbo"],"picked":"Sweeping Beam","floor":1},{"not_picked":["Darkness","Aggregate"],"picked":"Go for the Eyes","floor":2},{"not_picked":["Undo","Auto Shields"],"picked":"Cold Snap","floor":3},{"not_picked":["Sweeping Beam","Hologram"],"picked":"Double Energy","floor":5},{"not_picked":["Conserve Battery","Stack"],"picked":"Chaos","floor":7},{"not_picked":["Rebound","Go for the Eyes"],"picked":"Melter","floor":10},{"not_picked":["Go for the Eyes","Coolheaded"],"picked":"Conserve Battery","floor":12},{"not_picked":["Reinforced Body","Steam"],"picked":"Scrape","floor":14},{"not_picked":["Amplify","Biased Cognition"],"picked":"Core Surge","floor":16},{"not_picked":["Go for the Eyes","Undo"],"picked":"Leap","floor":18}],"player_experience":40391,"relics_obtained":[{"floor":9,"key":"Oddly Smooth Stone"}],"event_choices":[],"is_beta":false,"boss_relics":[{"not_picked":["Sozu","Black Star"],"picked":"Inserter"}],"items_purged_floors":[],"is_endless":false,"potions_floor_spawned":[1,5,7,14,18],"killed_by":"Spheric Guardian","ascension_level":0}}