{"host":"flm17o2q7bfjyna6","time":1609424856,"event":{"mods":["2.2 Compatiblity","Act Like it!","BaseMod","Better Altar","Better Match","Better Note","Better Sensory Stone","Better Skull","Better Third Choice","Better Vampires","Colored Map","Colored Powertips","DeckTracker","Hermit","Minty Spire (QoL Compilation)","Quick Restart","Replay The Spire","Reworked Bosses","Spicy Shops","StSLib","Wandering Minibosses"],"gold_per_floor":[118,129,147,171,13,13,13,13,38,72,72,93,132,153,153,276,276,311,78,78,106,135,204,204,223,269,269,35,35,35,70,70,198,198,198,198],"floor_reached":35,"playtime":1424,"items_purged":["hermit:Strike_Hermit"],"score":1030,"play_id":"17159371-ee3b-4ee6-a24f-b1142d345f2a","local_time":"20201231092736","is_ascension_mode":true,"campfire_choices":[{"data":"hermit:Malice","floor":6,"key":"SMITH"},{"data":"hermit:Malice","floor":11,"key":"SMITH"},{"data":"hermit:Vantage","floor":15,"key":"SMITH"},{"floor":24,"key":"RECALL"},{"data":"hermit:Determination","floor":30,"key":"SMITH"},{"data":"hermit:Quickdraw","floor":30,"key":"SMITH"},{"floor":32,"key":"REST"}],"circlet_count":0,"master_deck":["AscendersBane","hermit:Defend_Hermit","hermit:Defend_Hermit","hermit:Snapshot","hermit:Covet","hermit:Headshot","hermit:Headshot","hermit:Ricochet","hermit:Enervate","betterMatch:CurseCard","hermit:Malice+1","hermit:Malice+1","Finesse","Injury","Discovery","hermit:Gestalt","hermit:Dive","hermit:Vantage+1","hermit:Quickdraw+1","hermit:DeadOrAlive","hermit:LuckOfTheDraw+1","hermit:Virtue+1","hermit:SprayPray+1","hermit:Vantage+1","hermit:BodyArmor+1","Violence","Good Instincts","Survey Options","hermit:Quickdraw+1","hermit:RoundhouseKick","hermit:WideOpen+1","hermit:Determination+1","Shame","hermit:Enervate+1","hermit:ItchyTrigger+1","Looming Evil","CommonCold","CommonCold"],"relics":["hermit:Momento","ReplayTheSpireMod:CursedCoin","Sling","Golden Idol","Bag of Marbles","Nunchaku","Replay:Baseball","Replay:Grab Bag","Sozu","Philosopher\u0027s Stone","Astrolabe","Empty Cage","Replay:Arrowhead","ReplayTheSpireMod:ShopPack","Replay:Mystery Machine","betterThird:NestCultRelic","TungstenRod","Dream Catcher","Replay:Ancient Bell","Anchor","Matryoshka","Durian"],"acts_visited":["Exordium","TheCity","TheBeyond"],"potions_floor_usage":[13,16],"damage_taken":[{"damage":0,"enemies":"Cultist","floor":1,"turns":3},{"damage":0,"enemies":"2 Louse","floor":2,"turns":1},{"damage":5,"enemies":"Small Slimes","floor":3,"turns":2},{"damage":0,"enemies":"Gremlin Nob","floor":10,"turns":2},{"damage":0,"enemies":"Gremlin Gang","floor":12,"turns":2},{"damage":4,"enemies":"Lagavulin","floor":13,"turns":4},{"damage":0,"enemies":"2 Fungi Beasts","floor":14,"turns":3},{"damage":32,"enemies":"Hexaghost","floor":16,"turns":11},{"damage":13,"enemies":"2 Thieves","floor":18,"turns":2},{"damage":7,"enemies":"Spheric Guardian","floor":21,"turns":4},{"damage":1,"enemies":"Centurion and Healer","floor":22,"turns":8},{"damage":0,"enemies":"Gremlin Leader","floor":23,"turns":6},{"damage":0,"enemies":"Snake Plant","floor":25,"turns":4},{"damage":12,"enemies":"Replay:Snechameleon","floor":31,"turns":5},{"damage":48,"enemies":"Pondfish","floor":33,"turns":6},{"damage":64,"enemies":"3 Shapes","floor":35,"turns":3}],"seed_played":"-6180862515698769223","potions_obtained":[{"floor":1,"key":"Flashbang"},{"floor":3,"key":"Swift Potion"},{"floor":10,"key":"Block Potion"},{"floor":14,"key":"Fire Potion"}],"is_trial":false,"path_per_floor":["M","M","M","$","$","R","?","?","T","E","R","M","E","M","R","B",null,"M","$","?","M","M","E","R","M","T","?","$","?","R","E","R","B",null,"M"],"character_chosen":"HERMIT","items_purchased":["ReplayTheSpireMod:CursedCoin","hermit:Malice","Sling","Finesse","Replay:Arrowhead","hermit:BodyArmor+1","ReplayTheSpireMod:ShopPack","hermit:Determination"],"campfire_rested":1,"item_purchase_floors":[4,4,5,5,19,19,19,28],"current_hp_per_floor":[68,68,63,63,63,63,63,63,63,63,63,63,59,59,59,27,63,50,50,50,43,42,42,42,42,42,42,42,42,42,30,52,4,62,0,0],"gold":198,"neow_bonus":"TRANSFORM_TWO_CARDS","is_daily":false,"chose_seed":false,"campfire_upgraded":5,"win_rate":0.0,"timestamp":1609424856,"path_taken":["M","?","?","?","$","R","?","?","T","E","R","M","E","M","R","BOSS","M","$","?","M","M","E","R","?","T","?","$","?","R","E","R","BOSS","M"],"items_purchased_type":["Relic","Card","Relic","Card","Relic","Card","Relic","Card"],"build_version":"2020-12-22","purchased_purges":1,"victory":false,"max_hp_per_floor":[75,75,75,75,75,75,75,75,75,75,75,75,75,75,75,75,75,75,75,75,75,75,75,75,75,75,75,75,75,75,75,75,75,80,80,80],"card_choices":[{"not_picked":["hermit:FullyLoaded","hermit:CalledShot"],"picked":"hermit:Ricochet","floor":1},{"not_picked":["hermit:Coalescence","hermit:Spite"],"picked":"hermit:Desperado","floor":2},{"not_picked":["hermit:HighCaliber","hermit:Desperado"],"picked":"hermit:Enervate","floor":3},{"not_picked":["Bandage Up","Magnetism"],"picked":"Discovery","floor":8},{"not_picked":["hermit:DeadMansHand","hermit:BlackWind"],"picked":"hermit:Gestalt","floor":10},{"not_picked":["hermit:HighCaliber","hermit:WideOpen"],"picked":"hermit:Dive","floor":12},{"not_picked":["hermit:Manifest","hermit:Ricochet"],"picked":"hermit:Vantage","floor":13},{"not_picked":["hermit:HoleUp","hermit:Malice"],"picked":"hermit:Quickdraw","floor":14},{"not_picked":["hermit:HeroicBravado","hermit:BlackWind"],"picked":"hermit:DeadOrAlive","floor":16},{"not_picked":["hermit:Deadeye+1","hermit:Roulette"],"picked":"hermit:Vantage+1","floor":18},{"not_picked":["Crow Ritual","The Bomb"],"picked":"Violence","floor":19},{"not_picked":["Poisoned Strike","Panache"],"picked":"Good Instincts","floor":19},{"not_picked":["Impatience","Violence"],"picked":"Survey Options","floor":19},{"not_picked":["hermit:DeadMansHand","hermit:Deadeye"],"picked":"hermit:Quickdraw+1","floor":21},{"not_picked":["hermit:Midnight","hermit:SprayPray+1","hermit:Headshot"],"picked":"SKIP","floor":22},{"not_picked":["hermit:Enervate","hermit:Ricochet"],"picked":"hermit:RoundhouseKick","floor":23},{"not_picked":["hermit:HighCaliber","hermit:Quickdraw"],"picked":"hermit:WideOpen+1","floor":25},{"not_picked":["hermit:Misfire","hermit:GoldenBullet"],"picked":"hermit:Enervate+1","floor":31},{"not_picked":["hermit:WideOpen","hermit:LowProfile"],"picked":"hermit:ItchyTrigger+1","floor":32},{"not_picked":["ReplayTheSpireMod:Doomed","Delirium"],"picked":"Looming Evil","floor":34},{"not_picked":["Parasite","Writhe"],"picked":"CommonCold","floor":34},{"not_picked":["Parasite","Shame"],"picked":"CommonCold","floor":34}],"player_experience":1621047,"relics_obtained":[{"floor":9,"key":"Bag of Marbles"},{"floor":10,"key":"Nunchaku"},{"floor":13,"key":"Replay:Baseball"},{"floor":23,"key":"Replay:Mystery Machine"},{"floor":31,"key":"Dream Catcher"}],"event_choices":[{"damage_healed":0,"gold_gain":0,"player_choice":"Take Wound","damage_taken":0,"relics_obtained":["Golden Idol"],"max_hp_gain":0,"max_hp_loss":0,"event_name":"Golden Idol","floor":7,"gold_loss":0,"cards_obtained":["Injury"]},{"damage_healed":0,"gold_gain":1,"player_choice":"1","damage_taken":0,"max_hp_gain":0,"max_hp_loss":0,"event_name":"betterStone:BetterStone","floor":8,"gold_loss":0},{"cards_removed":["betterMatch:CurseCard"],"damage_healed":0,"gold_gain":0,"player_choice":"Give","damage_taken":0,"max_hp_gain":0,"max_hp_loss":0,"event_name":"betterNote:BetterNote","floor":20,"gold_loss":0,"cards_obtained":["Regret"]},{"damage_healed":0,"gold_gain":0,"player_choice":"Madness","damage_taken":0,"relics_obtained":["betterThird:NestCultRelic"],"max_hp_gain":0,"max_hp_loss":0,"event_name":"betterThird:BetterNest","floor":27,"gold_loss":0},{"damage_healed":0,"gold_gain":0,"player_choice":"Stole Relic","damage_taken":0,"relics_obtained":["TungstenRod"],"max_hp_gain":0,"max_hp_loss":0,"event_name":"Addict","floor":29,"gold_loss":0,"cards_obtained":["Shame"]}],"is_beta":false,"boss_relics":[{"not_picked":["SlaversCollar","Black Star"],"picked":"Replay:Grab Bag"},{"not_picked":["Runic Dome","Coffee Dripper"],"picked":"Sozu"},{"not_picked":["Painkiller Herb","Fusion Hammer"],"picked":"Philosopher\u0027s Stone"},{"not_picked":["Replay:Drink Me","hermit:ClaspedLocket"],"picked":"Astrolabe"},{"not_picked":["Ring of Chaos","Snecko Eye"],"picked":"Empty Cage"},{"not_picked":["hermit:BartenderGlass","hermit:DentedPlate"],"picked":"Replay:Ancient Bell"},{"not_picked":["Tiny Chest","Simple Rune"],"picked":"Anchor"},{"not_picked":["hermit:Spyglass","Letter Opener"],"picked":"Matryoshka"},{"not_picked":["StoneCalendar","Replay:Kaleidoscope"],"picked":"Durian"}],"items_purged_floors":[4],"is_endless":false,"potions_floor_spawned":[1,3,10,14,18,22,33],"killed_by":"3 Shapes","ascension_level":10}}