{"host":"k85tjwrh7mjrrc9a","time":1609453073,"event":{"mods":["AchievementEnabler","BaseMod","Colored Powertips","Highlight Path","Minty Spire (QoL Compilation)","Rare Cards Sparkle","StSLib"],"gold_per_floor":[114,129,129,144,144,144,159,159,184,199,199,199,199,214,214,314,314,329,104,104,104,119,119,119,134,134,149,149,164,14,14,14],"floor_reached":31,"playtime":1290,"items_purged":["Pain"],"score":227,"play_id":"693f0e44-aff3-4d40-bdb6-be292058ea48","local_time":"20201231171753","daily_mods":["Heirloom","Time Dilation","Lethality"],"is_ascension_mode":false,"campfire_choices":[{"data":"Turbo","floor":6,"key":"SMITH"},{"data":"Hologram","floor":8,"key":"SMITH"},{"data":"Zap","floor":13,"key":"SMITH"},{"data":"Dualcast","floor":15,"key":"SMITH"},{"data":"Coolheaded","floor":23,"key":"SMITH"}],"circlet_count":0,"master_deck":["Strike_B","Strike_B","Strike_B","Defend_B","Defend_B","Defend_B","Defend_B","Zap+1","Dualcast+1","Turbo+1","Go for the Eyes","Auto Shields","Hologram+1","Go for the Eyes","Core Surge","Go for the Eyes","Coolheaded+1","Sunder","Buffer","Buffer","Beam Cell+1","Skim","Consume"],"relics":["Cracked Core","WingedGreaves","Oddly Smooth Stone","Cables","WarpedTongs","Black Star","Tiny Chest","Mummified Hand","Akabeko","Mercury Hourglass","Singing Bowl","Symbiotic Virus","Orrery"],"acts_visited":["Exordium","TheCity"],"potions_floor_usage":[7,18,29,31],"damage_taken":[{"damage":0,"enemies":"Cultist","floor":1,"turns":2},{"damage":3,"enemies":"2 Louse","floor":2,"turns":2},{"damage":5,"enemies":"Jaw Worm","floor":4,"turns":2},{"damage":17,"enemies":"Exordium Thugs","floor":7,"turns":3},{"damage":3,"enemies":"Blue Slaver","floor":10,"turns":4},{"damage":0,"enemies":"Exordium Wildlife","floor":14,"turns":2},{"damage":28,"enemies":"Hexaghost","floor":16,"turns":8},{"damage":23,"enemies":"3 Byrds","floor":18,"turns":3},{"damage":4,"enemies":"Spheric Guardian","floor":22,"turns":3},{"damage":14,"enemies":"Centurion and Healer","floor":25,"turns":4},{"damage":12,"enemies":"Cultist and Chosen","floor":27,"turns":3},{"damage":1,"enemies":"Chosen and Byrds","floor":29,"turns":3},{"damage":25,"enemies":"Snake Plant","floor":31,"turns":3}],"seed_played":"-5051420239723459148","potions_obtained":[{"floor":1,"key":"SkillPotion"},{"floor":7,"key":"Energy Potion"},{"floor":10,"key":"LiquidBronze"},{"floor":16,"key":"PowerPotion"},{"floor":22,"key":"FocusPotion"}],"is_trial":false,"path_per_floor":["M","M","?","M","$","R","M","R","T","M","T","?","R","M","R","B",null,"M","$","T","?","M","R","T","M","T","M","T","M","$","M"],"character_chosen":"DEFECT","items_purchased":["Tiny Chest","Orrery"],"campfire_rested":0,"item_purchase_floors":[19,30],"current_hp_per_floor":[75,72,72,67,67,67,50,50,50,47,47,47,47,47,47,19,75,52,52,52,52,48,48,48,34,34,24,24,25,25,0,0],"gold":14,"neow_bonus":"","is_daily":true,"chose_seed":false,"campfire_upgraded":5,"win_rate":0.0,"timestamp":1609453073,"path_taken":["M","?","?","M","$","R","M","R","T","?","?","?","R","M","R","BOSS","M","$","?","?","M","R","?","M","T","M","?","?","?","M"],"items_purchased_type":["Relic","Relic"],"build_version":"2020-12-22","purchased_purges":1,"victory":false,"max_hp_per_floor":[75,75,75,75,75,75,75,75,75,75,75,75,75,75,75,75,75,75,75,75,75,75,75,75,75,75,77,77,79,79,79,79],"card_choices":[{"not_picked":["Sweeping Beam","Skim"],"picked":"Turbo","floor":1},{"not_picked":["Darkness","Aggregate"],"picked":"Go for the Eyes","floor":2},{"not_picked":["Undo","Cold Snap"],"picked":"Auto Shields","floor":4},{"not_picked":["Sweeping Beam","Double Energy"],"picked":"Hologram","floor":7},{"not_picked":["Conserve Battery","Stack","Chaos"],"picked":"SKIP","floor":10},{"not_picked":["Melter","Rebound"],"picked":"Go for the Eyes","floor":14},{"not_picked":["Meteor Strike","Multi-Cast"],"picked":"Core Surge","floor":16},{"not_picked":["Leap","Undo"],"picked":"Go for the Eyes","floor":18},{"not_picked":["Beam Cell","Cold Snap"],"picked":"Coolheaded","floor":22},{"not_picked":["Doom and Gloom","Steam"],"picked":"Sunder","floor":25},{"not_picked":["Aggregate+1","Barrage","Genetic Algorithm"],"picked":"Singing Bowl","floor":27},{"not_picked":["Cold Snap","Hologram","Thunder Strike"],"picked":"Singing Bowl","floor":29},{"not_picked":["Ball Lightning","Heatsinks"],"picked":"Buffer","floor":30},{"not_picked":["Cold Snap+1","Compile Driver"],"picked":"Buffer","floor":30},{"not_picked":["FTL","Reprogram"],"picked":"Beam Cell+1","floor":30},{"not_picked":["Redo","FTL"],"picked":"Skim","floor":30},{"not_picked":["Cold Snap","Fusion+1"],"picked":"Consume","floor":30}],"player_experience":104212,"relics_obtained":[{"floor":9,"key":"Oddly Smooth Stone"},{"floor":11,"key":"Cables"},{"floor":20,"key":"Mummified Hand"},{"floor":24,"key":"Mercury Hourglass"},{"floor":26,"key":"Singing Bowl"},{"floor":28,"key":"Symbiotic Virus"}],"event_choices":[{"cards_removed":["Strike_B"],"damage_healed":0,"gold_gain":0,"player_choice":"Offered Basic","damage_taken":0,"max_hp_gain":0,"max_hp_loss":0,"event_name":"Bonfire Elementals","floor":3,"gold_loss":0},{"damage_healed":0,"gold_gain":0,"player_choice":"Rummage","damage_taken":0,"relics_obtained":["WarpedTongs"],"max_hp_gain":0,"max_hp_loss":0,"event_name":"Accursed Blacksmith","floor":12,"gold_loss":0,"cards_obtained":["Pain"]},{"damage_healed":0,"gold_gain":0,"player_choice":"Opened","damage_taken":0,"relics_obtained":["Akabeko"],"max_hp_gain":0,"max_hp_loss":0,"event_name":"The Mausoleum","floor":21,"gold_loss":0}],"is_beta":false,"boss_relics":[{"not_picked":["Inserter","Sozu"],"picked":"Black Star"}],"items_purged_floors":[19],"is_endless":false,"potions_floor_spawned":[1,7,10,16,22],"killed_by":"Snake Plant","ascension_level":0}}