{"host":"963ykkbusvcbqwtq","time":1609417004,"event":{"mods":["2.2 Compatiblity","AchievementEnabler","Arknights The Spire","BaseMod","Colored Map","GifTheSpireLib","GungeonMod","Lobotomy","Luminous","Minty Spire (QoL Compilation)","StSLib","SuperFastMode","The Bug Knight"],"gold_per_floor":[116,131,143,1296,1296,1322,1322,1344,1426,1437,1437,1092,1092,1107,1107,1107,1107],"floor_reached":16,"playtime":524,"items_purged":["DemoMod:Strike_Huntress","DemoMod:Strike_Huntress"],"score":177,"play_id":"c3b4e934-10bd-45f5-8c5c-d0c8cf1d9976","local_time":"20201231211644","is_ascension_mode":false,"campfire_choices":[{"floor":13,"key":"REST"},{"data":"DemoMod:GunslingerForm","floor":15,"key":"SMITH"}],"circlet_count":0,"master_deck":["DemoMod:Defend_Huntress","DemoMod:Defend_Huntress+1","DemoMod:Defend_Huntress","DemoMod:Defend_Huntress","DemoMod:Roll","DemoMod:ManualReload+1","DemoMod:RustySidearm","DemoMod:CrossBow","MeatLantern","DemoMod:TeaPot","VoidDream","DemoMod:ConditionalReflex","DemoMod:Casey","DemoMod:ConditionalReflex","CrumblingArmor","DemoMod:HungryBullets","DespairKnight","DemoMod:GunShield","DemoMod:GunslingerForm+1"],"relics":["DemoMod:Dog","CogitoBucket","RabbitCall","DemoMod:GnawedKey","War Paint","DemoMod:SerJunkan","Sling","DemoMod:Junk","Bronze Scales","LuminousBracelet","Mercury Hourglass"],"acts_visited":["Exordium"],"potions_floor_usage":[16],"damage_taken":[{"damage":5.0,"enemies":"Cultist","floor":1.0,"turns":4.0},{"damage":1.0,"enemies":"Jaw Worm","floor":2.0,"turns":4.0},{"damage":0,"enemies":"Small Slimes","floor":3,"turns":4},{"damage":10,"enemies":"Lagavulin","floor":6,"turns":7},{"damage":0,"enemies":"Exordium Wildlife","floor":8,"turns":3},{"damage":40,"enemies":"3 Louse","floor":10,"turns":8},{"damage":2,"enemies":"2 Fungi Beasts","floor":14,"turns":3},{"damage":61,"enemies":"Slime Boss","floor":16,"turns":7}],"seed_played":"8421575387765178222","potions_obtained":[{"floor":1.0,"key":"Strength Potion"},{"floor":3,"key":"AttackPotion"}],"is_trial":false,"path_per_floor":["M","M","M","$","?","E","?","M","T","M","?","$","R","M","R","B"],"character_chosen":"HUNTRESS","items_purchased":["DemoMod:GnawedKey","DemoMod:Casey","DemoMod:ConditionalReflex","War Paint","DemoMod:SerJunkan","Sling","Mercury Hourglass"],"campfire_rested":1,"item_purchase_floors":[4,4,4,4,4,4,12],"current_hp_per_floor":[65,64,64,64,57,47,52,52,52,27,27,27,54,52,52,0,0],"gold":1107,"neow_bonus":"","is_daily":false,"chose_seed":false,"campfire_upgraded":1,"win_rate":0.0,"timestamp":1609417004,"path_taken":["M","M","M","$","?","E","?","M","T","M","?","$","R","?","R","BOSS"],"items_purchased_type":["Relic","Card","Card","Relic","Relic","Relic","Relic"],"build_version":"2020-12-22","purchased_purges":2,"victory":false,"max_hp_per_floor":[70,70,70,70,70,70,75,75,75,90,90,90,90,90,90,90,90],"card_choices":[{"not_picked":["MHz","FairyFestival"],"picked":"MeatLantern","floor":1.0},{"not_picked":["DemoMod:JK47","DemoMod:BoxingGlove"],"picked":"DemoMod:TeaPot","floor":1.0},{"not_picked":["BeautyBeast","PunishingBird"],"picked":"VoidDream","floor":2.0},{"not_picked":["DemoMod:DirectionalPad","DemoMod:GunstockTap","DemoMod:HuntsMan"],"picked":"SKIP","floor":2.0},{"not_picked":["DemoMod:GunstockTap","DemoMod:StrategicReserve"],"picked":"DemoMod:ConditionalReflex","floor":3},{"not_picked":["Woodsman","ShyLook"],"picked":"CrumblingArmor","floor":6},{"not_picked":["DemoMod:GunstockTap","DemoMod:SkilledReload","DemoMod:Camera"],"picked":"SKIP","floor":6},{"not_picked":["DemoMod:HardPowerCard","DemoMod:GunstockTap"],"picked":"DemoMod:HungryBullets","floor":8},{"not_picked":["LittlePrince","Wellcheers"],"picked":"DespairKnight","floor":10},{"not_picked":["DemoMod:TeaPot","DemoMod:DoubleSwitch"],"picked":"DemoMod:GunShield","floor":10},{"not_picked":["DemoMod:SkilledReload","DemoMod:Unmoved"],"picked":"DemoMod:GunslingerForm","floor":14}],"player_experience":226971,"relics_obtained":[{"floor":6,"key":"DemoMod:Junk"},{"floor":6,"key":"Bronze Scales"}],"event_choices":[{"cards_removed":["DemoMod:Strike_Huntress"],"damage_healed":0,"gold_gain":0,"player_choice":"Card Removal","damage_taken":7,"max_hp_gain":0,"max_hp_loss":0,"event_name":"Golden Wing","floor":5,"gold_loss":0},{"damage_healed":0,"gold_gain":0,"player_choice":"Donut","damage_taken":0,"max_hp_gain":5,"max_hp_loss":0,"event_name":"Big Fish","floor":7,"gold_loss":0},{"damage_healed":0,"gold_gain":0,"player_choice":"Ignored","damage_taken":0,"max_hp_gain":0,"max_hp_loss":0,"event_name":"Golden Idol","floor":11,"gold_loss":0}],"is_beta":false,"boss_relics":[],"items_purged_floors":[4,12],"is_endless":false,"potions_floor_spawned":[1,3],"killed_by":"Slime Boss","ascension_level":0}}