{"host":"3qkmyeoym75lj4wn","time":1609425212,"event":{"mods":["2.2 Compatiblity","BaseMod","Block Reminder","Colored Powertips","Highlight Path","Minty Spire (QoL Compilation)","Permanent Neow","Potion Indicator Mod","Rare Cards Sparkle","Relic Stats","StSLib"],"gold_per_floor":[117,127,92,92,109,141,141,154,154,172,200,210,220,200,200,271,271,289,289,289,304,324,324,324,324],"floor_reached":24,"playtime":919,"items_purged":[],"score":420,"play_id":"c8e7fd76-21d7-4047-8867-53ec029cee81","local_time":"20201231143332","is_ascension_mode":true,"campfire_choices":[{"data":"Darkness","floor":7,"key":"SMITH"},{"floor":15,"key":"REST"},{"floor":23,"key":"REST"}],"circlet_count":0,"master_deck":["AscendersBane","Zap+1","Dualcast","Ball Lightning","Hologram","Darkness+1","Doom and Gloom","Sweeping Beam","Core Surge","Steam","Seek","Reprogram","Scrape","Hyperbeam","Ball Lightning","Capacitor+1","Hologram","Aggregate","Darkness+1"],"relics":["Cracked Core","Pen Nib","Frozen Egg 2","Gambling Chip","Pandora\u0027s Box"],"acts_visited":["Exordium","TheCity"],"potions_floor_usage":[10,10,10,12,13,16,21,24],"damage_taken":[{"damage":4,"enemies":"Small Slimes","floor":1,"turns":4},{"damage":2,"enemies":"Jaw Worm","floor":2,"turns":3},{"damage":0,"enemies":"Cultist","floor":5,"turns":3},{"damage":36,"enemies":"3 Sentries","floor":6,"turns":7},{"damage":6,"enemies":"Looter","floor":8,"turns":2},{"damage":21,"enemies":"Red Slaver","floor":10,"turns":4},{"damage":11,"enemies":"Gremlin Nob","floor":11,"turns":3},{"damage":0,"enemies":"2 Fungi Beasts","floor":12,"turns":1},{"damage":5,"enemies":"Large Slime","floor":13,"turns":3},{"damage":8,"enemies":"Slime Boss","floor":16,"turns":7},{"damage":0,"enemies":"Spheric Guardian","floor":18,"turns":3},{"damage":12,"enemies":"Chosen","floor":21,"turns":3},{"damage":44,"enemies":"Snake Plant","floor":22,"turns":4},{"damage":28,"enemies":"Slavers","floor":24,"turns":1}],"seed_played":"5183789348280527341","potions_obtained":[{"floor":1,"key":"Fire Potion"},{"floor":6,"key":"EntropicBrew"},{"floor":8,"key":"Regen Potion"},{"floor":10,"key":"Fire Potion"},{"floor":12,"key":"Ancient Potion"},{"floor":14,"key":"LiquidMemories"},{"floor":18,"key":"ColorlessPotion"},{"floor":22,"key":"Explosive Potion"}],"is_trial":false,"path_per_floor":["M","M","?","?","M","E","R","M","T","M","E","M","M","?","R","B",null,"M","?","?","M","M","R","E"],"character_chosen":"DEFECT","items_purchased":[],"campfire_rested":2,"item_purchase_floors":[],"current_hp_per_floor":[60,58,71,71,71,35,35,29,29,20,9,9,4,4,25,17,58,58,58,58,46,2,23,0,0],"gold":324,"neow_bonus":"UPGRADE_CARD","is_daily":false,"chose_seed":false,"campfire_upgraded":1,"win_rate":0.0,"timestamp":1609425212,"path_taken":["M","M","?","?","M","E","R","?","T","M","E","M","M","?","R","BOSS","M","?","?","?","M","R","E"],"items_purchased_type":[],"build_version":"2020-12-22","purchased_purges":0,"victory":false,"max_hp_per_floor":[71,71,71,71,71,71,71,71,71,71,71,71,71,71,71,71,71,71,71,71,71,71,71,71,71],"relic_stats":{"counters":[14,48],"Gambling Chip":[18],"Pandora\u0027s Box":["Reprogram","Scrape","Hyperbeam","Ball Lightning","Capacitor","Hologram","Aggregate"],"Pen Nib":[3],"obtain_stats":[{"Gambling Chip":11,"Pandora\u0027s Box":17,"Pen Nib":6,"Frozen Egg 2":9,"Cracked Core":0},{"Gambling Chip":7,"Pandora\u0027s Box":10,"Pen Nib":4,"Frozen Egg 2":5,"Cracked Core":0},{"Gambling Chip":26,"Pandora\u0027s Box":37,"Pen Nib":17,"Frozen Egg 2":19,"Cracked Core":0}]},"card_choices":[{"not_picked":["Aggregate","Rebound"],"picked":"Ball Lightning","floor":1},{"not_picked":["FTL","Streamline"],"picked":"Hologram","floor":2},{"not_picked":["Meteor Strike","Stack","Rebound"],"picked":"SKIP","floor":5},{"not_picked":["Beam Cell","Stack"],"picked":"Darkness","floor":6},{"not_picked":["Sunder","Self Repair"],"picked":"Doom and Gloom","floor":8},{"not_picked":["Barrage","Hello World+1"],"picked":"Sweeping Beam","floor":10},{"not_picked":["Rebound","Sweeping Beam"],"picked":"Core Surge","floor":11},{"not_picked":["Beam Cell","Turbo","Force Field"],"picked":"SKIP","floor":12},{"not_picked":["Compile Driver","Redo"],"picked":"Steam","floor":13},{"not_picked":["Creative AI+1","Meteor Strike"],"picked":"Seek","floor":16},{"not_picked":["Scrape","Doom and Gloom","Beam Cell"],"picked":"SKIP","floor":18},{"not_picked":["Scrape","Steam","Doom and Gloom"],"picked":"SKIP","floor":21},{"not_picked":["Hologram+1","Turbo","Leap"],"picked":"SKIP","floor":22}],"player_experience":1627110,"relics_obtained":[{"floor":6,"key":"Pen Nib"},{"floor":9,"key":"Frozen Egg 2"},{"floor":11,"key":"Gambling Chip"}],"event_choices":[{"damage_healed":17,"gold_gain":0,"player_choice":"Healed","damage_taken":0,"max_hp_gain":0,"max_hp_loss":0,"event_name":"The Cleric","floor":3,"gold_loss":35},{"cards_removed":["Strike_B"],"damage_healed":0,"gold_gain":0,"player_choice":"Offered Basic","damage_taken":0,"max_hp_gain":0,"max_hp_loss":0,"event_name":"Bonfire Elementals","floor":4,"gold_loss":0},{"damage_healed":0,"gold_gain":0,"player_choice":"Bought 1 Potion","damage_taken":0,"max_hp_gain":0,"max_hp_loss":0,"event_name":"The Woman in Blue","floor":14,"gold_loss":0},{"damage_healed":0,"gold_gain":0,"player_choice":"Ignored","damage_taken":0,"max_hp_gain":0,"max_hp_loss":0,"event_name":"Beggar","floor":19,"gold_loss":0},{"damage_healed":0,"gold_gain":0,"player_choice":"Copied","damage_taken":0,"max_hp_gain":0,"max_hp_loss":0,"event_name":"Duplicator","floor":20,"gold_loss":0,"cards_obtained":["Darkness"]}],"is_beta":false,"boss_relics":[{"not_picked":["Astrolabe","Nuclear Battery"],"picked":"Pandora\u0027s Box"}],"items_purged_floors":[],"is_endless":false,"potions_floor_spawned":[1,6,8,10,12,18,22],"killed_by":"Slavers","ascension_level":20}}