{"host":"qfskrnw3pl1q86j0","time":1609372958,"event":{"mods":["BaseMod","Block Reminder","Hermit","Marisa????????","Minty Spire (QoL Compilation)","Quick Restart","Random Character Button","Relic Stats","StSLib","The Poker Player","slay the spire mod where everything is the same but ironclad has a cowboy hat"],"gold_per_floor":[118,138,63,77,88,88,107,107,131,131,131,150,150,180,180,281,281,296,311,323,5,17,17,17,34,34,47,60,60,80,108,108,211,211,226,226,226,126,142,168,179,179,204,79,3,20,20,36,36,36],"floor_reached":51,"playtime":1767,"items_purged":["Defend_P","Strike_P","Defend_P"],"score":803,"play_id":"af6490b8-8714-4a00-b690-0c842f997c45","local_time":"20201231010238","is_ascension_mode":false,"campfire_choices":[{"data":"Eruption","floor":6.0,"key":"SMITH"},{"data":"FlyingSleeves","floor":8.0,"key":"SMITH"},{"data":"Adaptation","floor":11.0,"key":"SMITH"},{"data":"Vigilance","floor":13.0,"key":"SMITH"},{"data":"Blasphemy","floor":15.0,"key":"SMITH"},{"data":"Scrawl","floor":23,"key":"SMITH"},{"data":"Ragnarok","floor":29,"key":"SMITH"},{"data":"WindmillStrike","floor":32,"key":"SMITH"},{"data":"EmptyBody","floor":42,"key":"SMITH"},{"data":"CutThroughFate","floor":47,"key":"SMITH"},{"data":"Consecrate","floor":49,"key":"SMITH"}],"circlet_count":0,"master_deck":["Strike_P","Strike_P","Defend_P","Defend_P","Eruption+1","Vigilance+1","EmptyBody+1","Evaluate","FlyingSleeves+1","Adaptation+1","Consecrate+1","Blasphemy+1","Scrawl+1","Evaluate+1","CutThroughFate+1","EmptyFist+1","Ragnarok+1","ThirdEye+1","Meditate+1","WindmillStrike+1","EmptyFist+1","CarveReality+1"],"relics":["HolyWater","Orichalcum","Strawberry","Anchor","Singing Bowl","Darkstone Periapt","Pen Nib","Sozu","Potion Belt","Bag of Marbles","Lizard Tail"],"acts_visited":["Exordium","TheCity","TheBeyond"],"potions_floor_usage":[33,50,50],"damage_taken":[{"damage":0.0,"enemies":"2 Louse","floor":1.0,"turns":1.0},{"damage":0.0,"enemies":"Small Slimes","floor":2.0,"turns":2.0},{"damage":4.0,"enemies":"Jaw Worm","floor":4.0,"turns":3.0},{"damage":11.0,"enemies":"Red Slaver","floor":5.0,"turns":5.0},{"damage":0.0,"enemies":"Exordium Wildlife","floor":7.0,"turns":3.0},{"damage":4.0,"enemies":"Lots of Slimes","floor":12.0,"turns":4.0},{"damage":0.0,"enemies":"Lagavulin","floor":14.0,"turns":3.0},{"damage":23.0,"enemies":"The Guardian","floor":16.0,"turns":10.0},{"damage":0.0,"enemies":"Shell Parasite","floor":18.0,"turns":3.0},{"damage":10.0,"enemies":"3 Byrds","floor":19.0,"turns":4.0},{"damage":12.0,"enemies":"Snecko","floor":20.0,"turns":5.0},{"damage":0,"enemies":"Snake Plant","floor":22,"turns":2},{"damage":0,"enemies":"Centurion and Healer","floor":25,"turns":3},{"damage":0,"enemies":"Cultist and Chosen","floor":27,"turns":1},{"damage":0,"enemies":"3 Cultists","floor":28,"turns":3},{"damage":0,"enemies":"Sentry and Sphere","floor":30,"turns":1},{"damage":0,"enemies":"Gremlin Leader","floor":31,"turns":1},{"damage":36,"enemies":"Collector","floor":33,"turns":7},{"damage":5,"enemies":"Orb Walker","floor":35,"turns":3},{"damage":0,"enemies":"3 Shapes","floor":39,"turns":2},{"damage":0,"enemies":"Nemesis","floor":40,"turns":1},{"damage":0,"enemies":"Sphere and 2 Shapes","floor":41,"turns":2},{"damage":0,"enemies":"3 Darklings","floor":46,"turns":3},{"damage":0,"enemies":"Writhing Mass","floor":48,"turns":1},{"damage":29,"enemies":"Donu and Deca","floor":50,"turns":5}],"seed_played":"-7501899525611658906","potions_obtained":[{"floor":2.0,"key":"StancePotion"},{"floor":5.0,"key":"Fire Potion"},{"floor":14.0,"key":"Energy Potion"},{"floor":22,"key":"Swift Potion"},{"floor":31,"key":"Ambrosia"}],"is_trial":false,"path_per_floor":["M","M","$","M","M","R","M","R","T","?","R","M","R","E","R","B",null,"M","M","M","$","M","R","$","M","T","M","M","R","M","E","R","B",null,"M","?","?","$","M","E","M","R","T","$","?","M","R","M","R","B",null],"character_chosen":"WATCHER","items_purchased":["Ragnarok","Singing Bowl"],"campfire_rested":0,"item_purchase_floors":[21,21],"current_hp_per_floor":[72,72,72,68,57,57,57,57,64,57,57,53,53,53,53,30,79,79,69,57,57,59,59,59,61,61,61,63,63,63,63,63,29,87,82,82,82,82,84,86,88,88,88,88,88,88,88,90,90,61],"gold":36,"neow_bonus":"RANDOM_COMMON_RELIC","is_daily":false,"chose_seed":false,"campfire_upgraded":11,"win_rate":0.0,"timestamp":1609372958,"path_taken":["M","M","$","M","M","R","M","R","T","?","R","M","R","E","R","BOSS","M","M","M","$","M","R","$","M","T","M","M","R","M","E","R","BOSS","M","?","?","$","M","E","M","R","T","$","?","M","R","M","R","BOSS"],"items_purchased_type":["Card","Relic"],"build_version":"2020-12-22","purchased_purges":3,"victory":true,"max_hp_per_floor":[72,72,72,72,72,72,72,72,79,79,79,79,79,79,79,79,79,79,79,79,79,81,81,81,83,83,83,85,85,85,85,85,87,87,87,83,83,83,85,87,89,89,89,89,89,89,89,91,91,91],"relic_stats":{"Darkstone Periapt":0,"Sozu":0,"Lizard Tail":0,"Singing Bowl":16,"counters":[25,78],"Pen Nib":[6],"Orichalcum":[54],"obtain_stats":[{"Darkstone Periapt":26,"Sozu":34,"Potion Belt":40,"Anchor":14,"Lizard Tail":45,"Singing Bowl":21,"Strawberry":9,"HolyWater":17,"Pen Nib":31,"Bag of Marbles":43,"PureWater":0,"Orichalcum":0},{"Darkstone Periapt":13,"Sozu":18,"Potion Belt":21,"Anchor":7,"Lizard Tail":22,"Singing Bowl":11,"Strawberry":5,"HolyWater":8,"Pen Nib":17,"Bag of Marbles":22,"PureWater":0,"Orichalcum":0},{"Darkstone Periapt":48,"Sozu":61,"Potion Belt":67,"Anchor":21,"Lizard Tail":69,"Singing Bowl":43,"Strawberry":14,"HolyWater":31,"Pen Nib":54,"Bag of Marbles":69,"PureWater":0,"Orichalcum":0}]},"card_choices":[{"not_picked":["ThirdEye","Sanctity"],"picked":"EmptyBody","floor":1.0},{"not_picked":["ClearTheMind","JustLucky"],"picked":"Evaluate","floor":2.0},{"not_picked":["JustLucky","Evaluate","Wireheading"],"picked":"SKIP","floor":4.0},{"not_picked":["EmptyMind","InnerPeace"],"picked":"FlyingSleeves","floor":5.0},{"not_picked":["ClearTheMind","ForeignInfluence"],"picked":"Adaptation","floor":7.0},{"not_picked":["ForeignInfluence","Swivel"],"picked":"Consecrate","floor":12.0},{"not_picked":["Halt","Adaptation"],"picked":"Blasphemy","floor":14.0},{"not_picked":["DeusExMachina","Alpha"],"picked":"Scrawl","floor":16.0},{"not_picked":["Adaptation","ThirdEye"],"picked":"Evaluate+1","floor":18.0},{"not_picked":["ClearTheMind","Halt"],"picked":"CutThroughFate","floor":19.0},{"not_picked":["FlyingSleeves","CutThroughFate"],"picked":"EmptyFist+1","floor":20.0},{"not_picked":["Pray","Evaluate","Perseverance"],"picked":"Singing Bowl","floor":22},{"not_picked":["BattleHymn+1","FollowUp","Vault"],"picked":"Singing Bowl","floor":25},{"not_picked":["Adaptation+1","Evaluate"],"picked":"ThirdEye+1","floor":27},{"not_picked":["ThirdEye+1","Wireheading","Study+1"],"picked":"Singing Bowl","floor":28},{"not_picked":["TalkToTheHand","JustLucky+1"],"picked":"Meditate+1","floor":30},{"not_picked":["Sanctity","FlurryOfBlows"],"picked":"WindmillStrike","floor":31},{"not_picked":["Scrawl","Blasphemy","Brilliance"],"picked":"Singing Bowl","floor":33},{"not_picked":["BowlingBash+1","Evaluate"],"picked":"EmptyFist+1","floor":35},{"not_picked":["Protect+1","WreathOfFlame","EmptyFist"],"picked":"Singing Bowl","floor":39},{"not_picked":["SignatureMove+1","LikeWater","FlyingSleeves+1"],"picked":"Singing Bowl","floor":40},{"not_picked":["PathToVictory","CrushJoints","Consecrate"],"picked":"Singing Bowl","floor":41},{"not_picked":["EmptyFist","Vengeance+1"],"picked":"CarveReality+1","floor":46},{"not_picked":["PathToVictory","Wallop","CutThroughFate"],"picked":"Singing Bowl","floor":48}],"player_experience":881038,"relics_obtained":[{"floor":9.0,"key":"Strawberry"},{"floor":14.0,"key":"Anchor"},{"floor":26,"key":"Darkstone Periapt"},{"floor":31,"key":"Pen Nib"},{"floor":40,"key":"Potion Belt"},{"floor":43,"key":"Bag of Marbles"}],"event_choices":[{"cards_removed":["Strike_P"],"damage_healed":0.0,"max_hp_gain":0.0,"max_hp_loss":0.0,"gold_gain":0.0,"event_name":"Golden Wing","player_choice":"Card Removal","floor":10.0,"gold_loss":0.0,"damage_taken":7.0},{"damage_healed":0,"gold_gain":0,"player_choice":"Max HP","damage_taken":0,"max_hp_gain":0,"max_hp_loss":4,"event_name":"Winding Halls","floor":36,"gold_loss":0},{"damage_healed":0,"gold_gain":0,"player_choice":"Ignored","damage_taken":0,"max_hp_gain":0,"max_hp_loss":0,"event_name":"Tomb of Lord Red Mask","floor":37,"gold_loss":0},{"damage_healed":0,"gold_gain":0,"player_choice":"Paid Gold","damage_taken":0,"relics_obtained":["Lizard Tail"],"max_hp_gain":0,"max_hp_loss":0,"event_name":"WeMeetAgain","floor":45,"gold_loss":76}],"is_beta":false,"boss_relics":[{"not_picked":["Runic Dome","Calling Bell"],"picked":"HolyWater"},{"not_picked":["Snecko Eye","Philosopher\u0027s Stone"],"picked":"Sozu"}],"items_purged_floors":[3,38,44],"is_endless":false,"potions_floor_spawned":[2,5,14,16,18,22,28,30,31],"ascension_level":0}}