{"host":"61ejhfsushs0xmcl","time":1609404942,"event":{"mods":["BaseMod","Colored Map","Downfall","Gold Saver","Minty Spire (QoL Compilation)","StSLib","Waifu the Spire"],"gold_per_floor":[1260,1260,1260,548,548,548,548,473,484,226,240,240,263,413,432,539,539,539,539,539,567,667,667,715,715,736,761,784,784,784,784],"floor_reached":29,"playtime":1519,"items_purged":["hexamod:Defend","hexamod:Defend"],"score":236,"play_id":"5347ab34-0cef-4908-ba1b-d8dcb413a764","local_time":"20201231165542","is_ascension_mode":false,"campfire_choices":[{"data":"hexamod:Sear","floor":1.0,"key":"SMITH"},{"data":"expansioncontent:DashGenerateEvil","floor":6.0,"key":"SMITH"},{"data":"hexamod:GhostOfSpirePresent","floor":8.0,"key":"SMITH"},{"data":"hexamod:GhostOfSpireFuture","floor":12.0,"key":"SMITH"},{"data":"hexamod:GhostflameInferno","floor":18.0,"key":"SMITH"},{"data":"1","floor":23.0,"key":"LIFT"},{"data":"2","floor":25.0,"key":"LIFT"}],"circlet_count":0,"master_deck":["hexamod:Strike","hexamod:Strike","hexamod:Defend","hexamod:Defend","hexamod:Sear+1","hexamod:Float","hexamod:GhostOfSpirePresent+1","hexamod:TurnItUp","expansioncontent:DashGenerateEvil+1","hexamod:GhostOfSpireFuture+1","hexamod:FirstSeal","hexamod:CrushingStance","hexamod:SecondSeal","hexamod:GhostflameInferno+1","hexamod:ThirdSeal","hexamod:RadiantFlame","hexamod:WildfireWeapon","hexamod:FourthSeal"],"relics":["hexamod:SpiritBrand","downfall:HeartsMalice","Pocketwatch","downfall:HeartBlessingBlue","Orrery","Sozu","Girya","Kunai","MealTicket"],"acts_visited":["Exordium","TheCity"],"potions_floor_usage":[29,29],"damage_taken":[{"damage":0.0,"enemies":"Jaw Worm","floor":2.0,"turns":1.0},{"damage":0.0,"enemies":"Small Slimes","floor":3.0,"turns":1.0},{"damage":0.0,"enemies":"downfall:FleeingMerchant","floor":4.0,"turns":1.0},{"damage":0.0,"enemies":"2 Louse","floor":9.0,"turns":2.0},{"damage":4.0,"enemies":"downfall:FleeingMerchant","floor":10.0,"turns":4.0},{"damage":12.0,"enemies":"Blue Slaver","floor":11.0,"turns":3.0},{"damage":18.0,"enemies":"Exordium Wildlife","floor":13.0,"turns":3.0},{"damage":25.0,"enemies":"Exordium Thugs","floor":15.0,"turns":5.0},{"damage":23.0,"enemies":"downfall:Ironclad","floor":16.0,"turns":9.0},{"damage":1.0,"enemies":"downfall:Ironclad","floor":19.0,"turns":6.0},{"damage":6.0,"enemies":"Shell Parasite","floor":21.0,"turns":3.0},{"damage":1.0,"enemies":"downfall:Watcher","floor":22.0,"turns":9.0},{"damage":4.0,"enemies":"3 Byrds","floor":26.0,"turns":5.0},{"damage":14.0,"enemies":"Snake Plant","floor":27.0,"turns":5.0},{"damage":22.0,"enemies":"Shelled Parasite and Fungi","floor":28.0,"turns":5.0},{"damage":48,"enemies":"Gremlin Leader","floor":29,"turns":8}],"seed_played":"23142408560085630","potions_obtained":[{"floor":11.0,"key":"Weak Potion"},{"floor":13.0,"key":"Block Potion"},{"floor":16.0,"key":"Fire Potion"}],"is_trial":false,"path_per_floor":["R","M","M","$","?","R","T","R","M","$","M","R","M","?","M","B",null,"R","?","?","M","?","R","T","R","M","M","M","E"],"character_chosen":"THE_SPIRIT","items_purchased":["Pocketwatch","expansioncontent:DashGenerateEvil","hexamod:GhostOfSpireFuture","DuplicationPotion","Orrery"],"campfire_rested":0,"item_purchase_floors":[4,4,4,4,10],"current_hp_per_floor":[70,70,70,70,70,70,70,80,80,76,71,71,60,60,42,19,80,80,79,64,58,64,64,64,64,67,60,45,0,0,0],"gold":784,"neow_bonus":"THREE_ENEMY_KILL","is_daily":false,"chose_seed":false,"campfire_upgraded":5,"win_rate":0.0,"timestamp":1609404942,"path_taken":["R","M","M","$","?","R","T","R","M","$","M","R","M","?","M","BOSS","R","?","?","M","?","R","T","R","M","M","?","E"],"items_purchased_type":["Relic","Card","Card","Potion","Relic"],"build_version":"2020-12-22","purchased_purges":2,"victory":false,"max_hp_per_floor":[70,70,70,70,70,70,70,80,80,80,80,80,80,80,80,80,80,80,80,85,85,85,85,85,85,85,85,85,85,85,85],"card_choices":[{"not_picked":["hexamod:RecurringNightmare","hexamod:Hexaguard","hexamod:AdvancingGuard"],"picked":"SKIP","floor":2.0},{"not_picked":["hexamod:ThermalTransfer","hexamod:InspiringFlames"],"picked":"hexamod:GhostOfSpirePresent","floor":3.0},{"not_picked":["hexamod:FastForward","hexamod:NightmareGuise"],"picked":"hexamod:TurnItUp","floor":4.0},{"not_picked":["hexamod:AdvancingGuard","hexamod:NightmareGuise","hexamod:GhostOfSpirePresent"],"picked":"SKIP","floor":9.0},{"not_picked":["hexamod:HauntingEcho","hexamod:SpectersWail","hexamod:Rewind"],"picked":"SKIP","floor":10.0},{"not_picked":["hexamod:RainOfEmbers","hexamod:Hexaguard"],"picked":"hexamod:FirstSeal","floor":10.0},{"not_picked":["hexamod:PhantomCloak","hexamod:GhostOfSpireFuture"],"picked":"hexamod:CrushingStance","floor":10.0},{"not_picked":["hexamod:SoulSteal","hexamod:Hexaguard"],"picked":"hexamod:SecondSeal","floor":11.0},{"not_picked":["hexamod:InspiringFlames","hexamod:RainOfEmbers","hexamod:SpectersWail"],"picked":"SKIP","floor":13.0},{"not_picked":["hexamod:FastForward","hexamod:GhostLash","hexamod:GhostOfSpireFuture"],"picked":"SKIP","floor":15.0},{"not_picked":["hexamod:ParanormalForm","hexamod:UnleashSpirits"],"picked":"hexamod:GhostflameInferno","floor":16.0},{"not_picked":["hexamod:GhostLash","hexamod:SwordOfDarkness","hexamod:BacktrackSmack+1"],"picked":"SKIP","floor":21.0},{"not_picked":["hexamod:Hexaguard","hexamod:HeatShield"],"picked":"hexamod:ThirdSeal","floor":22.0},{"not_picked":["hexamod:Firestarter","hexamod:BurningTouch"],"picked":"hexamod:RadiantFlame","floor":26.0},{"not_picked":["hexamod:NightmareStrike","hexamod:StepThrough","hexamod:BurningTouch+1"],"picked":"SKIP","floor":26.0},{"not_picked":["hexamod:InspiringFlames+1","hexamod:FastForward"],"picked":"hexamod:WildfireWeapon","floor":27.0},{"not_picked":["hexamod:PhantomFireball","hexamod:ThermalTransfer","hexamod:SwordOfDarkness"],"picked":"SKIP","floor":27.0},{"not_picked":["hexamod:Incineration","hexamod:ThermalTransfer+1"],"picked":"hexamod:FourthSeal","floor":28.0},{"not_picked":["hexamod:StepThrough","hexamod:Again","hexamod:SwordOfDarkness"],"picked":"SKIP","floor":28.0}],"player_experience":777638,"relics_obtained":[{"floor":22.0,"key":"Girya"},{"floor":22.0,"key":"Kunai"},{"floor":24.0,"key":"MealTicket"}],"event_choices":[{"cards_removed":["hexamod:Strike"],"damage_healed":0.0,"max_hp_gain":0.0,"max_hp_loss":0.0,"gold_gain":0.0,"event_name":"The Cleric","player_choice":"Card Removal","floor":5.0,"gold_loss":0.0,"damage_taken":0.0}],"is_beta":false,"boss_relics":[{"not_picked":["Empty Cage","SacredBark"],"picked":"Sozu"}],"items_purged_floors":[4,10],"is_endless":false,"potions_floor_spawned":[11,13,15,16,22,26,28],"killed_by":"Gremlin Leader","ascension_level":0}}