{"host":"i0avyit1s6jb1siw","time":1609455446,"event":{"mods":["BaseMod","DeckTracker","Dota2Spire","Highlight Path","Minty Spire (QoL Compilation)","Quick Restart","Replay The Spire","StSLib","SuperFastMode"],"gold_per_floor":[15,15,33,52,65,65,65,65],"floor_reached":7,"playtime":143,"items_purged":[],"score":86,"play_id":"4bc82b90-981a-4be9-83da-90377631e237","local_time":"20201231235726","is_ascension_mode":true,"campfire_choices":[{"data":"Quick Slash","floor":6,"key":"SMITH"}],"circlet_count":0,"master_deck":["AscendersBane","Strike_G","Strike_G","Strike_G","Strike_G","Strike_G","Defend_G+1","Defend_G","Defend_G","Defend_G","Defend_G","Survivor","Neutralize","Grand Finale","Calculated Gamble+1","Quick Slash+1","Heel Hook","Noxious Fumes"],"relics":["Ring of the Snake"],"acts_visited":["Exordium"],"potions_floor_usage":[7,7],"damage_taken":[{"damage":0,"enemies":"2 Louse","floor":1,"turns":3},{"damage":1,"enemies":"Small Slimes","floor":3,"turns":4},{"damage":4,"enemies":"Jaw Worm","floor":4,"turns":5},{"damage":1,"enemies":"2 Fungi Beasts","floor":5,"turns":5},{"damage":50,"enemies":"Gremlin Nob","floor":7,"turns":5}],"seed_played":"-415461638507126334","potions_obtained":[{"floor":1,"key":"Poison Potion"},{"floor":3,"key":"Flashbang"}],"is_trial":false,"path_per_floor":["M","?","M","M","M","R","E"],"character_chosen":"THE_SILENT","items_purchased":[],"campfire_rested":0,"item_purchase_floors":[],"current_hp_per_floor":[59,39,38,34,33,33,0,0],"gold":65,"neow_bonus":"THREE_RARE_CARDS","is_daily":false,"chose_seed":false,"campfire_upgraded":1,"win_rate":0.0,"timestamp":1609455446,"path_taken":["M","?","M","M","M","R","E"],"items_purchased_type":[],"build_version":"2020-12-22","purchased_purges":0,"victory":false,"max_hp_per_floor":[66,66,66,66,66,66,66,66],"card_choices":[{"not_picked":["Wraith Form v2","Tools of the Trade"],"picked":"Grand Finale","floor":0},{"not_picked":["Expertise","Backflip"],"picked":"Calculated Gamble","floor":1},{"not_picked":["ReplayTheSpireMod:Scrap Shanks","Bane"],"picked":"Quick Slash","floor":3},{"not_picked":["Heel Hook","ReplayTheSpireMod:Shiv Toss","Caltrops"],"picked":"SKIP","floor":4},{"not_picked":["ReplayTheSpireMod:Shiv Toss","Caltrops"],"picked":"Heel Hook","floor":4},{"not_picked":["Distraction","Quick Slash"],"picked":"Noxious Fumes","floor":5}],"player_experience":2150368,"relics_obtained":[],"event_choices":[{"damage_healed":0,"gold_gain":0,"player_choice":"Entered Light","damage_taken":20,"max_hp_gain":0,"max_hp_loss":0,"event_name":"Shining Light","floor":2,"gold_loss":0,"cards_upgraded":["Calculated Gamble","Defend_G"]}],"is_beta":false,"boss_relics":[],"items_purged_floors":[],"is_endless":false,"potions_floor_spawned":[1,3],"killed_by":"Gremlin Nob","ascension_level":20}}