{"host":"202rh853cfmsp27s","time":1609415669,"event":{"mods":["2.2 Compatiblity","AchievementEnabler","BaseMod","Bestiary","Better Altar","Better Match","Better Note","Better Sensory Stone","Better Skull","Better Third Choice","Better Vampires","BetterRewards","Colored Map","Colored Powertips","Curses Come First","Decade(???)","DeckTracker","Displayed Cursed Tome","Downfall","Evolution","GifTheSpireLib","Gold Saver","Googly Eyes","Gremlin Mod","Hermit","Highlight Path","Infinite Spire","Minty Spire (QoL Compilation)","Permanent Neow","Random Character Button","Rare Cards Sparkle","Relic Stats","Replay The Spire","Robot Space Explorer","Shade Mod","Spicy Shops","StSLib","The Animator","The Bug Knight","The Caster","The Wild Card","Transform Curses","Unceasing Turn Reminder","??????REMEMod"],"gold_per_floor":[2596,2614,2628,2646,2657,2667,2667,2667,2683,2711,2636,2636,2131,2131,2143,2246,2246,2246,2257,2257,2272,2289,2214,2238,2238,2238,2250,2267,2278,2278,2278,2290,2385,2385,2385,2395,2405,2419,2419,2419,2419,2419,2431,2431,2443,2453,2453,2478,2488,2488],"floor_reached":51,"playtime":3369,"items_purged":["Guardian:Strike_Guardian"],"score":737,"play_id":"5a10a397-9b4f-4ccc-8d4a-703a290e9063","local_time":"20201231045429","is_ascension_mode":false,"campfire_choices":[{"floor":1,"key":"DIG"},{"floor":8,"key":"REST"},{"data":"Guardian:FloatingOrbs","floor":11,"key":"SMITH"},{"floor":18,"key":"RECALL"},{"data":"Guardian:Suspension","floor":23,"key":"SMITH"},{"data":"Guardian:ArmoredProtocol","floor":26,"key":"SMITH"},{"data":"Guardian:ArmoredProtocol","floor":30,"key":"SMITH"},{"data":"Guardian:SphericShield","floor":40,"key":"SMITH"},{"data":"ReplayTheSpireMod:Brewmster","floor":42,"key":"SMITH"},{"data":"Guardian:Planning","floor":47,"key":"SMITH"}],"circlet_count":0,"master_deck":["Guardian:Strike_Guardian","Guardian:Defend_Guardian","Guardian:Defend_Guardian","Guardian:CurlUp","Guardian:TwinSlam","ReplayTheSpireMod:Brewmster+1","Guardian:FloatingOrbs+1","Guardian:BronzeArmor+1","Guardian:WalkerClaw","Guardian:ChargeUp","Guardian:RollAttack","Guardian:StasisStrike","Guardian:ArmoredProtocol+1","Guardian:RollAttack","Guardian:RevengeProtocol","Guardian:Suspension+1","Guardian:FloatingOrbs+1","Guardian:TemporalShield+1","Guardian:ArmoredProtocol+1","Guardian:Planning+1","Guardian:SphericShield+1","hermit:Gambit+1","Guardian:BronzeOrb","Guardian:FloatingOrbs+1","Parasite","Guardian:Preprogram+1","Guardian:Suspension+1","Guardian:RevengeProtocol","Guardian:ChargeUp+1"],"relics":["Guardian:ModeShifterPlus","EVO:Axolotl","REME_ComplimentaryCards","Blue Doll","Toy Ornithopter","infinitespire:Broken Mirror","downfall:HeartBlessingGreen","Membership Card","REME_CardOfGreed","Pondfish Scales","MealTicket","SacredBark","downfall:HeartBlessingRed","infinitespire:Satchel","Potion Belt","Quantum Egg","Dead Branch","Thread and Needle"],"acts_visited":["Exordium","TheCity","TheBeyond"],"potions_floor_usage":[4,9,16,16,16,16],"damage_taken":[{"damage":2,"enemies":"Small Slimes","floor":2,"turns":5},{"damage":2,"enemies":"2 Louse","floor":3,"turns":3},{"damage":2,"enemies":"Cultist","floor":4,"turns":4},{"damage":20,"enemies":"2 Fungi Beasts","floor":5,"turns":4},{"damage":15,"enemies":"Large Slime","floor":6,"turns":6},{"damage":3,"enemies":"Blue Slaver","floor":9,"turns":4},{"damage":15,"enemies":"3 Sentries","floor":10,"turns":7},{"damage":4,"enemies":"downfall:FleeingMerchant","floor":13,"turns":4},{"damage":0,"enemies":"Lots of Slimes","floor":15,"turns":3},{"damage":15,"enemies":"downfall:Silent","floor":16,"turns":5},{"damage":0,"enemies":"Chosen","floor":19,"turns":4},{"damage":0,"enemies":"Shelled Parasite and Fungi","floor":21,"turns":4},{"damage":0,"enemies":"Snecko","floor":22,"turns":4},{"damage":0,"enemies":"3 Cultists","floor":27,"turns":4},{"damage":27,"enemies":"Sentry and Sphere","floor":28,"turns":4},{"damage":5,"enemies":"Snake Plant","floor":29,"turns":3},{"damage":6,"enemies":"Centurion and Healer","floor":32,"turns":4},{"damage":1,"enemies":"downfall:Defect","floor":33,"turns":6},{"damage":1,"enemies":"Orb Walker","floor":36,"turns":3},{"damage":0,"enemies":"3 Shapes","floor":37,"turns":3},{"damage":0,"enemies":"Writhing Mass","floor":38,"turns":5},{"damage":0,"enemies":"Jaw Worm Horde","floor":43,"turns":3},{"damage":2,"enemies":"Transient","floor":45,"turns":5},{"damage":0,"enemies":"Spire Growth","floor":46,"turns":4},{"damage":0,"enemies":"Giant Head","floor":48,"turns":6},{"damage":0,"enemies":"3 Darklings","floor":49,"turns":3},{"damage":0,"enemies":"downfall:Watcher","floor":50,"turns":7}],"seed_played":"-5474160448895551996","potions_obtained":[{"floor":4,"key":"ColorlessPotion"},{"floor":15,"key":"Fire Potion"},{"floor":22,"key":"Fire Potion"},{"floor":28,"key":"Energy Potion"},{"floor":36,"key":"Adrenaline Potion"}],"is_trial":false,"path_per_floor":["R_BF","M","M","M","M","M","T","R","M","E","R","?","$","?","M","B",null,"R","M","?","M","M","R","T","?","R","M","M","M","R","AVR","M","B",null,"R_BF","M","M","M","?","R","T","R","M","?","M","M","R","E","M","B",null],"character_chosen":"GUARDIAN","items_purchased":["Membership Card","Guardian:Gem_Synthetic","REME_CardOfGreed","Pondfish Scales","MealTicket","Guardian:ArmoredProtocol"],"campfire_rested":1,"item_purchase_floors":[13,13,13,13,13,13],"current_hp_per_floor":[56,54,52,50,30,15,15,39,41,26,26,26,22,22,22,27,80,80,80,80,80,80,80,80,63,63,63,36,31,31,31,25,24,80,80,79,79,79,79,79,79,79,79,79,77,77,77,77,77,77],"gold":2488,"neow_bonus":"REMOVE_TWO","is_daily":false,"chose_seed":false,"campfire_upgraded":7,"win_rate":0.0,"timestamp":1609415669,"path_taken":["R_BF","M","M","M","M","M","T","R","M","E","R","?","$","?","M","BOSS","R","M","?","M","M","R","T","?","R","M","M","M","R","AVR","M","BOSS","R_BF","M","M","M","?","R","T","R","M","?","M","M","R","E","M","BOSS"],"items_purchased_type":["Relic","Card","Relic","Relic","Relic","Card"],"build_version":"2020-12-22","purchased_purges":1,"victory":true,"max_hp_per_floor":[80,80,80,80,80,80,80,80,80,80,80,80,80,80,80,80,80,80,80,80,80,80,80,80,80,80,80,80,80,80,80,80,80,80,80,80,80,80,80,80,80,80,80,80,80,80,80,80,80,80],"relic_stats":{"counters":[27,117],"Dead Branch":[72],"MealTicket":0,"obtain_stats":[{"Potion Belt":25,"downfall:HeartBlessingRed":23,"Guardian:ModeShifterPlus":34,"SacredBark":17,"Quantum Egg":31,"Dead Branch":41,"Guardian:ModeShifter":0,"Blue Doll":1,"downfall:HeartBlessingGreen":11,"Thread and Needle":48,"EVO:Axolotl":0,"Pondfish Scales":13,"infinitespire:Broken Mirror":10,"infinitespire:Satchel":24,"MealTicket":13,"Membership Card":13,"REME_CardOfGreed":13,"Toy Ornithopter":7,"REME_ComplimentaryCards":0},{"Potion Belt":13,"downfall:HeartBlessingRed":13,"Guardian:ModeShifterPlus":18,"SacredBark":10,"Quantum Egg":16,"Dead Branch":21,"Guardian:ModeShifter":0,"Blue Doll":0,"downfall:HeartBlessingGreen":7,"Thread and Needle":25,"EVO:Axolotl":0,"Pondfish Scales":8,"infinitespire:Broken Mirror":7,"infinitespire:Satchel":13,"MealTicket":8,"Membership Card":8,"REME_CardOfGreed":8,"Toy Ornithopter":5,"REME_ComplimentaryCards":0},{"Potion Belt":57,"downfall:HeartBlessingRed":57,"Guardian:ModeShifterPlus":78,"SacredBark":45,"Quantum Egg":68,"Dead Branch":89,"Guardian:ModeShifter":0,"Blue Doll":0,"downfall:HeartBlessingGreen":33,"Thread and Needle":107,"EVO:Axolotl":0,"Pondfish Scales":37,"infinitespire:Broken Mirror":33,"infinitespire:Satchel":57,"MealTicket":37,"Membership Card":37,"REME_CardOfGreed":37,"Toy Ornithopter":22,"REME_ComplimentaryCards":0}],"Toy Ornithopter":25},"card_choices":[{"not_picked":["Guardian:CrystalBeam","Guardian:SpikerProtocol"],"picked":"Guardian:FloatingOrbs","floor":2},{"not_picked":["Guardian:Suspension","Guardian:ShieldCharger"],"picked":"Guardian:BronzeArmor","floor":3},{"not_picked":["Guardian:TemporalStrike","Guardian:MultiBeam"],"picked":"Guardian:Gem_Crimson","floor":4},{"not_picked":["Guardian:HyperBeam_Guardian","Guardian:MultiBeam"],"picked":"Guardian:WalkerClaw","floor":5},{"not_picked":["Guardian:Gem_Purple","Guardian:GuardianWhirl"],"picked":"Guardian:ChargeUp","floor":6},{"not_picked":["Guardian:Harden","Guardian:PrimingBeam"],"picked":"Guardian:RollAttack","floor":9},{"not_picked":["Guardian:Emergency","Guardian:Incinerate"],"picked":"Guardian:StasisStrike","floor":10},{"not_picked":["Guardian:CrystalBeam","Guardian:ShieldCharger"],"picked":"Guardian:Gem_Blue","floor":13},{"not_picked":["Guardian:ShieldCharger","Guardian:Gem_Green"],"picked":"Guardian:RollAttack","floor":15},{"not_picked":["Guardian:FastForward","Guardian:StasisStrike"],"picked":"Guardian:RevengeProtocol","floor":16},{"not_picked":["Guardian:Repulse","Guardian:Incinerate+1"],"picked":"Guardian:Suspension","floor":19},{"not_picked":["Guardian:RefractedBeam+1","Guardian:PrimingBeam","Guardian:PolyBeam+1"],"picked":"SKIP","floor":21},{"not_picked":["Guardian:Recover+1","Guardian:Incinerate"],"picked":"Guardian:Gem_Cyan","floor":22},{"not_picked":["Guardian:Reroute","Guardian:Gem_Cyan"],"picked":"Guardian:FloatingOrbs+1","floor":27},{"not_picked":["Guardian:TimeBomb+1","Guardian:BronzeArmor+1"],"picked":"Guardian:TemporalShield+1","floor":28},{"not_picked":["Guardian:Gem_Purple","Guardian:TemporalShield"],"picked":"Guardian:ArmoredProtocol","floor":29},{"not_picked":["Guardian:TimeCapacitor","Guardian:Reroute"],"picked":"Guardian:Planning","floor":32},{"not_picked":["Guardian:ConstructionForm","Guardian:HyperBeam_Guardian"],"picked":"Guardian:SphericShield","floor":33},{"not_picked":["Guardian:Preprogram","Guardian:CrystalBeam+1"],"picked":"Guardian:BronzeOrb","floor":36},{"not_picked":["Guardian:WalkerClaw","Guardian:PrimingBeam+1"],"picked":"Guardian:FloatingOrbs+1","floor":37},{"not_picked":["Guardian:ChargeCore+1","Guardian:Planning"],"picked":"Guardian:Gem_Green","floor":38},{"not_picked":["Guardian:Gem_Red","Guardian:ChargeUp+1"],"picked":"Guardian:Preprogram+1","floor":43},{"not_picked":["Guardian:Harden","Guardian:TemporalShield"],"picked":"Guardian:Suspension+1","floor":45},{"not_picked":["Guardian:Preprogram+1","Guardian:Planning"],"picked":"Guardian:Gem_Orange","floor":46},{"not_picked":["Guardian:Planning+1","Guardian:VentSteam+1"],"picked":"Guardian:RevengeProtocol","floor":48},{"not_picked":["Guardian:Suspension+1","Guardian:Incinerate"],"picked":"Guardian:ChargeUp+1","floor":49}],"player_experience":159520,"relics_obtained":[{"floor":1,"key":"Blue Doll"},{"floor":7,"key":"Toy Ornithopter"},{"floor":10,"key":"infinitespire:Broken Mirror"},{"floor":24,"key":"infinitespire:Satchel"},{"floor":41,"key":"Dead Branch"},{"floor":48,"key":"Thread and Needle"}],"event_choices":[{"damage_healed":0,"gold_gain":0,"player_choice":"RE ","damage_taken":19,"relics_obtained":["Potion Belt"],"max_hp_gain":0,"max_hp_loss":0,"event_name":"betterSkull:BetterSkull","floor":25,"gold_loss":0,"cards_upgraded":[]},{"cards_removed":["Guardian:StasisStrike"],"damage_healed":0,"gold_gain":0,"player_choice":"Take \u0026 Give","damage_taken":0,"max_hp_gain":0,"max_hp_loss":0,"event_name":"betterNote:BetterNote","floor":35,"gold_loss":0,"cards_obtained":["hermit:Gambit"]},{"cards_removed":["Guardian:Strike_Guardian"],"damage_healed":0,"gold_gain":0,"player_choice":"Removed Attack","damage_taken":0,"max_hp_gain":0,"max_hp_loss":0,"event_name":"Falling","floor":39,"gold_loss":0}],"is_beta":false,"boss_relics":[{"not_picked":["Replay:Bronze Core","ReplayTheSpireMod:SealedPack"],"picked":"SacredBark"},{"not_picked":["Guardian:StasisSlotReductionRelic","SlaversCollar"],"picked":"Guardian:ModeShifterPlus"}],"items_purged_floors":[13],"is_endless":false,"potions_floor_spawned":[4,5,6,15,22,28,32,36,43,45],"ascension_level":0}}