{"host":"i0dqv19ybe2atd47","time":1609403054,"event":{"mods":["2.2 Compatiblity","AchievementEnabler","Act Like it!","BaseMod","Beaked The Cultist","Bestiary","BetterRewards","CapriCore","ChefMod","Colored Map","Conspire","Curses Come First","Dio Mod","Downfall","GungeonMod","Hallownest","Hermit","Kratos Character Expansion","Melee Mod","Minty Spire (QoL Compilation)","Quick Restart","RRrroohrrRGHHhhh!!","Rare Cards Sparkle","Replay The Spire","Robot Space Explorer","Shade Mod","Spicy Shops","StSLib","The Blackbeard","The Bug Knight","The Caster","The Cursed","The Disciple","The Dragon Tamer","The Jungle","The Necromancer","The Runesmith","The Showman","The Trickster","The Wild Card","TheLocksmith","TheVacant"],"gold_per_floor":[99,112,129,146,156,156,156,156,81,101,101,119,119,119,136,136,136],"floor_reached":16,"playtime":1002,"items_purged":[],"score":119,"play_id":"0b80ef7b-c612-4829-9c3f-33178c032492","local_time":"20201231032414","is_ascension_mode":false,"campfire_choices":[{"floor":6,"key":"RECALL"},{"data":"theWildCard:BasicStrike","floor":9,"key":"SMITH"},{"floor":13,"key":"REST"}],"circlet_count":0,"master_deck":["theWildCard:BasicStrike+1","theWildCard:BasicStrike","theWildCard:BasicStrike","theWildCard:BasicStrike","theWildCard:BasicDefend","theWildCard:BasicDefend+1","theWildCard:BasicDefend","theWildCard:BasicDefend","theWildCard:CallToAdventure","theWildCard:Arsene","theWildCard:Michael","theWildCard:PaleRider","theWildCard:PowerOfTheArcana","theWildCard:SeveringSlash","theWildCard:SeveringSlash","theWildCard:StingingStrike"],"relics":["theWildCard:VelvetContract","Bag of Marbles","downfall:HeartBlessingBlue","PrismaticShard"],"acts_visited":["Exordium"],"potions_floor_usage":[16],"damage_taken":[{"damage":0,"enemies":"Cultist","floor":2,"turns":3},{"damage":0,"enemies":"Jaw Worm","floor":3,"turns":3},{"damage":4,"enemies":"Small Slimes","floor":4,"turns":4},{"damage":0,"enemies":"3 Louse","floor":5,"turns":3},{"damage":17,"enemies":"Exordium Thugs","floor":10,"turns":3},{"damage":0,"enemies":"3 Louse","floor":12,"turns":2},{"damage":0,"enemies":"2 Fungi Beasts","floor":15,"turns":1},{"damage":60,"enemies":"downfall:Defect","floor":16,"turns":8}],"seed_played":"7112499533811199629","potions_obtained":[{"floor":5,"key":"SpeedPotion"}],"is_trial":false,"path_per_floor":["R_BF","M","M","M","M","R","T","?","R","M","?","M","R","?","M","B"],"character_chosen":"THE_WILD_CARD","items_purchased":[],"campfire_rested":1,"item_purchase_floors":[],"current_hp_per_floor":[66,66,66,62,62,62,62,55,65,48,48,48,70,70,70,10,10],"gold":136,"neow_bonus":"TEN_PERCENT_HP_BONUS","is_daily":false,"chose_seed":false,"campfire_upgraded":1,"win_rate":0.0,"timestamp":1609403054,"path_taken":["R_BF","M","M","M","M","R","T","?","R","M","?","M","R","?","M","BOSS"],"items_purchased_type":[],"build_version":"2020-12-22","purchased_purges":0,"victory":false,"max_hp_per_floor":[66,66,66,66,66,66,66,66,76,76,76,76,76,76,76,76,76],"card_choices":[{"not_picked":["theWildCard:SacrificialStroke","theWildCard:MagicMettle"],"picked":"theWildCard:Michael","floor":2},{"not_picked":["theWildCard:SeveringSlash","theWildCard:BladeOfGenerations"],"picked":"theWildCard:PaleRider","floor":3},{"not_picked":["theWildCard:EnergizedStroke","theWildCard:Alice"],"picked":"theWildCard:PowerOfTheArcana","floor":4},{"not_picked":["theWildCard:Abstinence","theWildCard:ArcaneArts"],"picked":"theWildCard:SeveringSlash","floor":5},{"not_picked":["theWildCard:PowerOfTheArcana","theWildCard:EnergizedStroke"],"picked":"theWildCard:SeveringSlash","floor":10},{"not_picked":["theWildCard:ArcaneArts","theWildCard:StalwartBlade"],"picked":"theWildCard:StingingStrike","floor":12},{"not_picked":["HollowMod:DreamGate","chefmod:FreezerBurn","DTMod:CrossStep"],"picked":"SKIP","floor":15}],"player_experience":40015,"relics_obtained":[],"event_choices":[{"damage_healed":0,"gold_gain":0,"player_choice":"Success","damage_taken":7,"relics_obtained":["Bag of Marbles"],"max_hp_gain":0,"max_hp_loss":0,"event_name":"Scrap Ooze","floor":8,"gold_loss":0}],"is_beta":false,"boss_relics":[],"items_purged_floors":[],"is_endless":false,"potions_floor_spawned":[5,10],"killed_by":"downfall:Defect","ascension_level":0}}