{"host":"0ueeacaatm8t6jyh","time":1609424396,"event":{"mods":["AchievementEnabler","BaseMod","Colored Powertips","Minty Spire (QoL Compilation)","Rare Cards Sparkle","StSLib"],"gold_per_floor":[118,118,133,133,158,191,191,216,216,289,324,210,210,245,245,344,344,357,380,655,151,151,151,170,170,194,194,194],"floor_reached":27,"playtime":857,"items_purged":["Strike_R","Regret"],"score":383,"play_id":"3748d3bf-22b4-45b9-ac77-90588e9088a0","local_time":"20201231221956","is_ascension_mode":true,"campfire_choices":[{"data":"Hemokinesis","floor":7.0,"key":"SMITH"},{"floor":13.0,"key":"REST"},{"floor":15.0,"key":"REST"},{"data":"Apotheosis","floor":23.0,"key":"SMITH"},{"floor":25.0,"key":"REST"}],"circlet_count":0,"master_deck":["AscendersBane","Strike_R","Strike_R","Strike_R","Strike_R","Defend_R","Defend_R","Defend_R","Defend_R","Bash","Rupture","Seeing Red+1","Shrug It Off","Hemokinesis+1","Seeing Red","Fire Breathing","Battle Trance","Brutality","Second Wind+1","Wild Strike","Apotheosis+1","Combust"],"relics":["Burning Blood","NeowsBlessing","Golden Idol","Potion Belt","Mercury Hourglass","Gremlin Horn","Bottled Lightning","Odd Mushroom","Black Star","Omamori","Champion Belt","MealTicket"],"acts_visited":["Exordium","TheCity"],"potions_floor_usage":[],"damage_taken":[{"damage":0.0,"enemies":"Cultist","floor":1.0,"turns":1.0},{"damage":0.0,"enemies":"Small Slimes","floor":3.0,"turns":1.0},{"damage":0.0,"enemies":"Jaw Worm","floor":5.0,"turns":1.0},{"damage":34.0,"enemies":"Gremlin Nob","floor":6.0,"turns":6.0},{"damage":13.0,"enemies":"Large Slime","floor":8.0,"turns":6.0},{"damage":24.0,"enemies":"3 Sentries","floor":11.0,"turns":6.0},{"damage":14.0,"enemies":"The Mushroom Lair","floor":14.0,"turns":3.0},{"damage":39.0,"enemies":"Hexaghost","floor":16.0,"turns":9.0},{"damage":26.0,"enemies":"Chosen","floor":18.0,"turns":4.0},{"damage":18.0,"enemies":"Spheric Guardian","floor":19.0,"turns":5.0},{"damage":17.0,"enemies":"Snake Plant","floor":24.0,"turns":4.0},{"damage":45,"enemies":"Gremlin Leader","floor":27,"turns":4}],"seed_played":"953143985873893274","potions_obtained":[{"floor":3.0,"key":"Block Potion"},{"floor":8.0,"key":"FearPotion"},{"floor":11.0,"key":"DuplicationPotion"},{"floor":14.0,"key":"EssenceOfSteel"},{"floor":16.0,"key":"SpeedPotion"},{"floor":18.0,"key":"Fruit Juice"}],"is_trial":false,"path_per_floor":["M","?","M","?","M","E","R","M","T","T","E","$","R","?","R","B",null,"M","M","?","$","T","R","M","R","T","E"],"character_chosen":"IRONCLAD","items_purchased":["Fire Breathing","Apotheosis","Combust","Omamori"],"campfire_rested":3,"item_purchase_floors":[12,21,21,21],"current_hp_per_floor":[74,48,54,54,60,32,32,25,25,25,7,7,29,21,43,10,59,44,32,32,32,32,32,21,45,45,0,0],"gold":194,"neow_bonus":"THREE_ENEMY_KILL","is_daily":false,"chose_seed":false,"campfire_upgraded":2,"win_rate":0.0,"timestamp":1609424396,"path_taken":["M","?","M","?","M","E","R","?","T","?","E","$","R","?","R","BOSS","M","M","?","$","?","R","M","R","T","E"],"items_purchased_type":["Card","Card","Card","Relic"],"build_version":"2020-12-22","purchased_purges":2,"victory":false,"max_hp_per_floor":[75,75,75,75,75,75,75,75,75,75,75,75,75,75,75,75,75,80,80,80,80,80,80,80,80,80,80,80],"card_choices":[{"not_picked":["Havoc","Thunderclap"],"picked":"Rupture","floor":1.0},{"not_picked":["Uppercut","True Grit"],"picked":"Seeing Red","floor":3.0},{"not_picked":["True Grit","Anger"],"picked":"Shrug It Off","floor":5.0},{"not_picked":["Exhume","Blood for Blood"],"picked":"Hemokinesis","floor":6.0},{"not_picked":["Power Through","Rage","Dropkick"],"picked":"SKIP","floor":8.0},{"not_picked":["Wild Strike","Rage"],"picked":"Seeing Red","floor":11.0},{"not_picked":["Entrench","Perfected Strike"],"picked":"Battle Trance","floor":14.0},{"not_picked":["Berserk","Fiend Fire"],"picked":"Brutality","floor":16.0},{"not_picked":["Dark Embrace","Feel No Pain"],"picked":"Second Wind+1","floor":18.0},{"not_picked":["Flame Barrier+1","Burning Pact"],"picked":"Wild Strike","floor":19.0},{"not_picked":["Iron Wave","Dual Wield","Thunderclap+1"],"picked":"SKIP","floor":24.0}],"player_experience":331830,"relics_obtained":[{"floor":6.0,"key":"Potion Belt"},{"floor":9.0,"key":"Mercury Hourglass"},{"floor":10.0,"key":"Gremlin Horn"},{"floor":11.0,"key":"Bottled Lightning"},{"floor":14.0,"key":"Odd Mushroom"},{"floor":22.0,"key":"Champion Belt"},{"floor":26.0,"key":"MealTicket"}],"event_choices":[{"damage_healed":0.0,"max_hp_gain":0.0,"max_hp_loss":0.0,"gold_gain":0.0,"event_name":"Golden Idol","player_choice":"Take Damage","floor":2.0,"gold_loss":0.0,"damage_taken":26.0,"relics_obtained":["Golden Idol"]},{"damage_healed":0.0,"max_hp_gain":0.0,"max_hp_loss":0.0,"gold_gain":0.0,"event_name":"Upgrade Shrine","player_choice":"Upgraded","floor":4.0,"gold_loss":0.0,"damage_taken":0.0,"cards_upgraded":["Seeing Red"]},{"damage_healed":0.0,"max_hp_gain":0.0,"max_hp_loss":0.0,"gold_gain":0.0,"event_name":"Mushrooms","player_choice":"Fought Mushrooms","floor":14.0,"gold_loss":0.0,"damage_taken":0.0},{"damage_healed":0.0,"max_hp_gain":0.0,"max_hp_loss":0.0,"gold_gain":275.0,"event_name":"Golden Shrine","player_choice":"Desecrate","floor":20.0,"gold_loss":0.0,"damage_taken":0.0,"cards_obtained":["Regret"]}],"is_beta":false,"boss_relics":[{"not_picked":["Sozu","Pandora\u0027s Box"],"picked":"Black Star"}],"items_purged_floors":[12,21],"is_endless":false,"potions_floor_spawned":[3,8,11,14,16,18],"killed_by":"Gremlin Leader","ascension_level":15}}