{"host":"bjzqjr1ycgj8gt55","time":1609399032,"event":{"mods":["BaseMod","Better Altar","Better Match","Better Sensory Stone","Better Skull","Better Third Choice","Better Vampires","Block Reminder","Colored Map","Colored Powertips","GifTheSpireLib","Infinite Spire","Minty Spire (QoL Compilation)","Rare Cards Sparkle","Red Circlet Mod","Spicy Shops","StSLib","Waifu the Spire","everything is the same but u backflip on backflip","slay the spire mod where everything is the same but ironclad has a cowboy hat"],"gold_per_floor":[116,135,154,154,174,174,189,189,270,270,270,280,33,54,54,54,54],"floor_reached":16,"playtime":560,"items_purged":[],"score":110,"play_id":"1f8fbe82-1b0c-426c-8cd5-654047ff8e57","local_time":"20201231011712","is_ascension_mode":true,"campfire_choices":[{"data":"Deadly Poison","floor":6,"key":"SMITH"},{"data":"Unload","floor":8,"key":"SMITH"},{"floor":11,"key":"REST"},{"data":"Panache","floor":15,"key":"SMITH"}],"circlet_count":0,"master_deck":["Strike_G","Strike_G","Strike_G","Strike_G","Strike_G","Defend_G","Defend_G","Defend_G","Defend_G","Defend_G","Survivor","Neutralize","Unload+1","Blur","Leg Sweep","Deadly Poison+1","Leg Sweep","Well Laid Plans","Calculated Gamble","Panache+1","Blade Dance"],"relics":["Ring of the Snake","infinitespire:EmpoweringShard","Gambling Chip","Orichalcum","Odd Mushroom"],"acts_visited":["Exordium"],"potions_floor_usage":[16,16,16],"damage_taken":[{"damage":3,"enemies":"Small Slimes","floor":1,"turns":3},{"damage":11,"enemies":"infinitespire:Voidling","floor":2,"turns":4},{"damage":0,"enemies":"Jaw Worm","floor":3,"turns":5},{"damage":1,"enemies":"Blue Slaver","floor":5,"turns":4},{"damage":2,"enemies":"2 Fungi Beasts","floor":7,"turns":4},{"damage":9,"enemies":"Exordium Thugs","floor":12,"turns":7},{"damage":12,"enemies":"The Mushroom Lair","floor":14,"turns":6},{"damage":40,"enemies":"Slime Boss","floor":16,"turns":8}],"seed_played":"-1602431354080026367","potions_obtained":[{"floor":1,"key":"Dexterity Potion"},{"floor":7,"key":"Regen Potion"},{"floor":14,"key":"EssenceOfSteel"}],"is_trial":false,"path_per_floor":["M","M","M","?","M","R","M","R","T","?","R","M","$","?","R","B"],"character_chosen":"THE_SILENT","items_purchased":["Panache"],"campfire_rested":1,"item_purchase_floors":[13],"current_hp_per_floor":[67,56,56,56,55,55,53,53,53,43,64,55,55,43,43,8,8],"gold":54,"neow_bonus":"THREE_RARE_CARDS","is_daily":false,"chose_seed":false,"campfire_upgraded":3,"win_rate":0.0,"timestamp":1609399032,"path_taken":["M","M","M","?","?","R","M","R","T","?","R","M","$","?","R","BOSS"],"items_purchased_type":["Card"],"build_version":"2020-12-22","purchased_purges":0,"victory":false,"max_hp_per_floor":[70,70,70,70,70,70,70,70,70,70,70,70,70,70,70,70,70],"card_choices":[{"not_picked":["Doppelganger","infinitespire:Neurotoxin"],"picked":"Unload","floor":0},{"not_picked":["Dagger Throw","All Out Attack"],"picked":"Blur","floor":1},{"not_picked":["Underhanded Strike","Blade Dance"],"picked":"Leg Sweep","floor":2},{"not_picked":["Sucker Punch","Prepared"],"picked":"Deadly Poison","floor":3},{"not_picked":["Sucker Punch","Predator"],"picked":"Leg Sweep","floor":5},{"not_picked":["Dodge and Roll","Blur"],"picked":"Well Laid Plans","floor":7},{"not_picked":["Acrobatics","Skewer"],"picked":"Calculated Gamble","floor":12},{"not_picked":["Slice","Heel Hook"],"picked":"Blade Dance","floor":14}],"player_experience":92985,"relics_obtained":[{"floor":9,"key":"infinitespire:EmpoweringShard"},{"floor":14,"key":"Odd Mushroom"}],"event_choices":[{"cards_removed":["Normality"],"damage_healed":0,"gold_gain":0,"player_choice":"Card Removal","damage_taken":0,"max_hp_gain":0,"max_hp_loss":0,"event_name":"Wheel of Change","floor":4,"gold_loss":0},{"damage_healed":0,"gold_gain":1,"player_choice":"Relic Relic ","damage_taken":10,"max_hp_gain":0,"max_hp_loss":0,"event_name":"betterThird:BetterScrap","floor":10,"gold_loss":0,"cards_obtained":["DeceiveReality"]},{"damage_healed":0,"gold_gain":0,"player_choice":"Fought Mushrooms","damage_taken":0,"max_hp_gain":0,"max_hp_loss":0,"event_name":"Mushrooms","floor":14,"gold_loss":0}],"is_beta":false,"boss_relics":[],"items_purged_floors":[],"is_endless":false,"potions_floor_spawned":[1,7,14],"killed_by":"Slime Boss","ascension_level":4}}