{"host":"bzg9y3flbaqjj1j7","time":1609377047,"event":{"mods":["AchievementEnabler","Act Like it!","Aspiration","BaseMod","Better Third Choice","Challenge The Spire","Gensokyo","Hallownest","Hubris","Hyrulean Relics","Infinite Spire","Lobotomy","LobotomyExtend","Marisa????????","Marked Mod","Minty Spire (QoL Compilation)","Nova Terra(??·??)","Permanent Neow","Quick Restart","Rare Cards Sparkle","Reimu??????","Remilia??????","Shop Mod","Spicy Shops","StSLib","The Animator","The Blue Laboratory","Waifu the Spire","vexMod"],"gold_per_floor":[111,173,186,186,186,217,217,251,251,283,283,295,295,307,307,410,410,425,437,437,437],"floor_reached":20,"playtime":2442,"items_purged":[],"score":242,"play_id":"a0672ca7-c85d-4e19-9148-030f9af85fe3","local_time":"20201230214047","daily_mods":["Draft"],"is_ascension_mode":false,"campfire_choices":[],"circlet_count":0,"master_deck":["SecurityCode","DisciplinaryCode","ExtractionCode","GreenStem","FourthMatchFlame","Lantern","FrostShard","Penitence","Soda","Regret_ego","Harvest","Heaven","FourthMatchFlame","FourthMatchFlame","Amita","WallGazer","SpecialBullet","SpecialBullet","Scorched","FourthMatchFlame","Rudolta","CherryBlossom","InformationCode","TheSmile","Penitence","LaLuna","QueenOfHatred","Woodsman","SoundOfStar","BigBadWolf","Twilight","PunishingBird","SpecialBullet","OSAHOGD","Adoration"],"relics":["CogitoBucket","LetterFromLob","Hallownest:DreamNailRelic","zeldaRelics:CourageTriforce","zeldaRelics:WisdomPiece","MagicBullet_r","SkinProphecy","Empty Cage"],"acts_visited":["Exordium","Hallownest:Greenpath"],"potions_floor_usage":[10],"damage_taken":[{"damage":6.0,"enemies":"Hallownest:2_MossCreeps","floor":1.0,"turns":2.0},{"damage":16,"enemies":"Hallownest:monsterHuskGuard","floor":3,"turns":4},{"damage":7,"enemies":"Hallownest:eliteVengeflyKing","floor":6,"turns":4},{"damage":28,"enemies":"Hallownest:eliteCrystalGuardian","floor":8,"turns":5},{"damage":27,"enemies":"Hallownest:eliteMossKnight","floor":10,"turns":17},{"damage":17,"enemies":"Hallownest:2_Tiktiks_and_1_Crawlid","floor":12,"turns":2},{"damage":0,"enemies":"Hallownest:monsterAspidMother","floor":14,"turns":2},{"damage":54,"enemies":"Hallownest:BossBrokenVessel","floor":16,"turns":8},{"damage":35,"enemies":"Hallownest:Flukemon_and_Top","floor":18,"turns":6},{"damage":12,"enemies":"Hallownest:Guard_and_Sentry","floor":19,"turns":2},{"damage":137,"enemies":"Hallownest:3_Mistakes","floor":20,"turns":3}],"seed_played":"3989330132903778811","potions_obtained":[{"floor":1.0,"key":"Swift Potion"},{"floor":14,"key":"Ancient Potion"}],"is_trial":true,"path_per_floor":["M","?","M","?","?","E","R","E","T","E","M","M","R","M","R","B",null,"M","M","M"],"character_chosen":"Angela","items_purchased":[],"campfire_rested":0,"item_purchase_floors":[],"current_hp_per_floor":[70,70,62,62,62,64,64,47,47,55,55,46,46,51,51,57,75,76,79,0,0],"gold":437,"neow_bonus":"","is_daily":false,"chose_seed":false,"campfire_upgraded":0,"win_rate":0.0,"timestamp":1609377047,"path_taken":["M","?","M","?","?","E","R","E","T","E","M","M","R","M","R","BOSS","M","M","?"],"items_purchased_type":[],"build_version":"2020-12-22","purchased_purges":0,"victory":false,"max_hp_per_floor":[70,70,70,70,70,70,70,70,70,70,71,71,71,73,73,75,75,77,79,83,83],"card_choices":[{"not_picked":["Laetitia_ego","Soda"],"picked":"GreenStem","floor":0.0},{"not_picked":["Soda","CherryBlossom"],"picked":"FourthMatchFlame","floor":0.0},{"not_picked":["Regret_ego","Soda"],"picked":"Discord","floor":0.0},{"not_picked":["Beak","WristCuter"],"picked":"Lantern","floor":0.0},{"not_picked":["Horn","RedEyes"],"picked":"FrostShard","floor":0.0},{"not_picked":["Pleasure","RapturousDream"],"picked":"GreenStem","floor":0.0},{"not_picked":["Wingbeat","RedEyes"],"picked":"Penitence","floor":0.0},{"not_picked":["RedEyes","Galaxy"],"picked":"Soda","floor":0.0},{"not_picked":["BearPaw","Horn"],"picked":"Regret_ego","floor":0.0},{"not_picked":["RapturousDream","Beak"],"picked":"Harvest","floor":0.0},{"not_picked":["Beak","GreenStem"],"picked":"Heaven","floor":0.0},{"not_picked":["FrostShard","Loneliness"],"picked":"FourthMatchFlame","floor":0.0},{"not_picked":["Logging","FeatherOfHonor"],"picked":"FourthMatchFlame","floor":0.0},{"not_picked":["Pleasure","RedEyes"],"picked":"Soda","floor":0.0},{"not_picked":["Beak","Hornet"],"picked":"Amita","floor":0.0},{"not_picked":["PunishingBird","SpiderBud"],"picked":"WallGazer","floor":1.0},{"not_picked":["Horn","Noise"],"picked":"SKIP","floor":1.0},{"not_picked":["Horn","Noise"],"picked":"SKIP","floor":1.0},{"not_picked":["CherryBlossoms","BlueStar"],"picked":"Scorched","floor":3},{"not_picked":["CherryBlossom"],"picked":"FourthMatchFlame","floor":3},{"not_picked":["Horn","RapturousDream"],"picked":"SKIP","floor":3},{"not_picked":["Horn","RapturousDream"],"picked":"SKIP","floor":3},{"not_picked":["SpiderBud","UniverseFragment"],"picked":"Rudolta","floor":6},{"not_picked":["Heaven"],"picked":"CherryBlossom","floor":6},{"not_picked":["Galaxy"],"picked":"TheSmile","floor":8},{"not_picked":["Tough"],"picked":"Penitence","floor":10},{"not_picked":["SpiderBud","ShyLook"],"picked":"LaLuna","floor":10},{"not_picked":["Regret_ego","RapturousDream"],"picked":"SKIP","floor":10},{"not_picked":["Porccubus","SingingMachine"],"picked":"QueenOfHatred","floor":12},{"not_picked":["Horn","Loneliness"],"picked":"SKIP","floor":12},{"not_picked":["MHz","DreamingCurrent"],"picked":"Woodsman","floor":14},{"not_picked":["FrostShard"],"picked":"SoundOfStar","floor":14},{"not_picked":["MeatLantern","ShyLook"],"picked":"BigBadWolf","floor":16},{"not_picked":["SoundOfStar"],"picked":"Twilight","floor":16},{"not_picked":["Murderer","OSAHOGD"],"picked":"PunishingBird","floor":18},{"not_picked":["CUTE+1","Soda+1"],"picked":"SKIP","floor":18},{"not_picked":["Regret_ego","Lantern+1"],"picked":"SKIP","floor":18},{"not_picked":["Wellcheers","CrumblingArmor"],"picked":"OSAHOGD","floor":19},{"not_picked":["Penitence"],"picked":"Adoration","floor":19}],"player_experience":150240,"relics_obtained":[{"floor":1.0,"key":"LetterFromLob"},{"floor":6,"key":"zeldaRelics:CouragePiece"},{"floor":8,"key":"zeldaRelics:CouragePiece"},{"floor":9,"key":"zeldaRelics:CouragePiece"},{"floor":10,"key":"zeldaRelics:WisdomPiece"}],"event_choices":[],"is_beta":false,"boss_relics":[{"not_picked":["vexMod:TanglingVine","Calling Bell"],"picked":"Empty Cage"}],"items_purged_floors":[],"is_endless":false,"potions_floor_spawned":[1,14],"killed_by":"Hallownest:3_Mistakes","ascension_level":0}}