{"host":"lreod2rejfd0az5i","time":1609395809,"event":{"mods":["AchievementEnabler","Aspiration","BaseMod","Colored Powertips","Conspire","Downfall","Highlight Path","Hubris","Infinite Spire","Mad Scientist","Minty Spire (QoL Compilation)","Rare Cards Sparkle","Relic Stats","Replay The Spire","StSLib","The Bug Knight","The Jungle"],"gold_per_floor":[111,61,75,93,243,243,70,100,100,100,25,60,77,115,115,126,126],"floor_reached":16,"playtime":679,"items_purged":["Doubt"],"score":188,"play_id":"cff68edf-f325-46e9-9ce5-8317f1d78f6e","local_time":"20201230232329","is_ascension_mode":true,"campfire_choices":[{"data":"Bash","floor":6,"key":"SMITH"},{"floor":15,"key":"REST"}],"circlet_count":0,"master_deck":["AscendersBane","Strike_R","Strike_R","Strike_R","Strike_R","Strike_R","Defend_R","Defend_R","Defend_R","Defend_R","Bash+1","conspire:SpireCoStock","Cleave","Whirlwind+1"],"relics":["Burning Blood","NeowsBlessing","HandDrill","ReplayTheSpireMod:Ninjato"],"acts_visited":["Exordium"],"potions_floor_usage":[8,16],"damage_taken":[{"damage":0,"enemies":"Jaw Worm","floor":1,"turns":1},{"damage":0,"enemies":"Small Slimes","floor":3,"turns":2},{"damage":0,"enemies":"Cultist","floor":4,"turns":1},{"damage":12,"enemies":"Large Slime","floor":8,"turns":4},{"damage":17,"enemies":"Blue Slaver","floor":12,"turns":5},{"damage":22,"enemies":"2 Fungi Beasts","floor":13,"turns":3},{"damage":10,"enemies":"3 Louse","floor":14,"turns":2},{"damage":69,"enemies":"Slime Boss","floor":16,"turns":6}],"seed_played":"6384757263699261971","potions_obtained":[{"floor":4,"key":"AttackPotion"},{"floor":13,"key":"Strength Potion"},{"floor":14,"key":"SmokeBomb"}],"is_trial":false,"path_per_floor":["M","?","M","M","?","R","$","M","T","?","$","M","M","M","R","B"],"character_chosen":"IRONCLAD","items_purchased":["HandDrill"],"campfire_rested":1,"item_purchase_floors":[7],"current_hp_per_floor":[74,74,75,75,75,75,75,69,69,69,69,58,42,38,60,0,0],"gold":126,"neow_bonus":"THREE_ENEMY_KILL","is_daily":false,"chose_seed":false,"campfire_upgraded":1,"win_rate":0.0,"timestamp":1609395809,"path_taken":["M","?","M","M","?","R","$","M","T","?","$","M","M","M","R","BOSS"],"items_purchased_type":["Relic"],"build_version":"2020-12-22","purchased_purges":1,"victory":false,"max_hp_per_floor":[75,75,75,75,75,75,75,75,75,75,75,75,75,75,75,75,75],"relic_stats":{"counters":[8,24],"HandDrill":[0],"obtain_stats":[{"ReplayTheSpireMod:Ninjato":9,"NeowsBlessing":0,"HandDrill":7,"Burning Blood":0},{"ReplayTheSpireMod:Ninjato":4,"NeowsBlessing":0,"HandDrill":3,"Burning Blood":0},{"ReplayTheSpireMod:Ninjato":8,"NeowsBlessing":0,"HandDrill":4,"Burning Blood":0}],"Burning Blood":31},"card_choices":[{"not_picked":["Wild Strike","Intimidate","Evolve"],"picked":"SKIP","floor":1},{"not_picked":["Run Through","Warcry"],"picked":"Cleave","floor":3},{"not_picked":["True Grit","Thunderclap","Bloodletting"],"picked":"SKIP","floor":4},{"not_picked":["Run Through","Clothesline"],"picked":"Whirlwind","floor":8},{"not_picked":["Intimidate","Rupture","Thunderclap"],"picked":"SKIP","floor":12},{"not_picked":["Evolve","Massacre","ReplayTheSpireMod:LeadingStrike"],"picked":"SKIP","floor":13},{"not_picked":["Hemokinesis","Twin Strike","Perfected Strike"],"picked":"SKIP","floor":14}],"player_experience":878362,"relics_obtained":[{"floor":9,"key":"ReplayTheSpireMod:Ninjato"}],"event_choices":[{"damage_healed":0,"gold_gain":0,"player_choice":"Invest 1","damage_taken":0,"max_hp_gain":0,"max_hp_loss":0,"event_name":"conspire:Investor","floor":2,"gold_loss":0},{"damage_healed":0,"gold_gain":150,"player_choice":"AGREE","damage_taken":0,"max_hp_gain":0,"max_hp_loss":0,"event_name":"Liars Game","floor":5,"gold_loss":0,"cards_obtained":["Doubt"]},{"damage_healed":0,"gold_gain":0,"player_choice":"Grow","damage_taken":0,"max_hp_gain":0,"max_hp_loss":0,"event_name":"Living Wall","floor":10,"gold_loss":0,"cards_upgraded":["Whirlwind"]}],"is_beta":false,"boss_relics":[],"items_purged_floors":[11],"is_endless":false,"potions_floor_spawned":[4,13,14],"killed_by":"Slime Boss","ascension_level":20}}