{"host":"J","time":1609372846,"event":{"mods":["AchievementEnabler","BaseMod","Block Reminder","Highlight Path","Minty Spire (QoL Compilation)","Permanent Neow","Quick Restart","Relic Stats","UnlockEverythingMod"],"gold_per_floor":[115,126,142,162,177,177,190,222,222,222,232,232,99,127,127,203,203,217,217,43,53,72,106,106,21,21,48,66,66,82,107,107,184,184,196,212,237,237,237,237,265,265,265,292,304,332,351,398,398,398,398,398],"floor_reached":51,"playtime":6493,"items_purged":["Strike_G","Strike_G"],"score":1689,"play_id":"637874e9-a03b-4e4f-8307-a581bee17f3f","local_time":"20201231010046","is_ascension_mode":true,"campfire_choices":[{"data":"Cloak And Dagger","floor":6.0,"key":"SMITH"},{"data":"Blade Dance","floor":10.0,"key":"SMITH"},{"data":"Accuracy","floor":15.0,"key":"SMITH"},{"data":"Cloak And Dagger","floor":24.0,"key":"SMITH"},{"data":"Cloak And Dagger","floor":32.0,"key":"SMITH"},{"data":"Blade Dance","floor":40.0,"key":"SMITH"},{"data":"Neutralize","floor":42.0,"key":"SMITH"},{"floor":49.0,"key":"RECALL"}],"circlet_count":0,"master_deck":["AscendersBane","Strike_G","Strike_G","Strike_G","Defend_G","Defend_G+1","Defend_G","Defend_G","Defend_G","Survivor","Neutralize+1","Blade Dance+1","Cloak And Dagger+1","Crippling Poison","Endless Agony","Blade Dance","Tools of the Trade","Crippling Poison+1","Cloak And Dagger+1","Accuracy+1","Tools of the Trade","Cloak And Dagger+1","Accuracy","Infinite Blades","Well Laid Plans","Venomology","Blade Dance+1","Adrenaline","CurseOfTheBell","Adrenaline","Blade Dance+1","Blur","Night Terror"],"relics":["WristBlade","Bag of Marbles","Bottled Lightning","Snake Skull","HoveringKite","Ancient Tea Set","Thread and Needle","Meat on the Bone","Bottled Tornado","Calling Bell","War Paint","Paper Crane","CaptainsWheel","Girya","The Courier","Eternal Feather","Strawberry","Tingsha"],"acts_visited":["Exordium","TheCity","TheBeyond"],"potions_floor_usage":[50,50],"damage_taken":[{"damage":1.0,"enemies":"Cultist","floor":1.0,"turns":4.0},{"damage":0.0,"enemies":"2 Louse","floor":2.0,"turns":2.0},{"damage":7.0,"enemies":"Small Slimes","floor":3.0,"turns":3.0},{"damage":0.0,"enemies":"Exordium Thugs","floor":4.0,"turns":4.0},{"damage":0.0,"enemies":"3 Louse","floor":5.0,"turns":4.0},{"damage":2.0,"enemies":"Looter","floor":7.0,"turns":2.0},{"damage":8.0,"enemies":"3 Sentries","floor":8.0,"turns":4.0},{"damage":8.0,"enemies":"Gremlin Gang","floor":11.0,"turns":3.0},{"damage":9.0,"enemies":"Lagavulin","floor":14.0,"turns":4.0},{"damage":34.0,"enemies":"Slime Boss","floor":16.0,"turns":8.0},{"damage":0.0,"enemies":"3 Byrds","floor":18.0,"turns":4.0},{"damage":0.0,"enemies":"Spheric Guardian","floor":21.0,"turns":1.0},{"damage":23.0,"enemies":"Snake Plant","floor":22.0,"turns":3.0},{"damage":0.0,"enemies":"Gremlin Leader","floor":23.0,"turns":5.0},{"damage":14.0,"enemies":"Book of Stabbing","floor":27.0,"turns":4.0},{"damage":9.0,"enemies":"Cultist and Chosen","floor":28.0,"turns":5.0},{"damage":0.0,"enemies":"Snecko","floor":30.0,"turns":3.0},{"damage":18.0,"enemies":"Gremlin Leader","floor":31.0,"turns":3.0},{"damage":20.0,"enemies":"Collector","floor":33.0,"turns":3.0},{"damage":7.0,"enemies":"3 Darklings","floor":35.0,"turns":4.0},{"damage":1.0,"enemies":"3 Shapes","floor":36.0,"turns":4.0},{"damage":0.0,"enemies":"Mind Bloom Boss Battle","floor":37.0,"turns":3.0},{"damage":0.0,"enemies":"Reptomancer","floor":41.0,"turns":5.0},{"damage":0.0,"enemies":"Nemesis","floor":44.0,"turns":5.0},{"damage":11.0,"enemies":"Transient","floor":45.0,"turns":6.0},{"damage":4.0,"enemies":"Reptomancer","floor":46.0,"turns":5.0},{"damage":0.0,"enemies":"3 Darklings","floor":47.0,"turns":3.0},{"damage":25.0,"enemies":"2 Orb Walkers","floor":48.0,"turns":4.0},{"damage":50,"enemies":"Awakened One","floor":50,"turns":11},{"damage":23,"enemies":"Time Eater","floor":51,"turns":4}],"seed_played":"-6684235299838682382","potions_obtained":[{"floor":3.0,"key":"Block Potion"},{"floor":4.0,"key":"SteroidPotion"},{"floor":14.0,"key":"PowerPotion"},{"floor":23.0,"key":"SpeedPotion"},{"floor":28.0,"key":"AttackPotion"},{"floor":31.0,"key":"SteroidPotion"},{"floor":35.0,"key":"ColorlessPotion"}],"is_trial":false,"path_per_floor":["M","M","M","M","M","R","M","E","T","R","M","?","$","E","R","B",null,"M","?","$","M","M","E","R","$","T","E","M","?","M","E","R","B",null,"M","M","?","$","?","R","E","R","T","E","M","E","M","?","R","B","B"],"character_chosen":"THE_SILENT","items_purchased":["Cloak And Dagger","Accuracy","Well Laid Plans"],"campfire_rested":0,"item_purchase_floors":[13,20,25],"current_hp_per_floor":[58,58,51,51,51,51,49,41,41,41,33,66,66,57,57,23,55,55,55,55,55,32,32,32,32,32,18,21,21,33,27,27,19,54,47,46,46,46,46,46,46,46,46,46,35,50,50,37,55,17,0,0],"gold":398,"neow_bonus":"BOSS_RELIC","is_daily":false,"chose_seed":false,"campfire_upgraded":7,"win_rate":0.0,"timestamp":1609372846,"path_taken":["M","M","M","M","?","R","M","E","T","R","M","?","?","E","R","BOSS","M","?","$","M","M","E","R","?","T","E","M","?","M","E","R","BOSS","M","M","?","$","?","R","E","R","T","E","M","E","?","?","R","BOSS","BOSS"],"items_purchased_type":["Card","Card","Card"],"build_version":"2020-12-18","purchased_purges":2,"victory":false,"max_hp_per_floor":[66,66,66,66,66,66,66,66,66,66,66,66,66,66,66,66,66,66,66,66,66,66,66,66,66,66,66,66,66,66,66,66,66,66,66,66,66,66,66,66,66,66,66,66,66,73,73,73,73,73,73,73],"relic_stats":{"counters":[30,123],"HoveringKite":[62],"Eternal Feather":18,"Tingsha":[52],"Snake Skull":[46],"War Paint":["Defend_G","Crippling Poison"],"obtain_stats":[{"Girya":37,"HoveringKite":17,"Thread and Needle":26,"Eternal Feather":44,"Tingsha":48,"Snake Skull":14,"The Courier":41,"Bottled Tornado":31,"War Paint":34,"Paper Crane":34,"Ancient Tea Set":23,"Calling Bell":34,"CaptainsWheel":34,"WristBlade":0,"Strawberry":46,"Bag of Marbles":8,"Bottled Lightning":9,"Ring of the Snake":0,"Meat on the Bone":27},{"Girya":22,"HoveringKite":10,"Thread and Needle":14,"Eternal Feather":24,"Tingsha":28,"Snake Skull":9,"The Courier":23,"Bottled Tornado":18,"War Paint":19,"Paper Crane":19,"Ancient Tea Set":14,"Calling Bell":19,"CaptainsWheel":19,"WristBlade":0,"Strawberry":26,"Bag of Marbles":7,"Bottled Lightning":7,"Ring of the Snake":0,"Meat on the Bone":15},{"Girya":80,"HoveringKite":38,"Thread and Needle":51,"Eternal Feather":90,"Tingsha":108,"Snake Skull":30,"The Courier":85,"Bottled Tornado":66,"War Paint":69,"Paper Crane":69,"Ancient Tea Set":51,"Calling Bell":69,"CaptainsWheel":69,"WristBlade":0,"Strawberry":101,"Bag of Marbles":23,"Bottled Lightning":23,"Ring of the Snake":0,"Meat on the Bone":55}],"Meat on the Bone":84},"card_choices":[{"not_picked":["Acrobatics","Dagger Throw"],"picked":"Blade Dance","floor":1.0},{"not_picked":["Reflex","Dagger Spray"],"picked":"Cloak And Dagger","floor":2.0},{"not_picked":["Quick Slash","Dodge and Roll"],"picked":"Crippling Poison","floor":3.0},{"not_picked":["Tactician","Predator"],"picked":"Endless Agony","floor":4.0},{"not_picked":["Bouncing Flask","PiercingWail"],"picked":"Blade Dance","floor":5.0},{"not_picked":["Deadly Poison","All Out Attack"],"picked":"Tools of the Trade","floor":7.0},{"not_picked":["Deflect","Prepared","Heel Hook"],"picked":"SKIP","floor":8.0},{"not_picked":["Concentrate","Poisoned Stab"],"picked":"Crippling Poison","floor":11.0},{"not_picked":["Flying Knee","Riddle With Holes"],"picked":"Accuracy","floor":14.0},{"not_picked":["Die Die Die","A Thousand Cuts"],"picked":"Tools of the Trade","floor":16.0},{"not_picked":["Deadly Poison","Bane"],"picked":"Cloak And Dagger","floor":18.0},{"not_picked":["Expertise","Endless Agony","Prepared"],"picked":"SKIP","floor":21.0},{"not_picked":["Poisoned Stab+1","Underhanded Strike","Dodge and Roll"],"picked":"SKIP","floor":22.0},{"not_picked":["Underhanded Strike+1","Choke+1"],"picked":"Infinite Blades","floor":23.0},{"not_picked":["Footwork","Bouncing Flask+1"],"picked":"Venomology","floor":27.0},{"not_picked":["Riddle With Holes","Well Laid Plans+1"],"picked":"Blade Dance","floor":28.0},{"not_picked":["Underhanded Strike+1","Bane","Backflip"],"picked":"SKIP","floor":30.0},{"not_picked":["Escape Plan","Skewer","Choke"],"picked":"SKIP","floor":31.0},{"not_picked":["Venomology","Grand Finale"],"picked":"Adrenaline","floor":33.0},{"not_picked":["Acrobatics+1","Outmaneuver","Backflip+1"],"picked":"SKIP","floor":35.0},{"not_picked":["Accuracy","Deflect+1","Sucker Punch"],"picked":"SKIP","floor":36.0},{"not_picked":["Eviscerate","Acrobatics"],"picked":"Blade Dance+1","floor":41.0},{"not_picked":["A Thousand Cuts","Backstab","Deadly Poison+1"],"picked":"SKIP","floor":44.0},{"not_picked":["Bane","Flying Knee+1","Backflip"],"picked":"SKIP","floor":45.0},{"not_picked":["Heel Hook","Setup"],"picked":"Blur","floor":46.0},{"not_picked":["Skewer","Acrobatics"],"picked":"Night Terror","floor":47.0}],"player_experience":231563,"relics_obtained":[{"floor":8.0,"key":"Bag of Marbles"},{"floor":9.0,"key":"Bottled Lightning"},{"floor":14.0,"key":"Snake Skull"},{"floor":23.0,"key":"Ancient Tea Set"},{"floor":26.0,"key":"Thread and Needle"},{"floor":27.0,"key":"Meat on the Bone"},{"floor":31.0,"key":"Bottled Tornado"},{"floor":34.0,"key":"War Paint"},{"floor":34.0,"key":"Paper Crane"},{"floor":34.0,"key":"CaptainsWheel"},{"floor":37.0,"key":"Girya"},{"floor":41.0,"key":"The Courier"},{"floor":44.0,"key":"Eternal Feather"},{"floor":46.0,"key":"Strawberry"},{"floor":48.0,"key":"Tingsha"}],"event_choices":[{"damage_healed":33.0,"max_hp_gain":0.0,"max_hp_loss":0.0,"gold_gain":0.0,"event_name":"Wheel of Change","player_choice":"Full Heal","floor":12.0,"gold_loss":0.0,"damage_taken":0.0},{"damage_healed":0.0,"max_hp_gain":0.0,"max_hp_loss":0.0,"gold_gain":0.0,"event_name":"N\u0027loth","player_choice":"Ignored","floor":19.0,"gold_loss":0.0,"damage_taken":0.0},{"damage_healed":0.0,"max_hp_gain":0.0,"max_hp_loss":0.0,"gold_gain":0.0,"event_name":"Vampires","player_choice":"Ignored","floor":29.0,"gold_loss":0.0,"damage_taken":0.0},{"damage_healed":0.0,"max_hp_gain":0.0,"max_hp_loss":0.0,"gold_gain":0.0,"event_name":"MindBloom","player_choice":"Fight","floor":37.0,"gold_loss":0.0,"damage_taken":0.0},{"damage_healed":0.0,"max_hp_gain":0.0,"max_hp_loss":0.0,"gold_gain":0.0,"event_name":"Duplicator","player_choice":"Copied","floor":39.0,"gold_loss":0.0,"damage_taken":0.0,"cards_obtained":["Adrenaline"]},{"damage_healed":0.0,"max_hp_gain":0.0,"max_hp_loss":0.0,"gold_gain":0.0,"event_name":"Mysterious Sphere","player_choice":"Fight","floor":48.0,"gold_loss":0.0,"damage_taken":0.0}],"is_beta":true,"boss_relics":[{"not_picked":["Snecko Eye","Busted Crown"],"picked":"HoveringKite"},{"not_picked":["Black Star","Runic Pyramid"],"picked":"Calling Bell"}],"items_purged_floors":[13,20],"is_endless":false,"potions_floor_spawned":[3,4,11,14,18,23,28,31,35,36,45,46],"killed_by":"Time Eater","ascension_level":20}}