{"host":"uonldg9uriwfhjjx","time":1609378331,"event":{"mods":["AchievementEnabler","BaseMod","Minty Spire (QoL Compilation)","Relic Stats"],"gold_per_floor":[117,137,137,160,171,171,184,184,261,277,4,15,15,28,28,105,155,170,48,66,78,91,91,120,120,120,120,133,133,13,33,33,33,33],"floor_reached":33,"playtime":1028,"items_purged":["Strike_B","Strike_B"],"score":431,"play_id":"b4946055-60bb-462e-a272-2fc989c95bb9","local_time":"20201230203211","is_ascension_mode":true,"campfire_choices":[{"data":"Defragment","floor":6,"key":"SMITH"},{"data":"Fusion","floor":8,"key":"SMITH"},{"data":"Recycle","floor":15,"key":"SMITH"},{"data":"Genetic Algorithm","floor":23,"key":"SMITH"},{"data":"Genetic Algorithm","floor":25,"key":"SMITH"},{"data":"Zap","floor":29,"key":"SMITH"},{"data":"Loop","floor":32,"key":"SMITH"}],"circlet_count":0,"master_deck":["AscendersBane","Strike_B+1","Strike_B+1","Defend_B","Defend_B+1","Defend_B","Zap+1","Dualcast","Forethought","Fusion+1","Genetic Algorithm+1","Defragment+1","Cold Snap","Coolheaded","Genetic Algorithm+1","BootSequence","Recycle+1","Electrodynamics","Conserve Battery","Self Repair","Storm+1","Loop+1"],"relics":["Cracked Core","Smiling Mask","Bottled Tornado","Meat on the Bone","Tiny House","StrikeDummy","Ornamental Fan"],"acts_visited":["TheCity"],"potions_floor_usage":[16,16,18,24,24],"damage_taken":[{"damage":2,"enemies":"2 Louse","floor":1,"turns":3},{"damage":12,"enemies":"Jaw Worm","floor":2,"turns":4},{"damage":0,"enemies":"Cultist","floor":5,"turns":4},{"damage":10,"enemies":"Red Slaver","floor":7,"turns":4},{"damage":7,"enemies":"2 Fungi Beasts","floor":10,"turns":4},{"damage":8,"enemies":"Exordium Wildlife","floor":12,"turns":5},{"damage":0,"enemies":"Blue Slaver","floor":14,"turns":5},{"damage":25,"enemies":"The Guardian","floor":16,"turns":13},{"damage":11,"enemies":"Spheric Guardian","floor":18,"turns":5},{"damage":2,"enemies":"3 Byrds","floor":20,"turns":2},{"damage":12,"enemies":"Cultist and Chosen","floor":21,"turns":6},{"damage":27,"enemies":"Snake Plant","floor":22,"turns":5},{"damage":38,"enemies":"Book of Stabbing","floor":24,"turns":8},{"damage":0,"enemies":"3 Cultists","floor":28,"turns":4},{"damage":14,"enemies":"Sentry and Sphere","floor":31,"turns":4},{"damage":57,"enemies":"Automaton","floor":33,"turns":6}],"seed_played":"-4861761476403738313","potions_obtained":[{"floor":1,"key":"FearPotion"},{"floor":2,"key":"PotionOfCapacity"},{"floor":12,"key":"PowerPotion"},{"floor":17,"key":"DistilledChaos"},{"floor":20,"key":"SteroidPotion"},{"floor":22,"key":"EssenceOfDarkness"}],"is_trial":false,"path_per_floor":["M","M","?","T","M","R","M","R","T","M","$","M","$","M","R","B",null,"M","$","M","M","M","R","E","R","T","?","M","R","$","M","R","B"],"character_chosen":"DEFECT","items_purchased":["Meat on the Bone","Genetic Algorithm","DuplicationPotion","Loop"],"campfire_rested":0,"item_purchase_floors":[11,11,19,30],"current_hp_per_floor":[66,54,39,39,39,39,29,29,29,22,22,26,26,38,38,25,68,57,57,55,50,42,42,23,23,23,23,42,42,42,47,47,0,0],"gold":33,"neow_bonus":"RANDOM_COLORLESS","is_daily":false,"chose_seed":false,"campfire_upgraded":7,"win_rate":0.0,"timestamp":1609378331,"path_taken":["M","M","?","?","M","R","M","R","T","M","?","?","?","M","R","BOSS","M","$","M","M","M","R","E","R","T","?","M","R","$","M","R","BOSS"],"items_purchased_type":["Relic","Card","Potion","Card"],"build_version":"2020-12-22","purchased_purges":2,"victory":false,"max_hp_per_floor":[75,75,75,75,75,75,75,75,75,75,75,75,75,75,75,75,80,80,80,80,80,80,80,80,80,80,80,80,80,80,80,80,80,80],"relic_stats":{"counters":[16,82],"Ornamental Fan":[0],"Smiling Mask":75,"obtain_stats":[{"Tiny House":17,"Ornamental Fan":26,"Bottled Tornado":9,"Cracked Core":0,"Smiling Mask":4,"StrikeDummy":24,"Meat on the Bone":11},{"Tiny House":8,"Ornamental Fan":13,"Bottled Tornado":4,"Cracked Core":0,"Smiling Mask":2,"StrikeDummy":13,"Meat on the Bone":5},{"Tiny House":42,"Ornamental Fan":68,"Bottled Tornado":15,"Cracked Core":0,"Smiling Mask":7,"StrikeDummy":68,"Meat on the Bone":19}],"Meat on the Bone":84},"card_choices":[{"not_picked":["Panacea","Swift Strike"],"picked":"Forethought","floor":0},{"not_picked":["Leap","Beam Cell"],"picked":"Fusion","floor":1},{"not_picked":["Scrape","Static Discharge"],"picked":"Genetic Algorithm","floor":2},{"not_picked":["Hologram","Static Discharge"],"picked":"Defragment","floor":5},{"not_picked":["Streamline","Turbo"],"picked":"Cold Snap","floor":7},{"not_picked":["Leap","Redo"],"picked":"Coolheaded","floor":10},{"not_picked":["Stack","Compile Driver"],"picked":"BootSequence","floor":12},{"not_picked":["Melter","Sunder"],"picked":"Recycle","floor":14},{"not_picked":["Reboot","Machine Learning"],"picked":"Electrodynamics","floor":16},{"not_picked":["Hello World","Stack"],"picked":"Conserve Battery","floor":17},{"not_picked":["Leap","Steam","Streamline"],"picked":"SKIP","floor":18},{"not_picked":["Genetic Algorithm","Streamline"],"picked":"Self Repair","floor":20},{"not_picked":["Cold Snap","Ball Lightning"],"picked":"Storm+1","floor":21},{"not_picked":["Ball Lightning","Beam Cell","Streamline"],"picked":"SKIP","floor":22},{"not_picked":["Beam Cell","Steam","Core Surge"],"picked":"SKIP","floor":24},{"not_picked":["Go for the Eyes","Lockon","Storm"],"picked":"SKIP","floor":28},{"not_picked":["Streamline","Hologram","Go for the Eyes"],"picked":"SKIP","floor":31}],"player_experience":689224,"relics_obtained":[{"floor":4,"key":"Smiling Mask"},{"floor":9,"key":"Bottled Tornado"},{"floor":24,"key":"StrikeDummy"},{"floor":26,"key":"Ornamental Fan"}],"event_choices":[{"damage_healed":0,"gold_gain":0,"player_choice":"Entered Light","damage_taken":15,"max_hp_gain":0,"max_hp_loss":0,"event_name":"Shining Light","floor":3,"gold_loss":0,"cards_upgraded":["Defend_B","Strike_B"]},{"cards_removed":["Defend_B"],"damage_healed":0,"gold_gain":0,"player_choice":"Elegance","damage_taken":0,"max_hp_gain":0,"max_hp_loss":0,"event_name":"Back to Basics","floor":27,"gold_loss":0}],"is_beta":false,"boss_relics":[{"not_picked":["FrozenCore","Coffee Dripper"],"picked":"Tiny House"}],"items_purged_floors":[19,30],"is_endless":false,"potions_floor_spawned":[1,2,12,20,22],"killed_by":"Automaton","ascension_level":13}}