{"host":"idhn3x725u206pbu","time":1609406326,"event":{"mods":["AchievementEnabler","BaseMod","Bestiary","Better Altar","Better Match","Better Note","Better Sensory Stone","Better Skull","Better Third Choice","BetterRewards","Colored Map","Energized Spire","Hubris","Infinite Spire","Minty Spire (QoL Compilation)","Permanent Neow","Relic Stats","Replay The Spire","Spicy Shops","StSLib","The Animator","The Jungle"],"gold_per_floor":[115,132,9,19,19,19,37,54,54,65,98,98,133,148,148,253,253,263,588,192,192,192,192,223,223,248,261,261,261,261,279,279,380,380,380,380],"floor_reached":35,"playtime":2817,"items_purged":["hubris:Strike_Merchant"],"score":410,"play_id":"3d4651df-502f-4626-8e85-4badce4f04a2","local_time":"20201231171846","is_ascension_mode":false,"campfire_choices":[{"data":"Armaments","floor":6,"key":"SMITH"},{"floor":12,"key":"REST"},{"data":"Rupture","floor":15,"key":"SMITH"},{"floor":23,"key":"REST"},{"data":"Wild Strike","floor":25,"key":"SMITH"},{"data":"infinitespire:NeuralNetwork","floor":29,"key":"SMITH"},{"floor":32,"key":"REST"}],"circlet_count":0,"master_deck":["Strike_R","Strike_R","Strike_R","Strike_R","Defend_R","Defend_R","Defend_R","Defend_R","Bash","animator:Defend_Konosuba","Rupture+1","Armaments+1","Cleave","Bloodletting","Rage","Sword Boomerang","Inflame","Demon Form+1","Wild Strike+1","Rage+1","Rupture+1","ReplayTheSpireMod:Muscle Training","infinitespire:NeuralNetwork+1","Fire Breathing+1","Shrug It Off+1"],"relics":["Burning Blood","infinitespire:ShieldingShard","CultistMask","Centennial Puzzle","Regal Pillow","Golden Egg","Sozu","hubris:TinFlute","Replay:Bottled Flurry","energizedSpire:DecayingSkull"],"acts_visited":["Exordium","TheCity","TheBeyond"],"potions_floor_usage":[10,16],"damage_taken":[{"damage":1,"enemies":"2 Louse","floor":1,"turns":3},{"damage":1,"enemies":"Cultist","floor":2,"turns":4},{"damage":0,"enemies":"Small Slimes","floor":4,"turns":3},{"damage":12,"enemies":"Looter","floor":7,"turns":3},{"damage":0,"enemies":"2 Fungi Beasts","floor":8,"turns":4},{"damage":25,"enemies":"Exordium Thugs","floor":10,"turns":7},{"damage":28,"enemies":"3 Sentries","floor":11,"turns":7},{"damage":23,"enemies":"Lagavulin","floor":13,"turns":10},{"damage":12,"enemies":"3 Louse","floor":14,"turns":3},{"damage":60,"enemies":"Hexaghost","floor":16,"turns":8},{"damage":12,"enemies":"2 Thieves","floor":18,"turns":3},{"damage":34,"enemies":"Replay:Snechameleon","floor":24,"turns":7},{"damage":21,"enemies":"Shell Parasite","floor":27,"turns":5},{"damage":14,"enemies":"Shelled Parasite and Fungi","floor":31,"turns":5},{"damage":29,"enemies":"hubris:MusketHawk","floor":33,"turns":6}],"seed_played":"493743760673019664","potions_obtained":[{"floor":2,"key":"ElixirPotion"},{"floor":7,"key":"Dexterity Potion"},{"floor":10,"key":"SneckoOil"}],"is_trial":false,"path_per_floor":["M","M","$","M","?","R","M","M","T","M","E","R","E","M","R","B",null,"M","?","$","?","?","R","E","R","T","M","AVR","R","?","M","R","B",null,"M"],"character_chosen":"IRONCLAD","items_purchased":["infinitespire:ShieldingShard","Rage","hubris:TinFlute"],"campfire_rested":3,"item_purchase_floors":[3,20,20],"current_hp_per_floor":[96,96,96,96,96,96,90,96,96,77,55,96,79,73,73,19,96,90,59,59,59,59,96,68,68,68,53,53,53,53,45,88,65,96,0,0],"gold":380,"neow_bonus":"TWENTY_PERCENT_HP_BONUS","is_daily":false,"chose_seed":false,"campfire_upgraded":4,"win_rate":0.0,"timestamp":1609406326,"path_taken":["M","M","$","M","?","R","?","M","T","M","E","R","E","M","R","BOSS","M","?","$","?","?","R","E","R","T","?","AVR","R","?","M","R","BOSS","M"],"items_purchased_type":["Relic","Card","Relic"],"build_version":"2020-12-22","purchased_purges":1,"victory":false,"max_hp_per_floor":[96,96,96,96,96,96,96,96,96,96,96,96,96,96,96,96,96,96,96,96,96,96,96,96,96,96,96,96,96,96,96,96,96,96,96,96],"relic_stats":{"Sozu":2,"Centennial Puzzle":[33],"Regal Pillow":37,"counters":[16,81],"obtain_stats":[{"Sozu":17,"Golden Egg":13,"Centennial Puzzle":9,"Regal Pillow":11,"infinitespire:ShieldingShard":3,"CultistMask":5,"Replay:Bottled Flurry":24,"energizedSpire:DecayingSkull":34,"Burning Blood":0,"hubris:TinFlute":20},{"Sozu":10,"Golden Egg":8,"Centennial Puzzle":5,"Regal Pillow":7,"infinitespire:ShieldingShard":2,"CultistMask":3,"Replay:Bottled Flurry":12,"energizedSpire:DecayingSkull":15,"Burning Blood":0,"hubris:TinFlute":11},{"Sozu":52,"Golden Egg":41,"Centennial Puzzle":17,"Regal Pillow":31,"infinitespire:ShieldingShard":7,"CultistMask":10,"Replay:Bottled Flurry":62,"energizedSpire:DecayingSkull":78,"Burning Blood":0,"hubris:TinFlute":55}],"Burning Blood":74},"card_choices":[{"not_picked":["Body Slam","Iron Wave"],"picked":"Rupture","floor":1},{"not_picked":["Carnage","Warcry"],"picked":"Armaments","floor":2},{"not_picked":["Wild Strike","Iron Wave"],"picked":"Cleave","floor":4},{"not_picked":["Body Slam","Cleave","Warcry"],"picked":"SKIP","floor":7},{"not_picked":["Abandon","Sentinel"],"picked":"Bloodletting","floor":8},{"not_picked":["Iron Wave","ReplayTheSpireMod:LeadingStrike","Replay:Undeath\u0027s Touch"],"picked":"SKIP","floor":10},{"not_picked":["Perfected Strike","ReplayTheSpireMod:Strike From Hell"],"picked":"Rage","floor":11},{"not_picked":["ReplayTheSpireMod:Limb From Limb","Shrug It Off"],"picked":"Sword Boomerang","floor":13},{"not_picked":["Iron Wave","Entrench"],"picked":"Inflame","floor":14},{"not_picked":["Feed","Eclipse"],"picked":"Demon Form","floor":16},{"not_picked":["Entrench+1","Perfected Strike"],"picked":"Wild Strike","floor":18},{"not_picked":["Wild Strike+1","Clothesline","hubris:ReadiedAction"],"picked":"SKIP","floor":24},{"not_picked":["Perfected Strike","Wild Strike"],"picked":"ReplayTheSpireMod:Muscle Training","floor":27},{"not_picked":["ReplayTheSpireMod:Stacked+1","Massacre+1"],"picked":"Fire Breathing+1","floor":30},{"not_picked":["Warcry+1","Perfected Strike+1"],"picked":"Shrug It Off+1","floor":30},{"not_picked":["Rupture","Body Slam","Hemogenesis"],"picked":"SKIP","floor":31}],"player_experience":79419,"relics_obtained":[{"floor":9,"key":"Centennial Puzzle"},{"floor":11,"key":"Regal Pillow"},{"floor":13,"key":"Golden Egg"},{"floor":24,"key":"Replay:Bottled Flurry"}],"event_choices":[{"damage_healed":0,"gold_gain":0,"player_choice":"Trade","damage_taken":0,"relics_obtained":["CultistMask"],"max_hp_gain":0,"max_hp_loss":0,"event_name":"FaceTrader","floor":5,"gold_loss":0},{"damage_healed":0,"gold_gain":325,"player_choice":"GO GO GO ","damage_taken":34,"relics_obtained":[],"max_hp_gain":0,"max_hp_loss":0,"event_name":"betterSkull:BetterSkull","floor":19,"gold_loss":0,"cards_upgraded":[]},{"damage_healed":0,"gold_gain":0,"player_choice":"Copied","damage_taken":0,"max_hp_gain":0,"max_hp_loss":0,"event_name":"Duplicator","floor":21,"gold_loss":0,"cards_obtained":["Rupture"]},{"cards_removed":["Strike_R"],"damage_healed":0,"gold_gain":0,"player_choice":"Card Removal","damage_taken":0,"max_hp_gain":0,"max_hp_loss":0,"event_name":"Wheel of Change","floor":22,"gold_loss":0},{"damage_healed":0,"gold_gain":0,"player_choice":"2","damage_taken":0,"max_hp_gain":0,"max_hp_loss":0,"event_name":"betterMatch:BetterMatch","floor":30,"gold_loss":0,"cards_obtained":["betterMatch:UncommonCard","betterMatch:CommonCard"]}],"is_beta":false,"boss_relics":[{"not_picked":["energizedSpire:DeadBattery","SacredBark"],"picked":"Sozu"},{"not_picked":["Tiny House","hubris:RunicObelisk"],"picked":"energizedSpire:DecayingSkull"}],"items_purged_floors":[20],"is_endless":false,"potions_floor_spawned":[2,7,10,27,33],"killed_by":"3 Shapes","ascension_level":0}}