{"host":"ru8pwgfzwiehflg6","time":1609447956,"event":{"mods":["BaseMod","Friendly Minions","Koishi","Marisa????????","Minty Spire (QoL Compilation)","Prisma Mod","Reimu??????","StSLib","The Administrix","The Servant 0.9.4","Yohane!","Yuri Mod"],"gold_per_floor":[113,113,67,167,191,231,254,329,375,390,390,410,435,450,450,573,573,594,610,499,549,568,568,587,587,587,611,631,647,271,271,271],"floor_reached":31,"playtime":838,"items_purged":["Strike_Lin:ReiMu","Strike_Lin:ReiMu"],"score":415,"play_id":"5b7481ad-a42f-4ccb-8c1a-24b1e6fc1e9c","local_time":"20201231145236","is_ascension_mode":true,"campfire_choices":[{"data":"Conquer:ReiMu","floor":11,"key":"SMITH"},{"data":"OrbThrow:ReiMu","floor":15,"key":"SMITH"},{"floor":23,"key":"REST"},{"data":"UniversalSpiritual:ReiMu","floor":25,"key":"SMITH"}],"circlet_count":0,"master_deck":["AscendersBane","Strike_Lin:ReiMu","Strike_Lin:ReiMu","Defend_Lin:ReiMu","Defend_Lin:ReiMu","Defend_Lin:ReiMu","Defend_Lin:ReiMu","NB:ReiMu","Stagnation:ReiMu","RainPray2:ReiMu","Conquer:ReiMu+1","WonderfulDomain:ReiMu","RainPray2:ReiMu","OrbThrow:ReiMu+1","AirStrike:ReiMu","AlertArray:ReiMu","CardOfSanctity:ReiMu","RainPray2:ReiMu","AirStrike:ReiMu","UniversalSpiritual:ReiMu","YinYang:ReiMu","UniversalSpiritual:ReiMu+1","OrbThrow:ReiMu","NineCharacters:ReiMu","OrbThrow:ReiMu"],"relics":["FlyPower:ReiMu","NeowsBlessing","Golden Idol","Pen Nib","Strawberry","DonationBox:ReiMu","Gremlin Horn","Membership Card","Kunai"],"acts_visited":["Exordium","TheCity"],"potions_floor_usage":[16,24,28,29,31],"damage_taken":[{"damage":0,"enemies":"Cultist","floor":1,"turns":1},{"damage":0,"enemies":"Small Slimes","floor":5,"turns":1},{"damage":0,"enemies":"Lagavulin","floor":6,"turns":1},{"damage":6,"enemies":"2 Louse","floor":7,"turns":3},{"damage":6,"enemies":"Large Slime","floor":10,"turns":7},{"damage":0,"enemies":"Lots of Slimes","floor":12,"turns":1},{"damage":3,"enemies":"Red Slaver","floor":13,"turns":4},{"damage":0,"enemies":"Looter","floor":14,"turns":2},{"damage":30,"enemies":"The Guardian","floor":16,"turns":10},{"damage":17,"enemies":"Shell Parasite","floor":18,"turns":6},{"damage":16,"enemies":"3 Byrds","floor":19,"turns":5},{"damage":19,"enemies":"Snake Plant","floor":22,"turns":3},{"damage":1,"enemies":"Snecko","floor":24,"turns":4},{"damage":2,"enemies":"Sentry and Sphere","floor":27,"turns":4},{"damage":13,"enemies":"Snake Plant","floor":28,"turns":4},{"damage":4,"enemies":"Snecko","floor":29,"turns":4}],"seed_played":"-4618696403341966054","potions_obtained":[{"floor":7,"key":"Swift Potion"},{"floor":10,"key":"FearPotion"},{"floor":12,"key":"Fire Potion"},{"floor":24,"key":"Energy Potion"},{"floor":27,"key":"Ancient Potion"}],"is_trial":false,"path_per_floor":["M","?","$","?","M","E","M","?","T","M","R","M","M","M","R","B",null,"M","M","$","?","M","R","M","R","T","M","M","M","$","?"],"character_chosen":"REIMU","items_purchased":["Conquer:ReiMu","UniversalSpiritual:ReiMu","Membership Card","Kunai","Fruit Juice","OrbThrow:ReiMu"],"campfire_rested":1,"item_purchase_floors":[3,20,30,30,30,30],"current_hp_per_floor":[59,59,59,59,59,59,53,42,49,43,43,43,40,40,40,10,53,36,20,20,20,1,21,20,20,20,18,5,1,1,0,0],"gold":271,"neow_bonus":"THREE_ENEMY_KILL","is_daily":false,"chose_seed":false,"campfire_upgraded":3,"win_rate":0.0,"timestamp":1609447956,"path_taken":["M","?","$","?","?","E","M","?","T","M","R","M","M","M","R","BOSS","M","M","$","?","M","R","M","R","T","?","M","?","?","?"],"items_purchased_type":["Card","Card","Relic","Relic","Potion","Card"],"build_version":"2020-12-22","purchased_purges":2,"victory":false,"max_hp_per_floor":[65,60,60,60,60,60,60,60,67,67,67,67,67,67,67,67,67,67,67,67,67,67,67,67,67,67,67,67,67,67,72,72],"card_choices":[{"not_picked":["SubcavityInstant:ReiMu","WonderfulDomain:ReiMu"],"picked":"RainPray2:ReiMu","floor":1},{"not_picked":["SubAcupoint:ReiMu","Intuition:ReiMu"],"picked":"WonderfulDomain:ReiMu","floor":5},{"not_picked":["ManaGlint:ReiMu","CareerPray:ReiMu"],"picked":"RainPray2:ReiMu","floor":6},{"not_picked":["SpringWay:ReiMu","SubcavityInstant:ReiMu","SubAcupoint:ReiMu"],"picked":"SKIP","floor":7},{"not_picked":["LearningPray:ReiMu","Intuition:ReiMu"],"picked":"OrbThrow:ReiMu","floor":10},{"not_picked":["Intuition:ReiMu","Meditation:ReiMu"],"picked":"AirStrike:ReiMu","floor":12},{"not_picked":["Determination:ReiMu","SpreadBorder2:ReiMu"],"picked":"AlertArray:ReiMu","floor":13},{"not_picked":["BarrageOfMoneybags:ReiMu","Meditation:ReiMu","SubcavityInstant:ReiMu"],"picked":"SKIP","floor":14},{"not_picked":["PrayRite:ReiMu","KyokaiOfKami:ReiMu"],"picked":"CardOfSanctity:ReiMu","floor":16},{"not_picked":["YinYangSign:ReiMu+1","UpKicking:ReiMu"],"picked":"RainPray2:ReiMu","floor":18},{"not_picked":["SealNeedle:ReiMu+1","SpringWay:ReiMu"],"picked":"AirStrike:ReiMu","floor":19},{"not_picked":["FantasyBorder:ReiMu","AlertArray:ReiMu"],"picked":"YinYang:ReiMu","floor":22},{"not_picked":["WonderfulDomain:ReiMu","Amulet:ReiMu+1"],"picked":"UniversalSpiritual:ReiMu","floor":24},{"not_picked":["SpreadBorder2:ReiMu+1","SpiritualOutbreak2:ReiMu"],"picked":"OrbThrow:ReiMu","floor":27},{"not_picked":["Conquer:ReiMu","SpreadBorder2:ReiMu"],"picked":"NineCharacters:ReiMu","floor":28},{"not_picked":["Enchanting:ReiMu","FoulBorder2:ReiMu","CareerPray:ReiMu"],"picked":"SKIP","floor":29}],"player_experience":576089,"relics_obtained":[{"floor":6,"key":"Pen Nib"},{"floor":9,"key":"Strawberry"},{"floor":26,"key":"Gremlin Horn"}],"event_choices":[{"damage_healed":0,"gold_gain":0,"player_choice":"Lose Max HP","damage_taken":0,"relics_obtained":["Golden Idol"],"max_hp_gain":0,"max_hp_loss":5,"event_name":"Golden Idol","floor":2,"gold_loss":0},{"damage_healed":0,"gold_gain":100,"player_choice":"Pray","damage_taken":0,"max_hp_gain":0,"max_hp_loss":0,"event_name":"Golden Shrine","floor":4,"gold_loss":0},{"damage_healed":0,"gold_gain":75,"player_choice":"Gather Gold","damage_taken":11,"max_hp_gain":0,"max_hp_loss":0,"event_name":"World of Goop","floor":8,"gold_loss":0},{"damage_healed":0,"gold_gain":100,"player_choice":"Bet on Murderer","damage_taken":0,"max_hp_gain":0,"max_hp_loss":0,"event_name":"The Joust","floor":21,"gold_loss":50}],"is_beta":false,"boss_relics":[{"not_picked":["Astrolabe","ShineYinYang:ReiMu"],"picked":"DonationBox:ReiMu"}],"items_purged_floors":[20,30],"is_endless":false,"potions_floor_spawned":[7,10,12,24,27],"ascension_level":11}}