{"host":"873t0y8ybyo38pfq","time":1609373159,"event":{"mods":["BaseMod","Bestiary","Colored Map","Colored Powertips","Highlight Path","Minty Spire (QoL Compilation)","Quick Restart","RNG Fix","Rare Cards Sparkle","Relic Stats","StSLib"],"gold_per_floor":[116,116,136,136,148,148,183,195,220,220,233,233,251,271,271,368,368,368,368,293,293,293],"floor_reached":21,"playtime":624,"items_purged":[],"score":220,"play_id":"37ca9bad-daf4-4f8b-9d5c-19f83df8937d","local_time":"20201230190559","is_ascension_mode":true,"campfire_choices":[{"data":"Creative AI","floor":6,"key":"SMITH"},{"floor":10,"key":"REST"},{"floor":12,"key":"REST"},{"floor":15,"key":"REST"}],"circlet_count":0,"master_deck":["Strike_B+1","Strike_B+1","Strike_B+1","Strike_B+1","Defend_B+1","Defend_B+1","Defend_B+1","Defend_B+1","Zap","Dualcast+1","Creative AI+1","Turbo","Force Field","Cold Snap","Beam Cell","Fusion","Electrodynamics","Core Surge"],"relics":["Cracked Core","Sundial","War Paint","Ectoplasm"],"acts_visited":["Exordium","TheCity"],"potions_floor_usage":[7,14,16,21],"damage_taken":[{"damage":9,"enemies":"2 Louse","floor":1,"turns":2},{"damage":8,"enemies":"Small Slimes","floor":3,"turns":4},{"damage":1,"enemies":"Jaw Worm","floor":5,"turns":4},{"damage":30,"enemies":"Gremlin Nob","floor":7,"turns":4},{"damage":5,"enemies":"2 Fungi Beasts","floor":8,"turns":3},{"damage":0,"enemies":"Large Slime","floor":11,"turns":5},{"damage":9,"enemies":"Red Slaver","floor":13,"turns":4},{"damage":17,"enemies":"Lots of Slimes","floor":14,"turns":2},{"damage":18,"enemies":"Slime Boss","floor":16,"turns":9},{"damage":51,"enemies":"3 Byrds","floor":18,"turns":4},{"damage":39,"enemies":"2 Thieves","floor":20,"turns":4},{"damage":8,"enemies":"Snecko","floor":21,"turns":2}],"seed_played":"8558140022307215236","potions_obtained":[{"floor":1,"key":"SkillPotion"},{"floor":2,"key":"FairyPotion"},{"floor":2,"key":"SpeedPotion"},{"floor":5,"key":"AttackPotion"},{"floor":7,"key":"Dexterity Potion"},{"floor":14,"key":"LiquidMemories"},{"floor":20,"key":"Swift Potion"}],"is_trial":false,"path_per_floor":["M","?","M","?","M","R","E","M","T","R","M","R","M","M","R","B",null,"M","?","M","M"],"character_chosen":"DEFECT","items_purchased":[],"campfire_rested":3,"item_purchase_floors":[],"current_hp_per_floor":[45,45,37,37,36,36,6,1,1,23,23,45,36,19,41,23,75,24,24,7,0,0],"gold":293,"neow_bonus":"THREE_RARE_CARDS","is_daily":false,"chose_seed":false,"campfire_upgraded":1,"win_rate":0.0,"timestamp":1609373159,"path_taken":["M","?","?","?","M","R","E","M","T","R","M","R","M","M","R","BOSS","M","?","M","M"],"items_purchased_type":[],"build_version":"2020-12-22","purchased_purges":0,"victory":false,"max_hp_per_floor":[75,75,75,75,75,75,75,75,75,75,75,75,75,75,75,75,75,75,75,75,75,75],"relic_stats":{"counters":[12,47],"Sundial":[4],"Ectoplasm":106,"War Paint":["Dualcast","Defend_B"],"obtain_stats":[{"Sundial":7,"Ectoplasm":17,"War Paint":9,"Cracked Core":0},{"Sundial":4,"Ectoplasm":9,"War Paint":5,"Cracked Core":0},{"Sundial":14,"Ectoplasm":37,"War Paint":17,"Cracked Core":0}]},"card_choices":[{"not_picked":["Thunder Strike","Biased Cognition"],"picked":"Creative AI","floor":0},{"not_picked":["Capacitor","Aggregate"],"picked":"Turbo","floor":1},{"not_picked":["Streamline","Sweeping Beam"],"picked":"Force Field","floor":3},{"not_picked":["Darkness","Leap"],"picked":"Cold Snap","floor":5},{"not_picked":["Doom and Gloom","Hyperbeam"],"picked":"Beam Cell","floor":7},{"not_picked":["Stack","Gash"],"picked":"Fusion","floor":8},{"not_picked":["Sunder","Streamline","Turbo"],"picked":"SKIP","floor":11},{"not_picked":["Streamline","Sweeping Beam"],"picked":"Electrodynamics","floor":13},{"not_picked":["Steam","Rip and Tear","Darkness"],"picked":"SKIP","floor":14},{"not_picked":["Fission","Electrodynamics"],"picked":"Core Surge","floor":16},{"not_picked":["Gash","Turbo","Go for the Eyes"],"picked":"SKIP","floor":18},{"not_picked":["Fission","Compile Driver","Streamline"],"picked":"SKIP","floor":20}],"player_experience":1436283,"relics_obtained":[{"floor":7,"key":"Sundial"},{"floor":9,"key":"War Paint"}],"event_choices":[{"damage_healed":0,"gold_gain":0,"player_choice":"Got Potions","damage_taken":0,"max_hp_gain":0,"max_hp_loss":0,"event_name":"Lab","floor":2,"gold_loss":0},{"damage_healed":0,"gold_gain":0,"player_choice":"Ignored","damage_taken":0,"max_hp_gain":0,"max_hp_loss":0,"event_name":"Liars Game","floor":4,"gold_loss":0},{"damage_healed":0,"gold_gain":0,"player_choice":"Simplicity","damage_taken":0,"max_hp_gain":0,"max_hp_loss":0,"event_name":"Back to Basics","floor":19,"gold_loss":0,"cards_upgraded":["Strike_B","Strike_B","Strike_B","Strike_B","Defend_B","Defend_B","Defend_B"]}],"is_beta":false,"boss_relics":[{"not_picked":["Calling Bell","Empty Cage"],"picked":"Ectoplasm"}],"items_purged_floors":[],"is_endless":false,"potions_floor_spawned":[1,5,7,14,20],"killed_by":"Snecko","ascension_level":4}}