{"host":"68ryiucqar8jyfi2","time":1609435718,"event":{"mods":["2.2 Compatiblity","Act Like it!","Aspiration","BaseMod","Better Match","Better Note","Better Skull","Better Third Choice","CCEM","CapriCore","Curses Come First","Defuse TimeMaze Blight","Displayed Cursed Tome","Emptier Cage","Energized Spire","Friendly Minions","GifTheSpireLib","HexUI Lib","Hubris","Hyrulean Relics","Infinite Spire","Minty Spire (QoL Compilation)","Permanent Neow","RNG Fix","Replay The Spire","Robot Space Explorer","StSLib","Stuff the Spire","The Blue Laboratory","Trackpad","Transform Curses","Uncapped","Wandering Minibosses"],"gold_per_floor":[118,128,144,144,144,144,148,148,148,73,93,122,122,137,137,232,232,246,257,217,317,272,302,326,326,402,428,428,443,443,443,443,533,533,1308,1308,949,949,949,949,949],"floor_reached":40,"playtime":1103,"items_purged":["Regret","Strike_B"],"score":465,"play_id":"991b972f-2ad9-4ed1-b046-3faa8094d0cd","local_time":"20201231172838","daily_mods":["Vintage","Heirloom","Flight"],"is_ascension_mode":false,"campfire_choices":[{"data":"Zap","floor":6,"key":"SMITH"},{"data":"Dualcast","floor":8,"key":"SMITH"},{"floor":15,"key":"REST"},{"floor":25,"key":"REST"},{"data":"Beam Cell","floor":32,"key":"SMITH"}],"circlet_count":0,"master_deck":["Strike_B","Defend_B","Defend_B","Defend_B","Defend_B","Zap+1","Dualcast+1","Buffer+1","Beam Cell+1","Buffer"],"relics":["Cracked Core","StuffTheSpire:DarkSteelAnvil","Happy Flower","hubris:GlazedTorus","StuffTheSpire:Gunfinga","StuffTheSpire:RedRose","Odd Mushroom","zeldaRelics:CourageTriforce","hubris:FunFungus","trackpad:ByrdBGone","CCEMRelics:WarHorn","CCEMRelics:Pendulum","Solar Panel","zeldaRelics:WisdomTriforce","infinitespire:Lychee Nut","Inserter","wanderingMiniBosses:MasterThiefsPresence","StrikeDummy","HornCleat"],"acts_visited":["Exordium","TheCity","TheBeyond"],"potions_floor_usage":[7,16,16,16,27,40],"damage_taken":[{"damage":2,"enemies":"Small Slimes","floor":1,"turns":3},{"damage":6,"enemies":"Jaw Worm","floor":2,"turns":3},{"damage":1,"enemies":"Cultist","floor":3,"turns":3},{"damage":15,"enemies":"The Mushroom Lair","floor":7,"turns":5},{"damage":0,"enemies":"3 Louse","floor":11,"turns":3},{"damage":36,"enemies":"Gremlin Nob","floor":12,"turns":3},{"damage":2,"enemies":"Blue Slaver","floor":14,"turns":3},{"damage":10,"enemies":"Slime Boss","floor":16,"turns":7},{"damage":8,"enemies":"Chosen","floor":18,"turns":4},{"damage":7,"enemies":"3 Byrds","floor":19,"turns":2},{"damage":9,"enemies":"Snake Plant","floor":22,"turns":6},{"damage":30,"enemies":"Book of Stabbing","floor":23,"turns":5},{"damage":19,"enemies":"Slavers","floor":24,"turns":5},{"damage":14,"enemies":"Book of Stabbing","floor":27,"turns":5},{"damage":3,"enemies":"Snecko","floor":29,"turns":5},{"damage":40,"enemies":"Champ","floor":33,"turns":10},{"damage":59,"enemies":"3 Darklings","floor":35,"turns":6},{"damage":26,"enemies":"Nightmare","floor":40,"turns":6}],"seed_played":"-2860631582421584070","potions_obtained":[{"floor":2,"key":"Weak Potion"},{"floor":11,"key":"Energy Potion"},{"floor":12,"key":"Weak Potion"},{"floor":14,"key":"Block Potion"},{"floor":19,"key":"blueLaboratory:Moonshine"},{"floor":24,"key":"SpeedPotion"},{"floor":27,"key":"blueLaboratory:Moonshine"},{"floor":33,"key":"blueLaboratory:PhilterOfMotion"},{"floor":36,"key":"blueLaboratory:AbyssPotion"},{"floor":36,"key":"blueLaboratory:SystemWipe"},{"floor":36,"key":"AttackPotion"}],"is_trial":true,"path_per_floor":["M","M","M","?","?","R","?","R","T","$","M","E","?","M","R","B",null,"M","M","?","?","M","E","E","R","T","E","AVR","M","?","?","R","B",null,"M","?","$","?","?","NM"],"character_chosen":"DEFECT","items_purchased":["HornCleat"],"campfire_rested":2,"item_purchase_floors":[37],"current_hp_per_floor":[73,67,66,66,74,74,59,59,59,59,59,26,26,25,47,42,75,67,60,60,60,55,29,11,33,33,22,22,26,26,26,26,8,56,8,8,8,8,8,0,0],"gold":949,"neow_bonus":"","is_daily":false,"chose_seed":false,"campfire_upgraded":3,"win_rate":0.0,"timestamp":1609435718,"path_taken":["M","M","M","?","?","R","?","R","T","$","?","E","?","M","R","BOSS","M","M","?","?","M","E","E","R","T","E","AVR","M","?","?","R","BOSS","M","?","$","?","?","NM"],"items_purchased_type":["Relic"],"build_version":"2020-12-22","purchased_purges":2,"victory":false,"max_hp_per_floor":[75,75,75,75,75,75,75,75,75,75,75,75,75,75,75,75,75,75,75,75,75,75,75,75,75,75,75,75,56,56,56,56,56,56,56,56,56,56,56,56,56],"card_choices":[{"not_picked":["Go for the Eyes","Turbo","Rip and Tear"],"picked":"SKIP","floor":12},{"not_picked":["Electrodynamics","Reboot"],"picked":"Buffer","floor":16},{"not_picked":["Fusion","StuffTheSpire:LoadUp","BasicCrystalCard"],"picked":"SKIP","floor":23},{"not_picked":["Ball Lightning","Coolheaded+1","Stack"],"picked":"SKIP","floor":24},{"not_picked":["Steam","Gash","Scrape"],"picked":"SKIP","floor":27},{"not_picked":["hubris:DoWhile","StuffTheSpire:EventHorizon"],"picked":"Buffer","floor":33}],"player_experience":190365,"relics_obtained":[{"floor":1,"key":"Happy Flower"},{"floor":2,"key":"hubris:GlazedTorus"},{"floor":3,"key":"StuffTheSpire:Gunfinga"},{"floor":7,"key":"Odd Mushroom"},{"floor":9,"key":"zeldaRelics:CouragePiece"},{"floor":11,"key":"hubris:FunFungus"},{"floor":12,"key":"zeldaRelics:CouragePiece"},{"floor":14,"key":"trackpad:ByrdBGone"},{"floor":18,"key":"CCEMRelics:WarHorn"},{"floor":19,"key":"CCEMRelics:Pendulum"},{"floor":22,"key":"Solar Panel"},{"floor":23,"key":"zeldaRelics:CouragePiece"},{"floor":24,"key":"zeldaRelics:WisdomPiece"},{"floor":26,"key":"zeldaRelics:WisdomPiece"},{"floor":27,"key":"zeldaRelics:WisdomPiece"},{"floor":29,"key":"infinitespire:Lychee Nut"},{"floor":35,"key":"wanderingMiniBosses:MasterThiefsPresence"},{"floor":35,"key":"StrikeDummy"}],"event_choices":[{"damage_healed":0,"gold_gain":0,"player_choice":"Fought Mushrooms","damage_taken":0,"max_hp_gain":0,"max_hp_loss":0,"event_name":"Mushrooms","floor":7,"gold_loss":0},{"damage_healed":0,"gold_gain":0,"player_choice":"Ignored","damage_taken":0,"max_hp_gain":0,"max_hp_loss":0,"event_name":"Golden Wing","floor":13,"gold_loss":0},{"damage_healed":0,"gold_gain":0,"player_choice":"Upgrade","damage_taken":0,"max_hp_gain":0,"max_hp_loss":0,"event_name":"Designer","floor":20,"gold_loss":40,"cards_upgraded":["Buffer"]},{"damage_healed":0,"gold_gain":100,"player_choice":"Pray","damage_taken":0,"max_hp_gain":0,"max_hp_loss":0,"event_name":"Golden Shrine","floor":21,"gold_loss":0},{"cards_removed":["Strike_B"],"damage_healed":0,"gold_gain":0,"player_choice":"Offered Basic","damage_taken":0,"max_hp_gain":0,"max_hp_loss":0,"event_name":"Bonfire Elementals","floor":30,"gold_loss":0},{"damage_healed":0,"gold_gain":0,"player_choice":"Read","damage_taken":0,"max_hp_gain":0,"max_hp_loss":0,"event_name":"The Library","floor":31,"gold_loss":0,"cards_obtained":["Beam Cell"]},{"damage_healed":0,"gold_gain":0,"player_choice":"Got Potions","damage_taken":0,"max_hp_gain":0,"max_hp_loss":0,"event_name":"Lab","floor":36,"gold_loss":0},{"damage_healed":0,"gold_gain":0,"player_choice":"Ignored","damage_taken":0,"max_hp_gain":0,"max_hp_loss":0,"event_name":"betterNote:BetterNote","floor":38,"gold_loss":0,"cards_obtained":["RobotSpaceExplorer:Counterblock"]},{"cards_removed":["Strike_B"],"damage_healed":0,"gold_gain":0,"player_choice":"Purged","damage_taken":0,"max_hp_gain":0,"max_hp_loss":0,"event_name":"Purifier","floor":39,"gold_loss":0}],"is_beta":false,"boss_relics":[{"not_picked":["hubris:HollowSoul","CCEMRelics:GreenEgg","Tiny House"]},{"not_picked":["Nuclear Battery","aspiration:Stellarator"],"picked":"Inserter"}],"items_purged_floors":[10,37],"is_endless":false,"potions_floor_spawned":[2,11,12,14,19,24,27,33],"killed_by":"Nightmare","ascension_level":0}}