{"host":"71akxjf7cjo3bhmj","time":1609381611,"event":{"mods":["AchievementEnabler","BaseMod","Colored Powertips","Minty Spire (QoL Compilation)"],"gold_per_floor":[113,113,113,38,38,38,55,86,113,125,25,38,38,54,54,54,54],"floor_reached":16,"playtime":535,"items_purged":["Strike_R","Strike_R"],"score":125,"play_id":"c2d565cc-bb85-4761-b385-ade3de8b800c","local_time":"20201231032651","is_ascension_mode":false,"campfire_choices":[{"data":"Body Slam","floor":6,"key":"SMITH"},{"data":"Body Slam","floor":15,"key":"SMITH"}],"circlet_count":0,"master_deck":["Strike_R","Strike_R","Strike_R","Defend_R","Defend_R","Defend_R","Defend_R","Body Slam+1","Iron Wave","Body Slam+1","Iron Wave"],"relics":["Burning Blood","NeowsBlessing","White Beast Statue","Strawberry"],"acts_visited":["Exordium"],"potions_floor_usage":[16],"damage_taken":[{"damage":0,"enemies":"Jaw Worm","floor":1,"turns":1},{"damage":0,"enemies":"2 Louse","floor":7,"turns":1},{"damage":0,"enemies":"Lagavulin","floor":8,"turns":1},{"damage":1,"enemies":"Cultist","floor":10,"turns":4},{"damage":7,"enemies":"Blue Slaver","floor":12,"turns":4},{"damage":5,"enemies":"2 Fungi Beasts","floor":14,"turns":4},{"damage":96,"enemies":"Hexaghost","floor":16,"turns":16}],"seed_played":"-3481135541838174305","potions_obtained":[{"floor":1,"key":"EssenceOfSteel"},{"floor":7,"key":"SkillPotion"},{"floor":8,"key":"Ancient Potion"}],"is_trial":false,"path_per_floor":["M","?","T","$","?","R","M","E","T","M","$","M","?","M","R","B"],"character_chosen":"IRONCLAD","items_purchased":[],"campfire_rested":0,"item_purchase_floors":[],"current_hp_per_floor":[80,80,80,80,85,85,85,92,92,92,92,91,91,92,92,0,0],"gold":54,"neow_bonus":"THREE_ENEMY_KILL","is_daily":false,"chose_seed":false,"campfire_upgraded":2,"win_rate":0.0,"timestamp":1609381611,"path_taken":["M","?","?","$","?","R","M","E","T","M","?","M","?","M","R","BOSS"],"items_purchased_type":[],"build_version":"2020-12-22","purchased_purges":2,"victory":false,"max_hp_per_floor":[80,80,80,80,85,85,85,92,92,92,92,92,92,92,92,92,92],"card_choices":[{"not_picked":["Ghostly Armor","Havoc"],"picked":"Body Slam","floor":1},{"not_picked":["Thunderclap","Havoc","Clash"],"picked":"SKIP","floor":7},{"not_picked":["Cleave","Intimidate","Headbutt"],"picked":"SKIP","floor":8},{"not_picked":["Clash","Pommel Strike"],"picked":"Iron Wave","floor":10},{"not_picked":["Carnage","Corruption"],"picked":"Body Slam","floor":12},{"not_picked":["Flame Barrier","Combust"],"picked":"Iron Wave","floor":14}],"player_experience":122654,"relics_obtained":[{"floor":3,"key":"White Beast Statue"},{"floor":8,"key":"Strawberry"}],"event_choices":[{"cards_removed":["Bash"],"damage_healed":0,"gold_gain":0,"player_choice":"Forget","damage_taken":0,"max_hp_gain":0,"max_hp_loss":0,"event_name":"Living Wall","floor":2,"gold_loss":0},{"damage_healed":0,"gold_gain":0,"player_choice":"Donut","damage_taken":0,"max_hp_gain":5,"max_hp_loss":0,"event_name":"Big Fish","floor":5,"gold_loss":0},{"damage_healed":0,"gold_gain":0,"player_choice":"Ignored","damage_taken":0,"max_hp_gain":0,"max_hp_loss":0,"event_name":"NoteForYourself","floor":13,"gold_loss":0}],"is_beta":false,"boss_relics":[],"items_purged_floors":[4,11],"is_endless":false,"potions_floor_spawned":[1,7,8,10,12,14],"killed_by":"Hexaghost","ascension_level":0}}