{"host":"fv7sm2hdyueep16p","time":1609403796,"event":{"mods":["Act Like it!","BaseMod","Better Vampires","Gensokyo","Hermit","Marisa£®ÏF”Í°°ƒß¿Ì…≥£©","Minty Spire (QoL Compilation)","Remilia£®¿Ÿ√◊¿Ú—«£©","StSLib","The Hierophant","Youmu£®ªÍ∆«—˝√Œ£©"],"gold_per_floor":[363,363,363,313,325,325,356,368,448,448,459,477,493,138,138,138,138,154,169,169,169,183,183,108,125,148,148,148],"floor_reached":27,"playtime":1031,"items_purged":["Wrath_TH"],"score":215,"play_id":"00ebf1f6-8d97-4e36-80ba-aea0bca2494e","local_time":"20201231163636","is_ascension_mode":false,"campfire_choices":[{"floor":6.0,"key":"REST"},{"floor":10.0,"key":"REST"},{"floor":15.0,"key":"REST"}],"circlet_count":0,"master_deck":["Strike_MRS+1","Strike_MRS+1","Strike_MRS+1","Strike_MRS+1","Defend_MRS","Defend_MRS","Defend_MRS","Defend_MRS","MasterSpark+1","EarthLightRay","Gensokyo:MarisaTwilightSpark+1","Gensokyo:BlessingOfConstitution","DragonMeteor","Orbital","RefractionSpark","PropBag","PowerUp","MagicAbsorber","CasketOfStar+1","DC","GrandCross","Shame","IllusionStar","GalacticHalo+1","EndlessPower","EarthLightRay","Parasite","Parasite"],"relics":["MiniHakkero","Blood Vial","Bottled Lightning","SimpleLauncher","Chemical X","SacredBark","Girya","ShroomBag"],"acts_visited":["Gensokyo:Gensokyo","TheCity"],"potions_floor_usage":[27],"damage_taken":[{"damage":7.0,"enemies":"Gensokyo:Gryphon","floor":1.0,"turns":3.0},{"damage":7.0,"enemies":"Gensokyo:2_Kodama","floor":5.0,"turns":3.0},{"damage":39.0,"enemies":"Gensokyo:Aya","floor":7.0,"turns":6.0},{"damage":0.0,"enemies":"Gensokyo:3_Fairies","floor":8.0,"turns":3.0},{"damage":11.0,"enemies":"Gensokyo:Gryphon_and_Rabbit","floor":11.0,"turns":4.0},{"damage":17.0,"enemies":"Gensokyo:3_Kodama","floor":12.0,"turns":5.0},{"damage":11.0,"enemies":"Gensokyo:2_Rabbits","floor":13.0,"turns":3.0},{"damage":19.0,"enemies":"Gensokyo:Yukari","floor":16.0,"turns":6.0},{"damage":37,"enemies":"2 Thieves","floor":18,"turns":5},{"damage":22,"enemies":"Chosen","floor":19,"turns":5},{"damage":0,"enemies":"Snecko","floor":22,"turns":2},{"damage":27,"enemies":"Centurion and Healer","floor":25,"turns":5},{"damage":18,"enemies":"Snake Plant","floor":27,"turns":2}],"seed_played":"416946731498115644","potions_obtained":[{"floor":1.0,"key":"Energy Potion"},{"floor":7.0,"key":"Ancient Potion"},{"floor":11.0,"key":"Dexterity Potion"},{"floor":12.0,"key":"Dexterity Potion"},{"floor":13.0,"key":"BlessingOfTheForge"},{"floor":22,"key":"SteroidPotion"}],"is_trial":false,"path_per_floor":["M","?","?","?","M","R","?","M","T","R","M","M","M","COS","R","B",null,"M","M","?","?","M","?","$","M","T","M"],"character_chosen":"MARISA","items_purchased":[],"campfire_rested":3,"item_purchase_floors":[],"current_hp_per_floor":[47,25,25,25,22,44,9,15,15,37,32,25,20,20,42,37,75,38,22,22,22,28,28,28,7,7,0,0],"gold":148,"neow_bonus":"TWO_FIFTY_GOLD","is_daily":false,"chose_seed":false,"campfire_upgraded":0,"win_rate":0.0,"timestamp":1609403796,"path_taken":["M","?","?","?","?","R","?","M","T","R","M","M","M","COS","R","BOSS","M","M","?","?","?","?","$","M","T","M"],"items_purchased_type":[],"build_version":"2020-12-22","purchased_purges":1,"victory":false,"max_hp_per_floor":[75,75,75,75,75,75,75,75,75,75,75,75,75,75,75,75,75,75,75,75,75,75,75,75,75,75,75,75],"card_choices":[{"not_picked":["GasGiant","MilkyWay"],"picked":"EarthLightRay","floor":1.0},{"not_picked":["EventHorizon","ShootTheMoon"],"picked":"DragonMeteor","floor":5.0},{"not_picked":["BlazeAway","NonDirectionalLaser"],"picked":"Orbital","floor":7.0},{"not_picked":["WitchOfGreed","Acceleration"],"picked":"RefractionSpark","floor":8.0},{"not_picked":["StarlightTyphoon","Singularity"],"picked":"PropBag","floor":11.0},{"not_picked":["AsteroidBelt","EnergyRecoil"],"picked":"PowerUp","floor":12.0},{"not_picked":["MillisecondPulsars","ShootingEcho"],"picked":"MagicAbsorber","floor":13.0},{"not_picked":["AbsoluteMagnitude+1","FinalSpark+1"],"picked":"CasketOfStar+1","floor":16.0},{"not_picked":["ShootingEcho","EnergyFlow"],"picked":"DC","floor":18},{"not_picked":["ChargingUp","6A"],"picked":"GrandCross","floor":19},{"not_picked":["RefractionSpark","WitchLeyline"],"picked":"GalacticHalo+1","floor":22},{"not_picked":["MilkyWay","NonDirectionalLaser+1"],"picked":"EarthLightRay","floor":25}],"player_experience":145023,"relics_obtained":[{"floor":7.0,"key":"Blood Vial"},{"floor":9.0,"key":"Bottled Lightning"},{"floor":26,"key":"ShroomBag"}],"event_choices":[{"damage_healed":0,"gold_gain":0,"player_choice":"Stole Relic","damage_taken":0,"relics_obtained":["Girya"],"max_hp_gain":0,"max_hp_loss":0,"event_name":"Addict","floor":20,"gold_loss":0,"cards_obtained":["Shame"]},{"damage_healed":0,"gold_gain":0,"cards_transformed":["UpSweep"],"player_choice":"Transformed","damage_taken":0,"max_hp_gain":0,"max_hp_loss":0,"event_name":"Transmorgrifier","floor":21,"gold_loss":0,"cards_obtained":["IllusionStar"]}],"is_beta":false,"boss_relics":[{"not_picked":["SlaversCollar","Coffee Dripper"],"picked":"SacredBark"}],"items_purged_floors":[24],"is_endless":false,"potions_floor_spawned":[1,7,11,12,13,22],"killed_by":"Snake Plant","ascension_level":0}}