{"host":"dftyqn972q7tuon4","time":1609453782,"event":{"mods":["AchievementEnabler","BaseMod","Better Altar","Better Match","Better Note","Better Sensory Stone","Better Skull","Better Third Choice","Colored Powertips","Highlight Path","Minty Spire (QoL Compilation)","Permanent Neow","Quick Restart","StSLib"],"gold_per_floor":[114,129,129,144,69,69,84,84,109,124,124,124,124,139,139,239,239,254,4,19,19,19,19,49,79,79,79,179,194,119,134,134,234,234,249,249,124,139,139,169,169,199,199,229,279,279,294,309,309,309],"floor_reached":51,"playtime":4348,"items_purged":["Strike_B","Defend_B","Strike_B"],"score":838,"play_id":"944b145a-4850-404e-b747-d9f2089956e9","local_time":"20201231232942","daily_mods":["Heirloom","Time Dilation","Lethality"],"is_ascension_mode":false,"campfire_choices":[{"data":"Zap","floor":6.0,"key":"SMITH"},{"data":"Double Energy","floor":8,"key":"SMITH"},{"data":"Conserve Battery","floor":13,"key":"SMITH"},{"floor":15,"key":"REST"},{"floor":23,"key":"REST"},{"floor":27,"key":"REST"},{"data":"Buffer","floor":32,"key":"SMITH"},{"data":"Reprogram","floor":41,"key":"SMITH"},{"data":"Seek","floor":46,"key":"SMITH"},{"data":"Echo Form","floor":49,"key":"SMITH"}],"circlet_count":0,"master_deck":["Defend_B","Defend_B","Defend_B","Zap+1","Dualcast","Sweeping Beam","Go for the Eyes+1","Cold Snap","Double Energy+1","Conserve Battery+1","Melter","Core Surge","Leap","Beam Cell","Skim","Coolheaded+1","Reprogram+1","Buffer+1","Buffer","Fusion","Hologram","Echo Form+1","Conserve Battery+1","Seek+1","Reinforced Body","Compile Driver+1"],"relics":["Cracked Core","WingedGreaves","Oddly Smooth Stone","Cables","Black Star","Vajra","Bloody Idol","Blood Vial","Akabeko","Mummified Hand","Bag of Marbles","Mercury Hourglass","Singing Bowl","Dead Branch","Symbiotic Virus","Coffee Dripper","Lantern","Omamori","HornCleat","Turnip","Sundial","Strawberry","Orichalcum","Gambling Chip"],"acts_visited":["Exordium","TheCity","TheBeyond"],"potions_floor_usage":[16,18,24,33,44,50,50,50],"damage_taken":[{"damage":0.0,"enemies":"Cultist","floor":1.0,"turns":2.0},{"damage":8.0,"enemies":"2 Louse","floor":2.0,"turns":2.0},{"damage":9.0,"enemies":"Jaw Worm","floor":4.0,"turns":2.0},{"damage":18,"enemies":"Exordium Thugs","floor":7,"turns":3},{"damage":3,"enemies":"Blue Slaver","floor":10,"turns":2},{"damage":0,"enemies":"Exordium Wildlife","floor":14,"turns":2},{"damage":14,"enemies":"Hexaghost","floor":16,"turns":8},{"damage":6,"enemies":"3 Byrds","floor":18,"turns":3},{"damage":0,"enemies":"Spheric Guardian","floor":20,"turns":2},{"damage":10,"enemies":"Slavers","floor":24,"turns":4},{"damage":29,"enemies":"Book of Stabbing","floor":25,"turns":4},{"damage":9,"enemies":"Colosseum Slavers","floor":28,"turns":2},{"damage":4,"enemies":"Colosseum Nobs","floor":28,"turns":3},{"damage":0,"enemies":"Centurion and Healer","floor":29,"turns":2},{"damage":0,"enemies":"Cultist and Chosen","floor":31,"turns":3},{"damage":37,"enemies":"Automaton","floor":33,"turns":10},{"damage":0,"enemies":"3 Darklings","floor":35,"turns":2},{"damage":0,"enemies":"Orb Walker","floor":38,"turns":2},{"damage":0,"enemies":"Reptomancer","floor":40,"turns":4},{"damage":0,"enemies":"Giant Head","floor":42,"turns":7},{"damage":0,"enemies":"Reptomancer","floor":44,"turns":6},{"damage":0,"enemies":"Mind Bloom Boss Battle","floor":45,"turns":4},{"damage":0,"enemies":"Sphere and 2 Shapes","floor":47,"turns":5},{"damage":0,"enemies":"Writhing Mass","floor":48,"turns":5},{"damage":0,"enemies":"Donu and Deca","floor":50,"turns":7}],"seed_played":"-5051420239723459148","potions_obtained":[{"floor":1.0,"key":"FocusPotion"},{"floor":7,"key":"Fire Potion"},{"floor":14,"key":"BlessingOfTheForge"},{"floor":18,"key":"Ancient Potion"},{"floor":28,"key":"SteroidPotion"},{"floor":31,"key":"PotionOfCapacity"},{"floor":42,"key":"Ancient Potion"},{"floor":44,"key":"FearPotion"},{"floor":48,"key":"Energy Potion"}],"is_trial":false,"path_per_floor":["M","M","?","M","$","R","M","R","T","M","T","?","R","M","R","B",null,"M","$","M","?","$","R","E","E","T","R","?","M","?","M","R","B",null,"M","?","$","M","?","E","R","E","T","E","?","R","M","M","R","B",null],"character_chosen":"DEFECT","items_purchased":["Vajra"],"campfire_rested":3,"item_purchase_floors":[19],"current_hp_per_floor":[75,67,67,58,58,58,40,40,40,37,37,37,37,37,59,45,75,69,69,69,11,11,33,30,8,8,30,26,33,33,40,40,10,75,75,75,75,75,60,67,67,76,76,84,84,84,86,86,86,86],"gold":309,"neow_bonus":"","is_daily":true,"chose_seed":false,"campfire_upgraded":7,"win_rate":0.0,"timestamp":1609453782,"path_taken":["M","?","?","M","$","R","M","R","T","?","?","?","R","M","R","BOSS","M","?","M","?","$","R","E","E","T","R","?","?","?","M","R","BOSS","M","?","$","M","?","E","R","E","T","E","?","R","M","?","R","BOSS"],"items_purchased_type":["Relic"],"build_version":"2020-12-22","purchased_purges":3,"victory":true,"max_hp_per_floor":[75,75,75,75,75,75,75,75,75,75,75,75,75,75,75,75,75,75,75,75,75,75,75,75,75,75,75,75,75,75,75,75,75,75,75,75,75,75,75,75,75,77,77,84,84,84,86,86,86,86],"card_choices":[{"not_picked":["Skim","Turbo"],"picked":"Sweeping Beam","floor":1.0},{"not_picked":["Darkness","Aggregate"],"picked":"Go for the Eyes","floor":2.0},{"not_picked":["Undo","Auto Shields"],"picked":"Cold Snap","floor":4.0},{"not_picked":["Sweeping Beam","Hologram"],"picked":"Double Energy","floor":7},{"not_picked":["Stack","Chaos"],"picked":"Conserve Battery","floor":10},{"not_picked":["Rebound","Go for the Eyes"],"picked":"Melter","floor":14},{"not_picked":["Meteor Strike","Multi-Cast"],"picked":"Core Surge","floor":16},{"not_picked":["Go for the Eyes","Undo"],"picked":"Leap","floor":18},{"not_picked":["Cold Snap","Coolheaded"],"picked":"Beam Cell","floor":20},{"not_picked":["Turbo","Go for the Eyes+1"],"picked":"Skim","floor":24},{"not_picked":["Thunder Strike","Blizzard"],"picked":"Coolheaded+1","floor":25},{"not_picked":["Hologram+1","Go for the Eyes"],"picked":"Loop+1","floor":28},{"not_picked":["Beam Cell","Rebound"],"picked":"Reprogram","floor":29},{"not_picked":["Compile Driver+1","BootSequence"],"picked":"Buffer","floor":31},{"not_picked":["Thunder Strike","Reboot"],"picked":"Buffer","floor":33},{"not_picked":["Undo+1","Coolheaded"],"picked":"Fusion","floor":35},{"not_picked":["BootSequence","Auto Shields"],"picked":"Hologram","floor":38},{"not_picked":["Sweeping Beam","Tempest"],"picked":"Conserve Battery+1","floor":40},{"not_picked":["Redo","Heatsinks","Scrape"],"picked":"Singing Bowl","floor":42},{"not_picked":["Rebound+1","Ball Lightning+1"],"picked":"Seek","floor":44},{"not_picked":["Recycle+1","Double Energy"],"picked":"Reinforced Body","floor":45},{"not_picked":["Gash","BootSequence+1","Stack+1"],"picked":"Singing Bowl","floor":47},{"not_picked":["Streamline+1","Double Energy+1"],"picked":"Compile Driver+1","floor":48}],"player_experience":571801,"relics_obtained":[{"floor":9,"key":"Oddly Smooth Stone"},{"floor":11,"key":"Cables"},{"floor":24,"key":"Akabeko"},{"floor":24,"key":"Mummified Hand"},{"floor":25,"key":"Bag of Marbles"},{"floor":25,"key":"Mercury Hourglass"},{"floor":26,"key":"Singing Bowl"},{"floor":28,"key":"Dead Branch"},{"floor":28,"key":"Symbiotic Virus"},{"floor":40,"key":"Lantern"},{"floor":40,"key":"Omamori"},{"floor":42,"key":"HornCleat"},{"floor":42,"key":"Turnip"},{"floor":43,"key":"Sundial"},{"floor":44,"key":"Strawberry"},{"floor":44,"key":"Orichalcum"},{"floor":45,"key":"Gambling Chip"}],"event_choices":[{"damage_healed":0.0,"max_hp_gain":0.0,"max_hp_loss":0.0,"gold_gain":0.0,"event_name":"Upgrade Shrine","player_choice":"Upgraded","floor":3.0,"gold_loss":0.0,"damage_taken":0.0,"cards_upgraded":["Go for the Eyes"]},{"cards_removed":["Strike_B"],"damage_healed":0,"gold_gain":0,"player_choice":"Offered Basic","damage_taken":0,"max_hp_gain":0,"max_hp_loss":0,"event_name":"Bonfire Elementals","floor":12,"gold_loss":0},{"damage_healed":0,"gold_gain":0,"player_choice":" Idol Vial ","damage_taken":58,"relics_obtained":["Bloody Idol","Blood Vial"],"max_hp_gain":69,"max_hp_loss":11,"event_name":"betterAltar:BetterAltar","floor":21,"potions_obtained":[],"relics_lost":[],"gold_loss":0},{"damage_healed":0,"gold_gain":0,"player_choice":"Fight","damage_taken":0,"max_hp_gain":0,"max_hp_loss":0,"event_name":"Colosseum","floor":28,"gold_loss":0},{"damage_healed":0,"gold_gain":0,"player_choice":"Fought Nobs","damage_taken":0,"max_hp_gain":0,"max_hp_loss":0,"event_name":"Colosseum","floor":28,"gold_loss":0},{"cards_removed":["Strike_B"],"damage_healed":0,"gold_gain":0,"player_choice":"Gave Gold","damage_taken":0,"max_hp_gain":0,"max_hp_loss":0,"event_name":"Beggar","floor":30,"gold_loss":75},{"cards_removed":["Loop"],"damage_healed":0,"gold_gain":0,"player_choice":"Removed Power","damage_taken":0,"max_hp_gain":0,"max_hp_loss":0,"event_name":"Falling","floor":36,"gold_loss":0},{"damage_healed":0,"gold_gain":3,"player_choice":"2","damage_taken":0,"max_hp_gain":0,"max_hp_loss":15,"event_name":"betterStone:BetterStone","floor":39,"gold_loss":0},{"damage_healed":0,"gold_gain":0,"player_choice":"Fight","damage_taken":0,"max_hp_gain":0,"max_hp_loss":0,"event_name":"MindBloom","floor":45,"gold_loss":0}],"is_beta":false,"boss_relics":[{"not_picked":["Inserter","Sozu"],"picked":"Black Star"},{"not_picked":["FrozenCore","Empty Cage"],"picked":"Coffee Dripper"}],"items_purged_floors":[5,19,37],"is_endless":false,"potions_floor_spawned":[1,7,14,18,28,31,42,44,48],"ascension_level":0}}