{"host":"1wc1t0a2rk7esptd","time":1609421857,"event":{"mods":["ATMod(阿瑾Mod)","Act Like it!","Arknights The Spire","Aspiration","Bard","BaseMod","Downfall","Friendly Minions","FutureSeer","Gensokyo","Gremlin Mod","Hermit","KinomotoSakuraMod(木之本樱)","Kiyohime（清姬）","Koishi","LagranYue(拉格朗・月)","Lobotomy","Mari Mod (Legacy)","Mari\u0027s V1 Patch","Marisa（F雨　魔理沙）","Minty Spire (QoL Compilation)","Pale of the Ancients","Remilia_Scarlet Moed（蕾米莉亚・斯卡雷特）3.3.5","Replay The Spire","Robot Space Explorer","RumiaBox-露米娅的神秘盒子","SOS（斯巴达之子）","StSLib","The Administrix","The Alterego","The Animator","The Bladedancer","The Bug Knight","The Construct","The Cursed","The Gatherer","The Hierophant","The Marked","The Mystic","The Poker Player","The Runesmith","Yakumo Yukari mod","Youmu（魂魄妖梦）","Yuyuko","【功能Mod】混沌之环修复补丁","【功能Mod】聪明的最终Boss","【角色mod】十八桐人","【遗物卡牌】REMEMod"],"gold_per_floor":[118,135,135,150,161,161,289,300,300,300,630,630,650,668,668,668,668,763,763,776,816,816,832,715,715,829,829,856,856,856],"floor_reached":29,"playtime":2428,"items_purged":[],"score":235,"play_id":"a9741ca7-df03-47d5-a707-0287efe13092","local_time":"20201231213737","is_ascension_mode":false,"campfire_choices":[{"floor":6,"key":"REST"},{"floor":10,"key":"REST"},{"floor":12,"key":"REST"},{"floor":17,"key":"REST"},{"floor":25,"key":"REST"},{"floor":27,"key":"REST"}],"circlet_count":0,"master_deck":["hermit:Strike_Hermit+1","hermit:Strike_Hermit","hermit:Strike_Hermit","hermit:Strike_Hermit","hermit:Defend_Hermit","hermit:Defend_Hermit","hermit:Defend_Hermit","hermit:Defend_Hermit","hermit:Snapshot","hermit:Covet","alterego_mod:Palingenesis","hermit:EyeOfTheStorm","hermit:WideOpen","hermit:Desperado","hermit:Shortfuse","hermit:Midnight","hermit:Quickdraw","hermit:TrackingShot","hermit:Determination","hermit:Ricochet","hermit:Reprieve","hermit:Vantage","hermit:CalledShot","hermit:LowProfile+1","Enlightenment","hermit:Ricochet","hermit:Ricochet","hermit:HighCaliber+1"],"relics":["hermit:ClaspedLocket","AT_ATBox","REME_ComplimentaryCards","LagranYue:RandomDrawCardRelic","AT_TheCollector","ats:Originium","GodSword5","HollowMod:PaleOreRelic","hermit:RyeStalk","Pondfish Scales","Replay:Mystery Machine"],"acts_visited":["Exordium","TheCity"],"potions_floor_usage":[18,29,29,29],"damage_taken":[{"damage":1,"enemies":"Jaw Worm","floor":1,"turns":3},{"damage":1,"enemies":"Cultist","floor":2,"turns":3},{"damage":12,"enemies":"Small Slimes","floor":4,"turns":4},{"damage":13,"enemies":"Red Slaver","floor":5,"turns":3},{"damage":34,"enemies":"Gremlin Nob","floor":7,"turns":4},{"damage":13,"enemies":"2 Fungi Beasts","floor":8,"turns":3},{"damage":25,"enemies":"3 Sentries","floor":11,"turns":7},{"damage":0,"enemies":"3 Louse","floor":13,"turns":2},{"damage":3,"enemies":"Lots of Slimes","floor":14,"turns":3},{"damage":70,"enemies":"Fading Forest","floor":18,"turns":11},{"damage":10,"enemies":"2 Thieves","floor":20,"turns":4},{"damage":29,"enemies":"Shell Parasite","floor":23,"turns":7},{"damage":30,"enemies":"Sentry and Sphere","floor":26,"turns":5},{"damage":74,"enemies":"Slavers","floor":29,"turns":4}],"seed_played":"3746239494969991649","potions_obtained":[{"floor":2,"key":"hermit:Eclipse"},{"floor":7,"key":"EssenceOfSteel"},{"floor":13,"key":"Dexterity Potion"},{"floor":14,"key":"PowerPotion"},{"floor":18,"key":"SpeedPotion"},{"floor":22,"key":"Elixir"}],"is_trial":false,"path_per_floor":["M","M","?","M","M","R","E","M","T","R","E","R","M","M","PTL","PTL","R","B",null,"M","?","?","M","$","R","M","R","T","E"],"character_chosen":"HERMIT","items_purchased":["Enlightenment","hermit:Ricochet"],"campfire_rested":6,"item_purchase_floors":[24,24],"current_hp_per_floor":[74,73,73,61,48,70,36,23,23,50,25,52,52,49,49,49,75,17,75,65,65,65,36,36,63,33,60,60,0,0],"gold":856,"neow_bonus":"UPGRADE_CARD","is_daily":false,"chose_seed":false,"campfire_upgraded":0,"win_rate":0.0,"timestamp":1609421857,"path_taken":["M","M","?","?","M","R","E","M","T","R","E","R","M","M","PTL","PTL","R","BOSS","M","?","?","M","$","R","M","R","T","E"],"items_purchased_type":["Card","Card"],"build_version":"2020-12-22","purchased_purges":0,"victory":false,"max_hp_per_floor":[75,75,75,75,75,75,75,75,75,75,75,75,75,75,75,75,75,75,75,75,75,75,75,75,75,75,75,75,75,75],"card_choices":[{"not_picked":["hermit:LuckOfTheDraw","hermit:TakeAim"],"picked":"hermit:EyeOfTheStorm","floor":1},{"not_picked":["hermit:Ricochet","hermit:SprayPray"],"picked":"hermit:WideOpen","floor":2},{"not_picked":["hermit:PistolWhip","hermit:Roulette"],"picked":"hermit:Desperado","floor":4},{"not_picked":["hermit:LoneWolf","hermit:FullyLoaded"],"picked":"hermit:Shortfuse","floor":5},{"not_picked":["hermit:TakeAim","hermit:Ricochet"],"picked":"hermit:Midnight","floor":7},{"not_picked":["hermit:TakeAim","hermit:PistolWhip"],"picked":"hermit:Quickdraw","floor":8},{"not_picked":["hermit:WideOpen","hermit:Shortfuse"],"picked":"hermit:TrackingShot","floor":11},{"not_picked":["hermit:Roulette","hermit:HoleUp"],"picked":"hermit:Determination","floor":13},{"not_picked":["hermit:FullyLoaded","hermit:CursedWeapon"],"picked":"hermit:Ricochet","floor":14},{"not_picked":["hermit:Adapt","hermit:Magnum"],"picked":"hermit:Reprieve","floor":18},{"not_picked":["hermit:Desperado","hermit:Glare"],"picked":"hermit:Vantage","floor":20},{"not_picked":["hermit:WideOpen+1","hermit:HighCaliber"],"picked":"hermit:CalledShot","floor":21},{"not_picked":["hermit:FullyLoaded","hermit:ItchyTrigger"],"picked":"hermit:LowProfile+1","floor":23},{"not_picked":["hermit:Ricochet","hermit:ShadowCloak"],"picked":"hermit:HighCaliber+1","floor":26}],"player_experience":69756,"relics_obtained":[{"floor":7,"key":"ats:Originium"},{"floor":7,"key":"GodSword5"},{"floor":9,"key":"HollowMod:PaleOreRelic"},{"floor":11,"key":"ats:Originium"},{"floor":11,"key":"hermit:RyeStalk"},{"floor":21,"key":"Pondfish Scales"},{"floor":28,"key":"Replay:Mystery Machine"}],"event_choices":[{"damage_healed":0,"gold_gain":0,"player_choice":"Gave Potion","damage_taken":0,"relics_obtained":["AT_TheCollector"],"max_hp_gain":0,"max_hp_loss":0,"event_name":"WeMeetAgain","floor":3,"gold_loss":0},{"damage_healed":0,"gold_gain":0,"player_choice":"Got Potions","damage_taken":0,"max_hp_gain":0,"max_hp_loss":0,"event_name":"Lab","floor":22,"gold_loss":0}],"is_beta":false,"boss_relics":[{"not_picked":["ReplayTheSpireMod:DimensionalGlitch","Ectoplasm"],"picked":"hermit:ClaspedLocket"}],"items_purged_floors":[],"is_endless":false,"potions_floor_spawned":[2,7,13,14,18,23],"killed_by":"Slavers","ascension_level":0}}