{"host":"nkk8fh3pvuwuvqaz","time":1609389131,"event":{"mods":["Act Like it!","Bard","BaseMod","Downfall","Elementarium","GifTheSpireLib","Hermit","Jorbs\u0027s Wanderer Trilogy","Minty Spire (QoL Compilation)","Shade Mod","StSLib","The Druid","The Runesmith","TheArtist","TheBandit"],"gold_per_floor":[99,116,132,150,167,167,167,178,188,188,206,219,14,24,40,40,40,40],"floor_reached":16,"playtime":1112,"items_purged":[],"score":100,"play_id":"2d8bf3c4-1842-495a-9498-07e8d9cefcdc","local_time":"20201230233211","is_ascension_mode":false,"campfire_choices":[{"data":"champ:Taunt","floor":1,"key":"SMITH"},{"data":"champ:FalseCounter","floor":10,"key":"SMITH"}],"circlet_count":0,"master_deck":["champ:Strike","champ:Strike","champ:Strike","champ:Defend","champ:Defend","champ:Defend","champ:Defend","champ:Execute","champ:Taunt+1","champ:TornadoPunch","champ:Duel","champ:EnGarde","champ:DancingMaster","champ:FalseCounter+1","champ:FocusedBerserking","champ:BerserkersShout","champ:ShieldThrow","champ:ShieldWall","champ:FalseCounter","champ:CrookedStrike","champ:SkillfulDodge","champ:DefensiveStyle"],"relics":["champ:ChampionCrown","Torii"],"acts_visited":["Exordium"],"potions_floor_usage":[14],"damage_taken":[{"damage":6,"enemies":"Small Slimes","floor":2,"turns":3},{"damage":5,"enemies":"Jaw Worm","floor":3,"turns":5},{"damage":0,"enemies":"2 Louse","floor":4,"turns":2},{"damage":4,"enemies":"Blue Slaver","floor":5,"turns":3},{"damage":2,"enemies":"Exordium Wildlife","floor":8,"turns":4},{"damage":2,"enemies":"Red Slaver","floor":9,"turns":4},{"damage":7,"enemies":"Blue Slaver","floor":11,"turns":3},{"damage":7,"enemies":"Gremlin Gang","floor":12,"turns":4},{"damage":13,"enemies":"downfall:FleeingMerchant","floor":13,"turns":4},{"damage":21,"enemies":"Exordium Thugs","floor":14,"turns":6},{"damage":34,"enemies":"Large Slime","floor":15,"turns":9},{"damage":46,"enemies":"downfall:Defect","floor":16,"turns":6}],"seed_played":"-819327823841115240","potions_obtained":[{"floor":5,"key":"Fruit Juice"},{"floor":9,"key":"sneckomod:MuddlingPotion"},{"floor":11,"key":"BlessingOfTheForge"}],"is_trial":false,"path_per_floor":["R","M","M","M","M","?","T","M","M","R","M","M","$","M","M","B"],"character_chosen":"THE_CHAMP","items_purchased":["champ:ShieldWall","champ:FalseCounter","champ:CrookedStrike"],"campfire_rested":0,"item_purchase_floors":[13,13,13],"current_hp_per_floor":[99,98,93,93,89,89,89,87,85,85,78,76,76,65,42,0,0,0],"gold":40,"neow_bonus":"TEN_PERCENT_HP_BONUS","is_daily":false,"chose_seed":false,"campfire_upgraded":2,"win_rate":0.0,"timestamp":1609389131,"path_taken":["R","M","M","M","M","?","T","M","M","R","M","M","$","M","M","BOSS"],"items_purchased_type":["Card","Card","Card"],"build_version":"2020-12-22","purchased_purges":0,"victory":false,"max_hp_per_floor":[99,99,99,99,99,99,99,99,99,99,99,99,99,104,104,104,104,104],"card_choices":[{"not_picked":["champ:StanceDance","champ:GladiatorsShout"],"picked":"champ:TornadoPunch","floor":2},{"not_picked":["champ:BringItOn","champ:FanOfKnives"],"picked":"champ:Duel","floor":3},{"not_picked":["champ:BringItOn","champ:FocusedDefense"],"picked":"champ:EnGarde","floor":4},{"not_picked":["champ:Shatter","champ:FanOfKnives","champ:FightOn"],"picked":"SKIP","floor":5},{"not_picked":["champ:CalledShot","champ:CrookedStrike"],"picked":"champ:DancingMaster","floor":8},{"not_picked":["champ:DefensiveShout","champ:TornadoPunch"],"picked":"champ:FalseCounter","floor":9},{"not_picked":["champ:FightOn","champ:BladeFlurry"],"picked":"champ:FocusedBerserking","floor":11},{"not_picked":["champ:Duel","champ:TornadoPunch"],"picked":"champ:BerserkersShout","floor":12},{"not_picked":["champ:Haymaker","champ:ViciousMockery"],"picked":"champ:ShieldThrow","floor":13},{"not_picked":["champ:GladiatorsShout","champ:EnragedBash"],"picked":"champ:SkillfulDodge","floor":14},{"not_picked":["champ:FlashCut","champ:BladeFlurry"],"picked":"champ:DefensiveStyle","floor":15}],"player_experience":932868,"relics_obtained":[{"floor":7,"key":"Torii"}],"event_choices":[{"cards_removed":["champ:Strike"],"damage_healed":0,"gold_gain":0,"player_choice":"Card Removal","damage_taken":0,"max_hp_gain":0,"max_hp_loss":0,"event_name":"The Cleric","floor":6,"gold_loss":0}],"is_beta":false,"boss_relics":[],"items_purged_floors":[],"is_endless":false,"potions_floor_spawned":[5,9,11,12],"killed_by":"downfall:Defect","ascension_level":0}}