{"host":"ek3xvuouaw6vk9if","time":1609389707,"event":{"mods":["BaseMod","BetterRewards","Downfall","Minty Spire (QoL Compilation)","Permanent Neow","Quick Restart","Replay The Spire","StSLib"],"gold_per_floor":[99,111,211,222,240,240,240,273,298,312,312,312],"floor_reached":10,"playtime":582,"items_purged":[],"score":78,"play_id":"4137c8cb-8c57-4d67-a5bc-02cbedfcfae2","local_time":"20201230234147","is_ascension_mode":true,"campfire_choices":[{"data":"Chrysalis","floor":1,"key":"SMITH"}],"circlet_count":0,"master_deck":["champ:Strike","champ:Strike","champ:Strike","champ:Strike","champ:Defend","champ:Defend","champ:Defend","champ:Execute","champ:Taunt","Spreading Infection","Chrysalis+1","champ:FanOfKnives","champ:RageSigil","champ:PerfectedStrike","champ:CrownThrow","champ:BringItOn","champ:GladiatorsShout"],"relics":["champ:ChampionCrown","Replay:Kaleidoscope","Replay:Bandana"],"acts_visited":["Exordium"],"potions_floor_usage":[],"damage_taken":[{"damage":14,"enemies":"2 Louse","floor":2,"turns":4},{"damage":9,"enemies":"Jaw Worm","floor":4,"turns":3},{"damage":7,"enemies":"Cultist","floor":5,"turns":4},{"damage":53,"enemies":"Lagavulin","floor":8,"turns":7},{"damage":23,"enemies":"3 Louse","floor":9,"turns":4},{"damage":27,"enemies":"3 Sentries","floor":10,"turns":4}],"seed_played":"-3637092378762855022","potions_obtained":[{"floor":2,"key":"champ:CounterPotion"},{"floor":9,"key":"Reflective Coating"}],"is_trial":false,"path_per_floor":["R","M","?","M","M","?","T","E","M","E"],"character_chosen":"THE_CHAMP","items_purchased":[],"campfire_rested":0,"item_purchase_floors":[],"current_hp_per_floor":[90,81,81,77,75,75,75,41,18,0,0,0],"gold":312,"neow_bonus":"RANDOM_COLORLESS_2","is_daily":false,"chose_seed":false,"campfire_upgraded":1,"win_rate":0.0,"timestamp":1609389707,"path_taken":["R","M","?","M","M","?","T","E","M","E"],"items_purchased_type":[],"build_version":"2020-12-22","purchased_purges":0,"victory":false,"max_hp_per_floor":[90,90,90,90,90,90,90,90,90,90,90,90],"card_choices":[{"not_picked":["Thinking Ahead","Transmutation"],"picked":"Chrysalis","floor":0},{"not_picked":["champ:GutPunch","champ:FlashCut"],"picked":"champ:FanOfKnives","floor":2},{"not_picked":["champ:FlashCut","champ:Circumvent"],"picked":"champ:RageSigil","floor":4},{"not_picked":["champ:CrookedStrike","champ:BringItOn"],"picked":"champ:PerfectedStrike","floor":5},{"not_picked":["champ:EnchantSword","champ:ShieldSigil"],"picked":"champ:BringItOn","floor":8},{"not_picked":["champ:Lariat","champ:BringItOn"],"picked":"champ:GladiatorsShout","floor":9}],"player_experience":722940,"relics_obtained":[{"floor":7,"key":"Replay:Kaleidoscope"},{"floor":8,"key":"Replay:Bandana"}],"event_choices":[{"damage_healed":0,"gold_gain":0,"cards_transformed":["champ:Defend"],"player_choice":"Transformed","damage_taken":0,"max_hp_gain":0,"max_hp_loss":0,"event_name":"Transmorgrifier","floor":6,"gold_loss":0,"cards_obtained":["champ:CrownThrow"]}],"is_beta":false,"boss_relics":[],"items_purged_floors":[],"is_endless":false,"potions_floor_spawned":[2,9],"killed_by":"3 Sentries","ascension_level":3}}