{"host":"dftyqn972q7tuon4","time":1609383370,"event":{"mods":["AchievementEnabler","BaseMod","Better Altar","Better Match","Better Note","Better Sensory Stone","Better Skull","Better Third Choice","Colored Powertips","Highlight Path","Minty Spire (QoL Compilation)","Permanent Neow","Quick Restart","StSLib"],"gold_per_floor":[218,218,231,131,144,175,350,350,350,360,379,379,406,424,424,527,527,542,145,164,180,180,215,215,228,228,228,258,32,42,52,52,155,155,173,63,79,89,89,117,129,171,183,215,227,239,239],"floor_reached":46,"playtime":4275,"items_purged":["Defend_P","Strike_P","Strike_P","Strike_P"],"score":547,"play_id":"b48982ad-26cf-4e9c-b312-69a9b1bfe24f","local_time":"20201231035610","is_ascension_mode":false,"campfire_choices":[{"data":"Eruption","floor":8.0,"key":"SMITH"},{"floor":12.0,"key":"REST"},{"floor":15.0,"key":"RECALL"},{"data":"FlurryOfBlows","floor":24.0,"key":"SMITH"},{"floor":32.0,"key":"REST"},{"floor":41.0,"key":"REST"}],"circlet_count":0,"master_deck":["Strike_P","Defend_P","Defend_P","Defend_P","Eruption+1","Vigilance+1","Tantrum","Doom and Gloom+1","DeceiveReality+1","EmptyBody+1","Vengeance+1","Pray+1","DeceiveReality+1","FearNoEvil","WaveOfTheHand+1","LessonLearned","EmptyFist+1","FlurryOfBlows+1","WindmillStrike","ThirdEye+1","Wallop+1","Alpha+1","Apotheosis+1","ClearTheMind+1","MentalFortress+1","DevaForm","EmptyBody+1","InnerPeace+1","ReachHeaven+1","Madness+1","Madness+1","Enlightenment+1","HandOfGreed"],"relics":["PureWater","Toxic Egg 2","Potion Belt","Ornamental Fan","Odd Mushroom","VioletLotus","Blood Vial","Akabeko","Smiling Mask","The Courier","Pear","Busted Crown","MawBank","Du-Vu Doll"],"acts_visited":["Exordium","TheCity","TheBeyond"],"potions_floor_usage":[46],"damage_taken":[{"damage":0.0,"enemies":"Jaw Worm","floor":1.0,"turns":2.0},{"damage":0.0,"enemies":"Small Slimes","floor":3.0,"turns":2.0},{"damage":0.0,"enemies":"2 Louse","floor":5.0,"turns":2.0},{"damage":8.0,"enemies":"Gremlin Nob","floor":6.0,"turns":3.0},{"damage":2.0,"enemies":"Large Slime","floor":10.0,"turns":3.0},{"damage":3.0,"enemies":"Red Slaver","floor":11.0,"turns":2.0},{"damage":0.0,"enemies":"The Mushroom Lair","floor":13.0,"turns":2.0},{"damage":6.0,"enemies":"Exordium Thugs","floor":14.0,"turns":5.0},{"damage":2.0,"enemies":"The Guardian","floor":16.0,"turns":11.0},{"damage":0.0,"enemies":"Spheric Guardian","floor":18.0,"turns":3.0},{"damage":2.0,"enemies":"Chosen","floor":20.0,"turns":5.0},{"damage":9.0,"enemies":"Snake Plant","floor":21.0,"turns":5.0},{"damage":10.0,"enemies":"Gremlin Leader","floor":23.0,"turns":6.0},{"damage":19.0,"enemies":"3 Cultists","floor":25.0,"turns":7.0},{"damage":7.0,"enemies":"Slavers","floor":28.0,"turns":6.0},{"damage":6.0,"enemies":"Centurion and Healer","floor":30.0,"turns":7.0},{"damage":5.0,"enemies":"Snake Plant","floor":31.0,"turns":3.0},{"damage":26.0,"enemies":"Automaton","floor":33.0,"turns":7.0},{"damage":0.0,"enemies":"3 Shapes","floor":35.0,"turns":6.0},{"damage":0.0,"enemies":"Orb Walker","floor":37.0,"turns":3.0},{"damage":17.0,"enemies":"Transient","floor":38.0,"turns":5.0},{"damage":28.0,"enemies":"Reptomancer","floor":40.0,"turns":7.0},{"damage":28.0,"enemies":"Giant Head","floor":42.0,"turns":7.0},{"damage":15.0,"enemies":"Maw","floor":44.0,"turns":7.0},{"damage":0,"enemies":"Jaw Worm Horde","floor":46,"turns":1}],"seed_played":"-6094985137899758555","potions_obtained":[{"floor":1.0,"key":"GamblersBrew"},{"floor":5.0,"key":"Weak Potion"},{"floor":10.0,"key":"Swift Potion"},{"floor":14.0,"key":"LiquidMemories"},{"floor":21.0,"key":"SpeedPotion"},{"floor":25.0,"key":"SteroidPotion"},{"floor":28.0,"key":"Explosive Potion"},{"floor":35.0,"key":"Fruit Juice"},{"floor":42.0,"key":"BlessingOfTheForge"}],"is_trial":false,"path_per_floor":["M","?","M","$","M","E","?","R","T","M","M","R","?","M","R","B",null,"M","$","M","M","?","E","R","M","T","?","E","$","M","M","R","B",null,"M","$","M","M","?","E","R","E","T","M","?","M"],"character_chosen":"WATCHER","items_purchased":["EmptyBody+1","Blood Vial","Akabeko","Apotheosis+1","ClearTheMind+1","InnerPeace+1"],"campfire_rested":3,"item_purchase_floors":[4,19,19,29,29,36],"current_hp_per_floor":[72,49,49,49,49,41,41,41,41,39,36,57,57,51,51,49,72,72,72,70,63,63,55,55,38,38,38,43,43,39,36,60,36,82,82,82,82,65,55,29,53,27,27,14,14,21,21],"gold":239,"neow_bonus":"HUNDRED_GOLD","is_daily":false,"chose_seed":false,"campfire_upgraded":2,"win_rate":0.0,"timestamp":1609383370,"path_taken":["M","?","M","$","M","E","?","R","T","M","M","R","?","M","R","BOSS","M","$","M","M","?","E","R","M","T","?","E","$","M","?","R","BOSS","M","$","M","M","?","E","R","E","T","M","?","M"],"items_purchased_type":["Card","Relic","Relic","Card","Card","Card"],"build_version":"2020-12-22","purchased_purges":4,"victory":false,"max_hp_per_floor":[72,72,72,72,72,72,72,72,72,72,72,72,72,72,72,72,72,72,72,72,72,72,72,72,72,72,72,82,82,82,82,82,82,82,82,82,82,82,82,82,82,82,82,82,82,87,87],"card_choices":[{"not_picked":["Consecrate","ForeignInfluence"],"picked":"Tantrum","floor":1.0},{"not_picked":["ReachHeaven","PathToVictory+1"],"picked":"DeceiveReality+1","floor":3.0},{"not_picked":["WheelKick","EmptyFist"],"picked":"Vengeance+1","floor":5.0},{"not_picked":["Vengeance+1","FollowUp","WheelKick"],"picked":"SKIP","floor":6.0},{"not_picked":["Crescendo+1","Adaptation"],"picked":"Pray+1","floor":10.0},{"not_picked":["Protect+1","JustLucky"],"picked":"DeceiveReality+1","floor":11.0},{"not_picked":["Protect+1","ClearTheMind+1"],"picked":"FearNoEvil","floor":13.0},{"not_picked":["FlyingSleeves","Swivel+1"],"picked":"WaveOfTheHand+1","floor":14.0},{"not_picked":["Omniscience+1","Ragnarok"],"picked":"LessonLearned","floor":16.0},{"not_picked":["BattleHymn","Adaptation"],"picked":"EmptyFist+1","floor":18.0},{"not_picked":["ThirdEye+1","Protect+1"],"picked":"FlurryOfBlows","floor":20.0},{"not_picked":["ThirdEye+1","SignatureMove"],"picked":"WindmillStrike","floor":21.0},{"not_picked":["WheelKick+1","WaveOfTheHand+1"],"picked":"ThirdEye+1","floor":23.0},{"not_picked":["Collect+1","Prostrate+1"],"picked":"Wallop+1","floor":25.0},{"not_picked":["WheelKick","SashWhip+1"],"picked":"Alpha+1","floor":28.0},{"not_picked":["Swivel+1","Protect+1","Consecrate"],"picked":"SKIP","floor":30.0},{"not_picked":["CutThroughFate","Consecrate"],"picked":"MentalFortress","floor":31.0},{"not_picked":["Vault+1","Alpha+1"],"picked":"DevaForm","floor":33.0},{"not_picked":[],"picked":"EmptyBody+1","floor":35.0},{"not_picked":[],"picked":"ReachHeaven+1","floor":37.0},{"not_picked":["DeceiveReality+1"],"picked":"SKIP","floor":38.0},{"not_picked":["FollowUp"],"picked":"SKIP","floor":40.0},{"not_picked":["Vengeance+1"],"picked":"SKIP","floor":42.0},{"not_picked":["Prostrate+1"],"picked":"SKIP","floor":44.0},{"not_picked":[],"picked":"Enlightenment+1","floor":45.0},{"not_picked":[],"picked":"HandOfGreed","floor":45.0}],"player_experience":567526,"relics_obtained":[{"floor":6.0,"key":"Potion Belt"},{"floor":9.0,"key":"Ornamental Fan"},{"floor":13.0,"key":"Odd Mushroom"},{"floor":23.0,"key":"Smiling Mask"},{"floor":26.0,"key":"The Courier"},{"floor":28.0,"key":"Pear"},{"floor":40.0,"key":"MawBank"},{"floor":42.0,"key":"Du-Vu Doll"}],"event_choices":[{"damage_healed":0.0,"max_hp_gain":0.0,"max_hp_loss":0.0,"gold_gain":175.0,"event_name":"betterThird:BetterSerpent","player_choice":"AGREE","floor":7.0,"gold_loss":0.0,"damage_taken":175.0},{"damage_healed":0.0,"max_hp_gain":0.0,"max_hp_loss":0.0,"gold_gain":0.0,"event_name":"Mushrooms","player_choice":"Fought Mushrooms","floor":13.0,"gold_loss":0.0,"damage_taken":0.0},{"cards_removed":["Doom and Gloom"],"damage_healed":0.0,"max_hp_gain":0.0,"max_hp_loss":0.0,"gold_gain":0.0,"event_name":"betterNote:BetterNote","player_choice":"Give","floor":22.0,"gold_loss":0.0,"damage_taken":0.0,"cards_obtained":["Strike_B"]},{"cards_removed":["Doubt"],"damage_healed":0.0,"max_hp_gain":0.0,"max_hp_loss":0.0,"gold_gain":0.0,"event_name":"Purifier","player_choice":"Purged","floor":27.0,"gold_loss":0.0,"damage_taken":0.0},{"damage_healed":0.0,"max_hp_gain":0.0,"max_hp_loss":0.0,"gold_gain":0.0,"event_name":"Winding Halls","player_choice":"Embrace Madness","floor":39.0,"gold_loss":0.0,"damage_taken":10.0,"cards_obtained":["Madness","Madness"]},{"damage_healed":0.0,"max_hp_gain":0.0,"max_hp_loss":0.0,"gold_gain":3.0,"event_name":"betterStone:BetterStone","player_choice":"1","floor":45.0,"gold_loss":0.0,"damage_taken":0.0}],"is_beta":false,"boss_relics":[{"not_picked":["SacredBark","Philosopher\u0027s Stone"],"picked":"VioletLotus"},{"not_picked":["Velvet Choker","Runic Dome"],"picked":"Busted Crown"}],"items_purged_floors":[4,19,29,36],"is_endless":false,"potions_floor_spawned":[1,5,10,14,21,25,28,35,42],"killed_by":"Jaw Worm Horde","ascension_level":0}}