{"host":"wcdwdpnxbe04tinu","time":1609444361,"event":{"mods":["Aspiration","BaseMod","Downfall","Minty Spire (QoL Compilation)","Relic Sorter","StSLib"],"gold_per_floor":[99,114,127,141,159,193,231,343,355,292,335,367,379,401,430,544,556,568,595,607,604,616,654,666,588,513,513,438,471,471,500,519,616,616,616,629,640,659,592,592,592,592,621,102,157,176,196,211,226,226,226,257,132,132,132],"floor_reached":56,"playtime":4120,"items_purged":["champ:Execute","champ:Strike","champ:Strike"],"score":1296,"play_id":"79e1ff1f-b960-43c5-9461-53da7e6f9519","local_time":"20201231135241","is_ascension_mode":true,"campfire_choices":[{"data":"champ:Taunt","floor":1.0,"key":"SMITH"},{"floor":10.0,"key":"REST"},{"data":"champ:BladeFlurry","floor":13.0,"key":"SMITH"},{"data":"champ:FocusedGladiator","floor":18.0,"key":"SMITH"},{"floor":26.0,"key":"RECALL"},{"data":"champ:RisingSlash","floor":28.0,"key":"SMITH"},{"data":"champ:CrownThrow","floor":30.0,"key":"SMITH"},{"data":"champ:Improvising","floor":35.0,"key":"SMITH"},{"data":"champ:RisingSlash","floor":40.0,"key":"SMITH"},{"data":"champ:RageSigil","floor":54,"key":"SMITH"}],"circlet_count":0,"master_deck":["champ:Defend","champ:Defend","champ:Defend","champ:Defend","champ:Taunt+1","champ:CrownThrow+1","champ:VampiricStrike+1","champ:RisingSlash+1","champ:RisingSlash+1","champ:BladeFlurry+1","champ:FocusedGladiator+1","champ:ShieldWall+1","champ:PreciseThrust+1","champ:Improvising+1","champ:RageSigil+1","champ:EnchantSword","champ:EnchantSword","champ:RapidStrikes+1"],"relics":["champ:ChampionCrown","MawBank","Vajra","CloakClasp","downfall:HeartBlessingGreen","Sundial","Sozu","MutagenicStrength","Ancient Tea Set","downfall:HeartBlessingBlue","downfall:HeartBlessingRed","Prayer Wheel","Mercury Hourglass","Coffee Dripper","Lizard Tail","champ:SpectersHand","Potion Belt","Shuriken","Blue Candle","Guardian:GemstoneGun","Du-Vu Doll"],"acts_visited":["TheCity","TheBeyond","TheEnding"],"potions_floor_usage":[],"damage_taken":[{"damage":10.0,"enemies":"Cultist","floor":2.0,"turns":5.0},{"damage":5.0,"enemies":"2 Louse","floor":3.0,"turns":2.0},{"damage":11.0,"enemies":"Jaw Worm","floor":4.0,"turns":4.0},{"damage":19.0,"enemies":"Gremlin Gang","floor":5.0,"turns":6.0},{"damage":26.0,"enemies":"Gremlin Nob","floor":6.0,"turns":4.0},{"damage":41.0,"enemies":"Gremlin Nob","floor":8.0,"turns":9.0},{"damage":10.0,"enemies":"3 Sentries","floor":11.0,"turns":9.0},{"damage":5.0,"enemies":"Large Slime","floor":12.0,"turns":4.0},{"damage":11.0,"enemies":"Blue Slaver","floor":14.0,"turns":3.0},{"damage":13.0,"enemies":"3 Louse","floor":15.0,"turns":4.0},{"damage":46.0,"enemies":"downfall:Ironclad","floor":16.0,"turns":11.0},{"damage":1.0,"enemies":"Chosen","floor":19.0,"turns":2.0},{"damage":10.0,"enemies":"downfall:FleeingMerchant","floor":21.0,"turns":4.0},{"damage":28.0,"enemies":"Slavers","floor":23.0,"turns":5.0},{"damage":7.0,"enemies":"downfall:FleeingMerchant","floor":25.0,"turns":4.0},{"damage":0.0,"enemies":"Gremlin Leader","floor":29.0,"turns":6.0},{"damage":24.0,"enemies":"Slavers","floor":31.0,"turns":4.0},{"damage":0.0,"enemies":"Snecko","floor":32.0,"turns":2.0},{"damage":6.0,"enemies":"downfall:Watcher","floor":33.0,"turns":6.0},{"damage":9.0,"enemies":"3 Darklings","floor":36.0,"turns":4.0},{"damage":0.0,"enemies":"Orb Walker","floor":37.0,"turns":2.0},{"damage":1.0,"enemies":"4 Shapes","floor":38.0,"turns":2.0},{"damage":0.0,"enemies":"downfall:FleeingMerchant","floor":39.0,"turns":2.0},{"damage":33.0,"enemies":"Nemesis","floor":43.0,"turns":5.0},{"damage":10.0,"enemies":"2 Orb Walkers","floor":45.0,"turns":3.0},{"damage":1.0,"enemies":"Spire Growth","floor":46.0,"turns":3.0},{"damage":0,"enemies":"Maw","floor":47,"turns":2},{"damage":6,"enemies":"Transient","floor":48,"turns":5},{"damage":15,"enemies":"3 Darklings","floor":49,"turns":4},{"damage":27,"enemies":"downfall:Defect","floor":50,"turns":4},{"damage":27,"enemies":"downfall:CharBossMerchant","floor":52,"turns":4},{"damage":41,"enemies":"downfall:NeowBoss","floor":55,"turns":11}],"seed_played":"5769251011650796238","potions_obtained":[{"floor":2.0,"key":"LiquidMemories"},{"floor":8.0,"key":"champ:OpenerPotion"},{"floor":11.0,"key":"Dexterity Potion"},{"floor":12.0,"key":"Guardian:BlockOnCardUsePotion"}],"is_trial":false,"path_per_floor":["R","M","M","M","M","E","T","?","?","R","E","M","R","M","M","B",null,"R","M","?","$","?","E","T","$","R","?","R","E","R","E","M","B",null,"R","M","M","M","?","R","T","?","E","$","?","M","M","M","M","B",null,"E","$","R","B",null],"character_chosen":"THE_CHAMP","items_purchased":["Lizard Tail","Shuriken","Blue Candle"],"campfire_rested":1,"item_purchase_floors":[39,44,44],"current_hp_per_floor":[81,81,81,75,78,57,57,31,31,55,57,59,59,53,45,15,81,81,80,80,80,80,64,64,62,72,72,72,84,84,74,87,81,91,91,82,82,81,81,81,81,81,58,58,48,67,67,77,62,35,91,64,64,64,41],"gold":132,"neow_bonus":"TRANSFORM_TWO_CARDS","is_daily":false,"chose_seed":false,"campfire_upgraded":8,"win_rate":0.0,"timestamp":1609444361,"path_taken":["R","M","M","M","M","E","T","?","?","R","E","M","R","M","M","BOSS","R","M","?","$","?","E","T","?","R","?","R","E","R","E","M","BOSS","R","M","M","?","?","R","T","?","E","$","?","M","M","M","M","BOSS","E","$","R","BOSS"],"items_purchased_type":["Relic","Relic","Relic"],"build_version":"2020-12-22","purchased_purges":3,"victory":true,"max_hp_per_floor":[81,81,81,81,81,81,81,81,81,81,81,81,81,81,81,81,81,81,81,81,81,81,81,81,81,91,91,91,91,91,91,91,91,91,91,91,91,91,91,91,91,91,91,91,91,91,91,91,91,91,91,91,91,91,91],"card_choices":[{"not_picked":["champ:GladiatorsShout","champ:AdrenalArmor","champ:ShieldSigil"],"picked":"SKIP","floor":2.0},{"not_picked":["champ:BringItOn","champ:SkillfulDodge","champ:TornadoPunch"],"picked":"SKIP","floor":3.0},{"not_picked":["champ:DefensiveStyle","champ:Backstep","champ:AdrenalArmor"],"picked":"SKIP","floor":4.0},{"not_picked":["champ:GladiatorStyle","champ:StanceDance"],"picked":"champ:RisingSlash","floor":5.0},{"not_picked":["champ:Haymaker","champ:AdrenalArmor"],"picked":"champ:RisingSlash","floor":6.0},{"not_picked":["champ:Haymaker","champ:RecklessLeap","champ:EnGarde"],"picked":"SKIP","floor":11.0},{"not_picked":["champ:EnchantSword","champ:FightOn"],"picked":"champ:BladeFlurry","floor":12.0},{"not_picked":["champ:Encircle","champ:IronFortress"],"picked":"champ:FocusedGladiator","floor":14.0},{"not_picked":["champ:Haymaker","champ:FlashCut","champ:Encircle"],"picked":"SKIP","floor":15.0},{"not_picked":["champ:Backstep","champ:Shatter","champ:FaceSlap"],"picked":"SKIP","floor":19.0},{"not_picked":["champ:AdrenalArmor","champ:FocusedGladiator"],"picked":"champ:ShieldWall","floor":21.0},{"not_picked":["champ:TornadoPunch","champ:SwordSigil","champ:DeathBlow"],"picked":"SKIP","floor":23.0},{"not_picked":["champ:DefensiveShout","champ:FlashCut"],"picked":"champ:PreciseThrust+1","floor":25.0},{"not_picked":["champ:FlashCut","champ:EnragedBash","champ:FocusedBerserking"],"picked":"SKIP","floor":29.0},{"not_picked":["champ:FocusedDefense","champ:StanceDance+1","champ:ShieldSigil+1"],"picked":"SKIP","floor":31.0},{"not_picked":["champ:ShieldSigil","champ:GutPunch"],"picked":"champ:Improvising","floor":32.0},{"not_picked":["champ:Circumvent","champ:BladeFlurry"],"picked":"champ:RageSigil","floor":32.0},{"not_picked":["champ:DancingMaster","champ:ShieldSlam"],"picked":"champ:EnchantSword","floor":33.0},{"not_picked":["champ:FlashCut+1","champ:CalledShot","champ:GutPunch+1"],"picked":"SKIP","floor":36.0},{"not_picked":["champ:SkillfulDodge+1","champ:Shatter+1","champ:FanOfKnives"],"picked":"SKIP","floor":36.0},{"not_picked":["champ:DefensiveShout","champ:SwordSigil"],"picked":"champ:Duel+1","floor":37.0},{"not_picked":["champ:GladiatorsShout","champ:PerfectedStrike","champ:CrookedStrike+1"],"picked":"SKIP","floor":37.0},{"not_picked":["champ:AdrenalArmor+1","champ:StanceDance+1","champ:GutPunch"],"picked":"SKIP","floor":38.0},{"not_picked":["champ:DeathBlow","champ:Balance","champ:Shatter"],"picked":"SKIP","floor":38.0},{"not_picked":["champ:TornadoPunch","champ:PreciseThrust","champ:RisingSlash+1"],"picked":"SKIP","floor":39.0},{"not_picked":["champ:RageSigil","champ:Circumvent+1"],"picked":"champ:EnchantSword","floor":43.0},{"not_picked":["champ:EndlessRage+1","champ:Haymaker","champ:AdrenalArmor"],"picked":"SKIP","floor":46},{"not_picked":["champ:PerfectedStrike","champ:FlashCut","champ:ShieldWall+1"],"picked":"SKIP","floor":46},{"not_picked":["champ:CrookedStrike","champ:SkillfulDodge+1","champ:Backstep+1"],"picked":"SKIP","floor":47},{"not_picked":["champ:IronFortress+1","champ:SwordSigil+1","champ:BerserkersShout"],"picked":"SKIP","floor":47},{"not_picked":["champ:VampiricStrike","champ:FlashCut"],"picked":"champ:RapidStrikes+1","floor":48},{"not_picked":["champ:FaceSlap+1","champ:BladeFlurry","champ:Aggression+1"],"picked":"SKIP","floor":48},{"not_picked":["champ:TornadoPunch","champ:Backstep+1","champ:Circumvent"],"picked":"SKIP","floor":49},{"not_picked":["champ:GutPunch+1","champ:DefensiveShout","champ:GladiatorsShout+1"],"picked":"SKIP","floor":49},{"not_picked":["champ:EnGarde+1","champ:Control","champ:SwordThrow"],"picked":"SKIP","floor":52}],"player_experience":533996,"relics_obtained":[{"floor":6.0,"key":"MawBank"},{"floor":7.0,"key":"Vajra"},{"floor":8.0,"key":"CloakClasp"},{"floor":11.0,"key":"Sundial"},{"floor":23.0,"key":"Ancient Tea Set"},{"floor":29.0,"key":"Prayer Wheel"},{"floor":31.0,"key":"Mercury Hourglass"},{"floor":41.0,"key":"champ:SpectersHand"},{"floor":43.0,"key":"Potion Belt"},{"floor":45.0,"key":"Guardian:GemstoneGun"},{"floor":52,"key":"Du-Vu Doll"}],"event_choices":[{"damage_healed":0.0,"max_hp_gain":0.0,"max_hp_loss":0.0,"gold_gain":0.0,"event_name":"Living Wall","player_choice":"Grow","floor":9.0,"gold_loss":0.0,"damage_taken":0.0,"cards_upgraded":["champ:VampiricStrike"]},{"damage_healed":0.0,"max_hp_gain":0.0,"max_hp_loss":0.0,"gold_gain":0.0,"event_name":"Vampires","player_choice":"Ignored","floor":20.0,"gold_loss":0.0,"damage_taken":0.0},{"damage_healed":0.0,"max_hp_gain":0.0,"max_hp_loss":0.0,"gold_gain":0.0,"event_name":"Drug Dealer","player_choice":"Inject Mutagens","floor":22.0,"gold_loss":0.0,"damage_taken":0.0,"relics_obtained":["MutagenicStrength"]},{"damage_healed":0.0,"max_hp_gain":0.0,"max_hp_loss":0.0,"gold_gain":0.0,"event_name":"Upgrade Shrine","player_choice":"Upgraded","floor":27.0,"gold_loss":0.0,"damage_taken":0.0,"cards_upgraded":["champ:ShieldWall"]},{"cards_removed":["champ:Duel"],"damage_healed":0.0,"max_hp_gain":0.0,"max_hp_loss":0.0,"gold_gain":0.0,"event_name":"Falling","player_choice":"Removed Attack","floor":42.0,"gold_loss":0.0,"damage_taken":0.0},{"damage_healed":0.0,"max_hp_gain":0.0,"max_hp_loss":0.0,"gold_gain":0.0,"event_name":"Mysterious Sphere","player_choice":"Fight","floor":45.0,"gold_loss":0.0,"damage_taken":0.0}],"is_beta":false,"boss_relics":[{"not_picked":["aspiration:RunicSpoon","Busted Crown"],"picked":"Sozu"},{"not_picked":["aspiration:PoetsPen_weak","aspiration:SecretTechniqueScroll"],"picked":"Coffee Dripper"}],"items_purged_floors":[25,39,53],"is_endless":false,"potions_floor_spawned":[2,8,11,12,15,19,29,31,33,38,43,45,46,49],"ascension_level":1}}