{"host":"i09pxcjttd31eh4q","time":1609419977,"event":{"mods":["AchievementEnabler","BaseMod","Colored Map","Keyboard Shortcuts","Minty Spire (QoL Compilation)","StSLib","SuperFastMode"],"gold_per_floor":[115,128,53,53,53,96,96,119,119,134,134,154,154,154],"floor_reached":13,"playtime":205,"items_purged":["Strike_G"],"score":220,"play_id":"2ab0375c-960c-49de-9c3d-f15f91b7728d","local_time":"20201231220617","is_ascension_mode":true,"campfire_choices":[{"data":"Reflex","floor":7.0,"key":"SMITH"}],"circlet_count":0,"master_deck":["AscendersBane","Strike_G","Strike_G","Strike_G","Defend_G","Defend_G","Defend_G","Defend_G","Defend_G","Survivor","Neutralize","Acrobatics","Quick Slash","Reflex+1","Underhanded Strike","Prepared"],"relics":["Ring of the Snake","NeowsBlessing","Golden Idol","InkBottle"],"acts_visited":["Exordium"],"potions_floor_usage":[12],"damage_taken":[{"damage":0.0,"enemies":"Small Slimes","floor":1.0,"turns":1.0},{"damage":0.0,"enemies":"Jaw Worm","floor":2.0,"turns":1.0},{"damage":0.0,"enemies":"Lagavulin","floor":6.0,"turns":1.0},{"damage":4.0,"enemies":"2 Louse","floor":8.0,"turns":5.0},{"damage":6,"enemies":"Red Slaver","floor":10,"turns":5},{"damage":3,"enemies":"Blue Slaver","floor":12,"turns":6},{"damage":0,"enemies":"3 Sentries","floor":13,"turns":1}],"seed_played":"-5720457195903383921","potions_obtained":[{"floor":2.0,"key":"Regen Potion"},{"floor":6.0,"key":"FairyPotion"},{"floor":12,"key":"Explosive Potion"}],"is_trial":false,"path_per_floor":["M","M","$","?","?","E","R","M","T","M","?","M","E"],"character_chosen":"THE_SILENT","items_purchased":[],"campfire_rested":0,"item_purchase_floors":[],"current_hp_per_floor":[59,59,59,59,52,52,52,48,48,42,47,59,59,59],"gold":154,"neow_bonus":"THREE_ENEMY_KILL","is_daily":false,"chose_seed":false,"campfire_upgraded":1,"win_rate":0.0,"timestamp":1609419977,"path_taken":["M","M","$","?","?","E","R","M","T","M","?","M","E"],"items_purchased_type":[],"build_version":"2020-12-22","purchased_purges":1,"victory":false,"max_hp_per_floor":[66,66,66,60,60,60,60,60,60,60,65,65,65,65],"card_choices":[{"not_picked":["Flying Knee","Finisher"],"picked":"Acrobatics","floor":1.0},{"not_picked":["PiercingWail","Catalyst"],"picked":"Quick Slash","floor":2.0},{"not_picked":["Dodge and Roll","Calculated Gamble"],"picked":"Reflex","floor":6.0},{"not_picked":["Leg Sweep","Cloak And Dagger"],"picked":"Underhanded Strike","floor":8.0},{"not_picked":["Underhanded Strike","Skewer"],"picked":"Prepared","floor":10},{"not_picked":["Accuracy","Sucker Punch","PiercingWail"],"picked":"SKIP","floor":12}],"player_experience":803997,"relics_obtained":[{"floor":6.0,"key":"InkBottle"}],"event_choices":[{"damage_healed":0.0,"max_hp_gain":0.0,"max_hp_loss":6.0,"gold_gain":0.0,"event_name":"Golden Idol","player_choice":"Lose Max HP","floor":4.0,"gold_loss":0.0,"damage_taken":0.0,"relics_obtained":["Golden Idol"]},{"cards_removed":["Strike_G"],"damage_healed":0.0,"max_hp_gain":0.0,"max_hp_loss":0.0,"gold_gain":0.0,"event_name":"Golden Wing","player_choice":"Card Removal","floor":5.0,"gold_loss":0.0,"damage_taken":7.0},{"damage_healed":0,"gold_gain":0,"player_choice":"Donut","damage_taken":0,"max_hp_gain":5,"max_hp_loss":0,"event_name":"Big Fish","floor":11,"gold_loss":0}],"is_beta":false,"boss_relics":[],"items_purged_floors":[3],"is_endless":false,"potions_floor_spawned":[2,6,8,12],"killed_by":"3 Sentries","ascension_level":20}}