{"host":"kdt6w7ix8lwe69i9","time":1609392816,"event":{"mods":["Bartender","BaseMod","ChefMod","Downfall","Fiend Mod","Jorbs\u0027s Wanderer Trilogy","Minty Spire (QoL Compilation)","Reimu（博丽灵梦）","Robot Space Explorer","StSLib","The Cursed","The Disciple","The Dragon Tamer","The Druid","The Elementalist","The Forsaken","The Gatherer","The Judge","The Marked","TheBandit"],"gold_per_floor":[118,36,36,36,56,86,86,119,145,165,215,215,232,102,102,205,205,224,224,240,240,240,240,240],"floor_reached":23,"playtime":1992,"items_purged":[],"score":197,"play_id":"d15d216f-b088-4c93-8dec-41b1394d069b","local_time":"20201231003336","is_ascension_mode":false,"campfire_choices":[{"data":"RobotSpaceExplorer:DoubleFind","floor":7,"key":"SMITH"},{"floor":12,"key":"REST"},{"floor":15,"key":"RECALL"}],"circlet_count":0,"master_deck":["RobotSpaceExplorer:Strike","RobotSpaceExplorer:Strike","RobotSpaceExplorer:Strike","RobotSpaceExplorer:Strike","RobotSpaceExplorer:Defend","RobotSpaceExplorer:Defend","RobotSpaceExplorer:Defend","RobotSpaceExplorer:Defend","RobotSpaceExplorer:Scan","RobotSpaceExplorer:MiniLasers","Clumsy","RobotSpaceExplorer:Scanner","RobotSpaceExplorer:ShovelStrike","RobotSpaceExplorer:PowerCollector+1","RobotSpaceExplorer:ImprovisedAttack","RobotSpaceExplorer:DoubleFind+1","RobotSpaceExplorer:Blitz","RobotSpaceExplorer:Probe","RobotSpaceExplorer:SurgingShield","RobotSpaceExplorer:MiniDrones","RobotSpaceExplorer:DualCore","RobotSpaceExplorer:FreezingShield","RobotSpaceExplorer:Ammunition+1","Slimebound:CheckThePlaybook","Slimebound:Icky"],"relics":["RobotSpaceExplorer:TurboCore","Bag of Preparation","Pantograph","Molten Egg 2"],"acts_visited":["Exordium","TheCity"],"potions_floor_usage":[6,6,20,23],"damage_taken":[{"damage":4,"enemies":"Cultist","floor":1,"turns":5},{"damage":7,"enemies":"2 Louse","floor":5,"turns":2},{"damage":8,"enemies":"3 Sentries","floor":6,"turns":4},{"damage":12,"enemies":"Lagavulin","floor":8,"turns":5},{"damage":1,"enemies":"Small Slimes","floor":10,"turns":4},{"damage":0,"enemies":"Exordium Wildlife","floor":13,"turns":2},{"damage":64,"enemies":"Hexaghost","floor":16,"turns":12},{"damage":11,"enemies":"Shell Parasite","floor":18,"turns":6},{"damage":29,"enemies":"Chosen","floor":20,"turns":5},{"damage":48,"enemies":"Gremlin Leader","floor":23,"turns":6}],"seed_played":"3751555599957233393","potions_obtained":[{"floor":1,"key":"Strength Potion"},{"floor":5,"key":"Strength Potion"},{"floor":13,"key":"SneckoOil"},{"floor":20,"key":"Dexterity Potion"}],"is_trial":false,"path_per_floor":["M","$","$","?","M","E","R","E","T","M","?","R","M","$","R","B",null,"M","?","M","?","?","E"],"character_chosen":"RobotSpaceExplorer","items_purchased":["RobotSpaceExplorer:PowerCollector","RobotSpaceExplorer:MiniDrones","RobotSpaceExplorer:DualCore"],"campfire_rested":1,"item_purchase_floors":[2,14,14],"current_hp_per_floor":[71,71,71,71,64,56,56,44,44,43,43,65,65,65,65,11,75,64,64,35,35,35,0,0],"gold":240,"neow_bonus":"THREE_RARE_CARDS","is_daily":false,"chose_seed":false,"campfire_upgraded":1,"win_rate":0.0,"timestamp":1609392816,"path_taken":["M","?","$","?","?","E","R","E","T","?","?","R","M","?","R","BOSS","M","?","M","?","?","E"],"items_purchased_type":["Card","Card","Card"],"build_version":"2020-12-22","purchased_purges":0,"victory":false,"max_hp_per_floor":[75,75,75,75,75,75,75,75,75,75,75,75,75,75,75,75,75,75,75,75,75,75,75,75],"card_choices":[{"not_picked":["RobotSpaceExplorer:Asteroid","RobotSpaceExplorer:BlastShield"],"picked":"RobotSpaceExplorer:Scanner","floor":0},{"not_picked":["RobotSpaceExplorer:FreezingShield","RobotSpaceExplorer:StarDust"],"picked":"RobotSpaceExplorer:ShovelStrike","floor":1},{"not_picked":["RobotSpaceExplorer:FrostMissile","RobotSpaceExplorer:SlimeMissile"],"picked":"RobotSpaceExplorer:ImprovisedAttack","floor":5},{"not_picked":["RobotSpaceExplorer:ScrapToss","RobotSpaceExplorer:ToxicBomb"],"picked":"RobotSpaceExplorer:DoubleFind","floor":6},{"not_picked":["RobotSpaceExplorer:MakeshiftVolley","RobotSpaceExplorer:SlimeMissile"],"picked":"RobotSpaceExplorer:Blitz","floor":8},{"not_picked":["RobotSpaceExplorer:SwiftStep","RobotSpaceExplorer:SlimeMissile"],"picked":"RobotSpaceExplorer:Probe","floor":10},{"not_picked":["RobotSpaceExplorer:BlastShield","RobotSpaceExplorer:TurboDodge"],"picked":"RobotSpaceExplorer:SurgingShield","floor":13},{"not_picked":["RobotSpaceExplorer:Accelerator","RobotSpaceExplorer:ShockMissile"],"picked":"RobotSpaceExplorer:Exploration","floor":16},{"not_picked":["RobotSpaceExplorer:SelfCleaning","RobotSpaceExplorer:ToxicBomb+1"],"picked":"RobotSpaceExplorer:FreezingShield","floor":18},{"not_picked":["RobotSpaceExplorer:SwiftStep","RobotSpaceExplorer:GlueShot"],"picked":"RobotSpaceExplorer:Ammunition+1","floor":20}],"player_experience":1654006,"relics_obtained":[{"floor":6,"key":"Bag of Preparation"},{"floor":8,"key":"Pantograph"},{"floor":20,"key":"Molten Egg 2"}],"event_choices":[{"damage_healed":0,"gold_gain":0,"player_choice":"Upgraded","damage_taken":0,"max_hp_gain":0,"max_hp_loss":0,"event_name":"Upgrade Shrine","floor":4,"gold_loss":0,"cards_upgraded":["RobotSpaceExplorer:PowerCollector"]},{"damage_healed":0,"gold_gain":0,"player_choice":"Ignored","damage_taken":0,"max_hp_gain":0,"max_hp_loss":0,"event_name":"Beggar","floor":19,"gold_loss":0}],"is_beta":false,"boss_relics":[{"not_picked":["RedLine:ReiMu","Fiend:Scarf"],"picked":"RobotSpaceExplorer:TurboCore"}],"items_purged_floors":[],"is_endless":false,"potions_floor_spawned":[1,5,13,20],"killed_by":"Gremlin Leader","ascension_level":0}}