{"host":"lreod2rejfd0az5i","time":1609395105,"event":{"mods":["AchievementEnabler","Aspiration","BaseMod","Colored Powertips","Conspire","Downfall","Highlight Path","Hubris","Infinite Spire","Mad Scientist","Minty Spire (QoL Compilation)","Rare Cards Sparkle","Relic Stats","Replay The Spire","StSLib","The Bug Knight","The Jungle"],"gold_per_floor":[110,110,110,260,260,293,293,293,293,329,353,278,7,28,28,28,28],"floor_reached":16,"playtime":549,"items_purged":[],"score":262,"play_id":"e3c9e5d3-3781-4820-9359-77dd7b5762e3","local_time":"20201230231145","is_ascension_mode":true,"campfire_choices":[{"floor":8,"key":"REST"},{"data":"Sword Boomerang","floor":15,"key":"SMITH"}],"circlet_count":0,"master_deck":["AscendersBane","Strike_R","Strike_R","Strike_R","Strike_R","Strike_R","Defend_R","Defend_R","Defend_R","Defend_R","Bash","Corruption","Sword Boomerang+1","Injury","conspire:ExplosiveBarrier","Whirlwind"],"relics":["m_SlimeRing","Golden Idol","ReplayTheSpireMod:TigerMarble","infinitespire:Cubic Diamond","HollowMod:QueensCombRelic","Replay:Wax Seal","CaptainsWheel","Onion Ring"],"acts_visited":["Exordium"],"potions_floor_usage":[16,16],"damage_taken":[{"damage":4,"enemies":"2 Louse","floor":1,"turns":3},{"damage":24,"enemies":"Gremlin Nob","floor":6,"turns":4},{"damage":0,"enemies":"HollowMod:MossKnight","floor":10,"turns":11},{"damage":1,"enemies":"conspire:RoseBush","floor":11,"turns":6},{"damage":0,"enemies":"Cultist","floor":14,"turns":2},{"damage":70,"enemies":"Fading Forest","floor":16,"turns":11}],"seed_played":"662219612190714164","potions_obtained":[{"floor":6,"key":"Adrenaline Potion"},{"floor":11,"key":"HeartOfIron"}],"is_trial":false,"path_per_floor":["M","?","?","?","?","E","?","R","T","E","M","?","$","M","R","B"],"character_chosen":"IRONCLAD","items_purchased":["Onion Ring"],"campfire_rested":1,"item_purchase_floors":[13],"current_hp_per_floor":[70,70,35,35,35,11,11,26,26,50,49,49,49,50,50,0,0],"gold":28,"neow_bonus":"ONE_RANDOM_RARE_CARD","is_daily":false,"chose_seed":false,"campfire_upgraded":1,"win_rate":0.0,"timestamp":1609395105,"path_taken":["M","?","?","?","?","E","?","R","T","E","M","?","?","?","R","BOSS"],"items_purchased_type":["Relic"],"build_version":"2020-12-22","purchased_purges":0,"victory":false,"max_hp_per_floor":[75,75,75,75,75,50,50,50,50,50,50,50,50,50,50,50,50],"relic_stats":{"counters":[6,37],"Golden Idol":23,"obtain_stats":[{"HollowMod:QueensCombRelic":6,"m_SlimeRing":5,"CaptainsWheel":10,"Golden Idol":2,"Onion Ring":13,"infinitespire:Cubic Diamond":5,"ReplayTheSpireMod:TigerMarble":3,"Replay:Wax Seal":9,"Burning Blood":0},{"HollowMod:QueensCombRelic":2,"m_SlimeRing":1,"CaptainsWheel":3,"Golden Idol":1,"Onion Ring":4,"infinitespire:Cubic Diamond":1,"ReplayTheSpireMod:TigerMarble":1,"Replay:Wax Seal":2,"Burning Blood":0},{"HollowMod:QueensCombRelic":7,"m_SlimeRing":3,"CaptainsWheel":18,"Golden Idol":3,"Onion Ring":24,"infinitespire:Cubic Diamond":3,"ReplayTheSpireMod:TigerMarble":3,"Replay:Wax Seal":7,"Burning Blood":0}]},"card_choices":[{"not_picked":["Wild Strike","hubris:ReadiedAction"],"picked":"Sword Boomerang","floor":1},{"not_picked":["Rage","Rupture"],"picked":"conspire:ExplosiveBarrier","floor":6},{"not_picked":["Eclipse","Replay:Undeath\u0027s Touch"],"picked":"Whirlwind","floor":10},{"not_picked":["Thunderclap","Poisoned Stab","Iron Wave"],"picked":"SKIP","floor":11},{"not_picked":["Feel No Pain","Thunderclap","Perfected Strike"],"picked":"SKIP","floor":14}],"player_experience":877807,"relics_obtained":[{"floor":6,"key":"HollowMod:QueensCombRelic"},{"floor":9,"key":"Replay:Wax Seal"},{"floor":10,"key":"CaptainsWheel"}],"event_choices":[{"damage_healed":0,"gold_gain":0,"player_choice":"Take Wound","damage_taken":0,"relics_obtained":["Golden Idol"],"max_hp_gain":0,"max_hp_loss":0,"event_name":"Golden Idol","floor":2,"gold_loss":0,"cards_obtained":["Injury"]},{"damage_healed":0,"gold_gain":0,"player_choice":"Success","damage_taken":35,"relics_obtained":["ReplayTheSpireMod:TigerMarble"],"max_hp_gain":0,"max_hp_loss":0,"event_name":"Scrap Ooze","floor":3,"gold_loss":0},{"damage_healed":0,"gold_gain":150,"player_choice":"AGREE","damage_taken":0,"max_hp_gain":0,"max_hp_loss":0,"event_name":"Liars Game","floor":4,"gold_loss":0,"cards_obtained":["Doubt"]},{"damage_healed":0,"gold_gain":0,"player_choice":"Ignored","damage_taken":0,"max_hp_gain":0,"max_hp_loss":0,"event_name":"Shining Light","floor":7,"gold_loss":0},{"cards_removed":["Doubt"],"damage_healed":0,"gold_gain":0,"player_choice":"Card Removal","damage_taken":0,"max_hp_gain":0,"max_hp_loss":0,"event_name":"The Cleric","floor":12,"gold_loss":75}],"is_beta":false,"boss_relics":[],"items_purged_floors":[],"is_endless":false,"potions_floor_spawned":[6,11,14],"killed_by":"Fading Forest","ascension_level":20}}