{"host":"2lvuisjyit3p3u01","time":1609444441,"event":{"mods":["Act Like it!","BaseMod","Bestiary","Better Synergies","CapriCore","Colored Map","Colored Powertips","Gensokyo","GifTheSpireLib","Marisa????????","Minty Spire (QoL Compilation)","Quick Restart","Remilia??????","Replay The Spire","StSLib","The Servant 0.9.4"],"gold_per_floor":[112,112,122,198,6,6,24,54,54,54,154,154,2,172,12,12,12],"floor_reached":16,"playtime":623,"items_purged":[],"score":98,"play_id":"0483d49b-ff48-4cc1-ad7d-ea709e054f56","local_time":"20201231215401","is_ascension_mode":false,"campfire_choices":[{"data":"Starlight","floor":6.0,"key":"SMITH"},{"floor":10,"key":"REST"},{"floor":12,"key":"REST"}],"circlet_count":0,"master_deck":["Strike_S","Strike_S","Strike_S","Strike_S","Defend_S","Defend_S","Defend_S","Defend_S","KidneyShot","Exchange","Starlight+1","Luminosity+1","Rearm","Moondial"],"relics":["Uniform","Mango","Replay:Bottled Flurry","Art of War","Tiny Chest","Potion Belt","Ancient Tea Set","Enchiridion","StoneCalendar"],"acts_visited":["Gensokyo:Gensokyo"],"potions_floor_usage":[16],"damage_taken":[{"damage":4.0,"enemies":"Gensokyo:Python","floor":1.0,"turns":3.0},{"damage":0.0,"enemies":"Gensokyo:Gryphon","floor":3.0,"turns":3.0},{"damage":9.0,"enemies":"Gensokyo:2_Kodama","floor":7.0,"turns":5.0},{"damage":22,"enemies":"Gensokyo:Aya","floor":8,"turns":7},{"damage":44,"enemies":"Gensokyo:5_Fairies","floor":14,"turns":6},{"damage":28,"enemies":"Gensokyo:Yukari","floor":16,"turns":8}],"seed_played":"-2724649318808209335","potions_obtained":[{"floor":8,"key":"Milkshake"},{"floor":14,"key":"Dexterity Potion"}],"is_trial":false,"path_per_floor":["M","?","M","T","COS","R","M","E","T","R","?","R","$","M","R_BF","B"],"character_chosen":"THE_SERVANT","items_purchased":["Ancient Tea Set"],"campfire_rested":2,"item_purchase_floors":[13],"current_hp_per_floor":[61,54,54,54,54,54,45,23,23,46,46,69,69,25,25,0,0],"gold":12,"neow_bonus":"THREE_CARDS","is_daily":false,"chose_seed":false,"campfire_upgraded":1,"win_rate":0.0,"timestamp":1609444441,"path_taken":["M","?","M","?","COS","R","M","E","T","R","?","R","?","M","R_BF","BOSS"],"items_purchased_type":["Relic"],"build_version":"2020-12-22","purchased_purges":0,"victory":false,"max_hp_per_floor":[65,79,79,79,79,79,79,79,79,79,79,79,79,79,79,79,79],"card_choices":[{"not_picked":["Spin","Foresight"],"picked":"Starlight","floor":0.0},{"not_picked":["Spin","DoubleEdge","ShatteredReality"],"picked":"SKIP","floor":1.0},{"not_picked":["Foresight","Revamp","Unruled"],"picked":"SKIP","floor":3.0},{"not_picked":["Comet+1","Manipulate+1"],"picked":"Luminosity+1","floor":7.0},{"not_picked":["Revamp","Snipe","Read"],"picked":"SKIP","floor":7.0},{"not_picked":["DualDimension","Foresight"],"picked":"Rearm","floor":8},{"not_picked":["GearUp","RealityMarble"],"picked":"Moondial","floor":14}],"player_experience":217878,"relics_obtained":[{"floor":4.0,"key":"Replay:Bottled Flurry"},{"floor":8,"key":"Tiny Chest"},{"floor":9,"key":"Potion Belt"}],"event_choices":[],"is_beta":false,"boss_relics":[],"items_purged_floors":[],"is_endless":false,"potions_floor_spawned":[8,14],"killed_by":"Gensokyo:Yukari","ascension_level":0}}