{"host":"z9811rt50ti81n54","time":1609454725,"event":{"mods":["BaseMod","Minty Spire (QoL Compilation)","Relic Stats"],"gold_per_floor":[113,130,130,146,27,27,47,81,81,81,81,91,91,121,121,226,226,236,236,236,236,251,251,37,37,88,102,114,141,141,156,156,259,259,271,271,50,50,50],"floor_reached":38,"playtime":975,"items_purged":["Strike_R"],"score":477,"play_id":"beb580b0-101f-4cc1-b7ba-dcefcc5aaf9b","local_time":"20210101074525","is_ascension_mode":false,"campfire_choices":[{"data":"Havoc","floor":6.0,"key":"SMITH"},{"data":"Whirlwind","floor":10.0,"key":"SMITH"},{"data":"Berserk","floor":13.0,"key":"SMITH"},{"data":"Armaments","floor":15.0,"key":"SMITH"},{"data":"Demon Form","floor":23.0,"key":"SMITH"},{"data":"Ghostly Armor","floor":25.0,"key":"SMITH"},{"data":"Pommel Strike","floor":32.0,"key":"SMITH"}],"circlet_count":0,"master_deck":["Strike_R","Strike_R","Defend_R","Defend_R","Defend_R","Defend_R","Bash+1","Anger","Wild Strike","Ghostly Armor+1","Thunderclap","Pommel Strike+1","Havoc+1","Armaments+1","Whirlwind+1","Berserk+1","Infernal Blade+1","Demon Form+1","Shrug It Off+1","Ghostly+1","Ghostly+1","Ghostly+1","Ghostly+1","Ghostly+1","Burning Pact+1","Shockwave+1","Havoc+1","Limit Break+1","Blood for Blood"],"relics":["Black Blood","NeowsBlessing","Singing Bowl","Toxic Egg 2","Paper Frog","Art of War","Pear","Bag of Preparation","Boot","Letter Opener","Empty Cage","Strange Spoon"],"acts_visited":["Exordium","TheCity","TheBeyond"],"potions_floor_usage":[],"damage_taken":[{"damage":0.0,"enemies":"2 Louse","floor":1.0,"turns":1.0},{"damage":0.0,"enemies":"Cultist","floor":2.0,"turns":1.0},{"damage":0.0,"enemies":"Jaw Worm","floor":4.0,"turns":1.0},{"damage":11.0,"enemies":"Exordium Thugs","floor":7.0,"turns":5.0},{"damage":19.0,"enemies":"Gremlin Nob","floor":8.0,"turns":4.0},{"damage":0.0,"enemies":"Exordium Wildlife","floor":12.0,"turns":2.0},{"damage":26.0,"enemies":"Lagavulin","floor":14.0,"turns":7.0},{"damage":0.0,"enemies":"Slime Boss","floor":16.0,"turns":5.0},{"damage":35.0,"enemies":"Spheric Guardian","floor":18.0,"turns":6.0},{"damage":0.0,"enemies":"3 Byrds","floor":22.0,"turns":6.0},{"damage":10.0,"enemies":"Cultist and Chosen","floor":27.0,"turns":3.0},{"damage":3.0,"enemies":"Snake Plant","floor":28.0,"turns":4.0},{"damage":12.0,"enemies":"Gremlin Leader","floor":29.0,"turns":6.0},{"damage":2.0,"enemies":"Colosseum Slavers","floor":30.0,"turns":5.0},{"damage":28.0,"enemies":"Sentry and Sphere","floor":31.0,"turns":8.0},{"damage":18.0,"enemies":"Champ","floor":33.0,"turns":9.0},{"damage":7,"enemies":"3 Darklings","floor":35,"turns":5},{"damage":2,"enemies":"3 Shapes","floor":38,"turns":2}],"seed_played":"-2147880177497049359","potions_obtained":[{"floor":7.0,"key":"Swift Potion"},{"floor":8.0,"key":"LiquidMemories"},{"floor":12.0,"key":"DuplicationPotion"},{"floor":14.0,"key":"Explosive Potion"},{"floor":16.0,"key":"FairyPotion"},{"floor":22.0,"key":"Fruit Juice"},{"floor":28.0,"key":"LiquidBronze"},{"floor":29.0,"key":"FairyPotion"},{"floor":31.0,"key":"Strength Potion"},{"floor":35,"key":"ElixirPotion"}],"is_trial":false,"path_per_floor":["M","M","?","M","$","R","M","E","T","R","?","M","R","E","R","B",null,"M","?","?","?","M","R","$","R","T","M","M","E","?","M","R","B",null,"M","?","$","M"],"character_chosen":"IRONCLAD","items_purchased":["Thunderclap","Pommel Strike","Havoc","Bag of Preparation","Shockwave+1","Strange Spoon"],"campfire_rested":0,"item_purchase_floors":[5,5,5,24,24,37],"current_hp_per_floor":[80,80,80,80,80,80,75,62,62,62,55,61,61,41,41,47,80,57,42,52,47,52,52,52,52,52,54,54,56,56,42,42,36,58,60,60,60,58,58],"gold":50,"neow_bonus":"THREE_ENEMY_KILL","is_daily":false,"chose_seed":false,"campfire_upgraded":7,"win_rate":0.0,"timestamp":1609454725,"path_taken":["M","M","?","?","$","R","M","E","T","R","?","M","R","E","R","BOSS","M","?","?","?","M","R","$","R","T","M","M","E","?","M","R","BOSS","M","?","?","?"],"items_purchased_type":["Card","Card","Card","Relic","Card","Relic"],"build_version":"2020-12-22","purchased_purges":1,"victory":false,"max_hp_per_floor":[80,80,80,80,80,80,80,80,80,80,80,80,80,80,80,80,80,80,85,95,47,52,52,52,52,52,54,54,56,56,58,58,58,58,60,60,60,60,60],"relic_stats":{"Strange Spoon":[1],"Singing Bowl":8,"counters":[18,80],"Black Blood":100,"Art of War":[6],"Bag of Preparation":[16],"Letter Opener":[40],"Boot":[8],"obtain_stats":[{"Pear":20,"NeowsBlessing":0,"Singing Bowl":8,"Black Blood":17,"Bag of Preparation":24,"Letter Opener":29,"Boot":26,"Empty Cage":34,"Burning Blood":0,"Strange Spoon":37,"Art of War":14,"Toxic Egg 2":9,"Paper Frog":11},{"Pear":9,"NeowsBlessing":0,"Singing Bowl":5,"Black Blood":8,"Bag of Preparation":10,"Letter Opener":13,"Boot":10,"Empty Cage":16,"Burning Blood":0,"Strange Spoon":17,"Art of War":7,"Toxic Egg 2":5,"Paper Frog":5},{"Pear":32,"NeowsBlessing":0,"Singing Bowl":12,"Black Blood":26,"Bag of Preparation":38,"Letter Opener":51,"Boot":38,"Empty Cage":73,"Burning Blood":0,"Strange Spoon":78,"Art of War":21,"Toxic Egg 2":12,"Paper Frog":12}]},"card_choices":[{"not_picked":["Armaments","Body Slam"],"picked":"Anger","floor":1.0},{"not_picked":["Havoc","Second Wind"],"picked":"Wild Strike","floor":2.0},{"not_picked":["Dual Wield","Seeing Red"],"picked":"Ghostly Armor","floor":4.0},{"not_picked":["Sword Boomerang","Pommel Strike"],"picked":"Armaments","floor":7.0},{"not_picked":["Second Wind","Burning Pact"],"picked":"Whirlwind","floor":8.0},{"not_picked":["Clash","Thunderclap"],"picked":"Berserk","floor":12.0},{"not_picked":["Pommel Strike","Pummel"],"picked":"Infernal Blade+1","floor":14.0},{"not_picked":["Brutality","Immolate"],"picked":"Demon Form","floor":16.0},{"not_picked":["Thunderclap","Searing Blow"],"picked":"Shrug It Off+1","floor":18.0},{"not_picked":["Clash+1","Armaments+1"],"picked":"Burning Pact+1","floor":22.0},{"not_picked":["Iron Wave","Sword Boomerang","Clash"],"picked":"Singing Bowl","floor":27.0},{"not_picked":["Warcry+1","Armaments+1"],"picked":"Havoc+1","floor":28.0},{"not_picked":["Clothesline","Whirlwind","Clash"],"picked":"Singing Bowl","floor":29.0},{"not_picked":["Shrug It Off+1","Iron Wave","Cleave"],"picked":"Singing Bowl","floor":31.0},{"not_picked":["Reaper","Feed"],"picked":"Limit Break+1","floor":33.0},{"not_picked":["Wild Strike+1","Headbutt","Shrug It Off+1"],"picked":"Singing Bowl","floor":35}],"player_experience":264111,"relics_obtained":[{"floor":8.0,"key":"Singing Bowl"},{"floor":9.0,"key":"Toxic Egg 2"},{"floor":14.0,"key":"Art of War"},{"floor":26.0,"key":"Boot"},{"floor":29.0,"key":"Letter Opener"}],"event_choices":[{"damage_healed":0.0,"max_hp_gain":0.0,"max_hp_loss":0.0,"gold_gain":0.0,"event_name":"Upgrade Shrine","player_choice":"Upgraded","floor":3.0,"gold_loss":0.0,"damage_taken":0.0,"cards_upgraded":["Bash"]},{"damage_healed":0.0,"max_hp_gain":0.0,"max_hp_loss":0.0,"gold_gain":0.0,"event_name":"Scrap Ooze","player_choice":"Success","floor":11.0,"gold_loss":0.0,"damage_taken":7.0,"relics_obtained":["Paper Frog"]},{"damage_healed":0.0,"max_hp_gain":5.0,"max_hp_loss":0.0,"gold_gain":0.0,"event_name":"Forgotten Altar","player_choice":"Shed Blood","floor":19.0,"gold_loss":0.0,"damage_taken":20.0},{"damage_healed":0.0,"max_hp_gain":0.0,"max_hp_loss":0.0,"gold_gain":0.0,"event_name":"The Mausoleum","player_choice":"Opened","floor":20.0,"gold_loss":0.0,"damage_taken":0.0,"relics_obtained":["Pear"],"cards_obtained":["Writhe"]},{"damage_healed":0.0,"max_hp_gain":0.0,"max_hp_loss":48.0,"gold_gain":0.0,"event_name":"Ghosts","player_choice":"Became a Ghost","floor":21.0,"gold_loss":0.0,"damage_taken":0.0,"cards_obtained":["Ghostly","Ghostly","Ghostly","Ghostly","Ghostly"]},{"damage_healed":0.0,"max_hp_gain":0.0,"max_hp_loss":0.0,"gold_gain":0.0,"event_name":"Colosseum","player_choice":"Fight","floor":30.0,"gold_loss":0.0,"damage_taken":0.0},{"damage_healed":0.0,"max_hp_gain":0.0,"max_hp_loss":0.0,"gold_gain":0.0,"event_name":"Colosseum","player_choice":"Fled From Nobs","floor":30.0,"gold_loss":0.0,"damage_taken":0.0},{"damage_healed":0,"gold_gain":0,"cards_transformed":["Strike_R"],"player_choice":"Transformed","damage_taken":0,"max_hp_gain":0,"max_hp_loss":0,"event_name":"Transmorgrifier","floor":36,"gold_loss":0,"cards_obtained":["Blood for Blood"]}],"is_beta":false,"boss_relics":[{"not_picked":["Black Star","Runic Pyramid"],"picked":"Black Blood"},{"not_picked":["Snecko Eye","Calling Bell"],"picked":"Empty Cage"}],"items_purged_floors":[37],"is_endless":false,"potions_floor_spawned":[7,8,12,14,16,22,28,29,30,31,35],"killed_by":"3 Shapes","ascension_level":0}}