{"host":"cgv4xfjbrthxr81g","time":1609374321,"event":{"mods":["2.2 Compatiblity","Act Like it!","BaseMod","Bestiary","Better Altar","Better Match","Better Note","Better Sensory Stone","Better Skull","Better Third Choice","BetterRewards","Block Reminder","Card Forge","Clawfect","Colored Map","Colored Powertips","Curses Come First","DeckTracker","Defuse TimeMaze Blight","Downfall","Energized Spire","Evolution","Friendly Minions","Hallownest","Highlight Path","Hubris","Infinite Spire","Mimic Mod","Minty Spire (QoL Compilation)","Permanent Neow","Quick Restart","Rare Cards Sparkle","Relic Sorter","Relic Stats","Replay The Spire","Robot Space Explorer","Shop Mod","Spicy Shops","StSLib","SuperFastMode","The Bug Knight","The Caster","The Construct","The Jungle","TheVacant","Uncapped","Wandering Minibosses"],"gold_per_floor":[118,118,0,0,15,46,46,81,104,104,104,22,22,83,83,83,83],"floor_reached":16,"playtime":501,"items_purged":["construct:Defend_Gold"],"score":110,"play_id":"efaba4c4-7491-41b8-9387-43610b7f437f","local_time":"20201230192521","is_ascension_mode":true,"campfire_choices":[{"data":"construct:ScopeCore","floor":7,"key":"SMITH"},{"floor":11,"key":"REST"},{"floor":15,"key":"REST"}],"circlet_count":0,"master_deck":["construct:Strike_Gold","construct:Strike_Gold","construct:Strike_Gold","construct:Strike_Gold","construct:Strike_Gold","construct:Defend_Gold+1","construct:Defend_Gold","construct:Defend_Gold+1","construct:Defend_Gold","construct:AttackMode","construct:DefenseMode","construct:ScopeCore+1","construct:Reinforce","construct:Autoturret","infinitespire:Menacing","construct:Autoturret","Normality","construct:BatteryCore"],"relics":["construct:ClockworkPhoenix","ReplayTheSpireMod:Ring of Challenge","EVO:Axolotl","construct:Challenge1","Hammer of Thor","Seething Fire","Anvil of the Gods","War Paint","Blood Vial","infinitespire:Broken Mirror","Hallownest:BankAccountRelic","Juzu Bracelet","Ancient Tea Set","Replay:Mystery Machine","Lantern","ReplayTheSpireMod:Ring of Exchange"],"acts_visited":["Hallownest:Greenpath"],"potions_floor_usage":[6,16],"damage_taken":[{"damage":0,"enemies":"Hallownest:2_Baldur","floor":1,"turns":4},{"damage":3,"enemies":"Hallownest:2_MossCreeps","floor":5,"turns":4},{"damage":37,"enemies":"Hallownest:eliteMossKnight","floor":6,"turns":5},{"damage":11,"enemies":"Hallownest:eliteCrystalGuardian","floor":8,"turns":5},{"damage":10,"enemies":"Hallownest:monsterHuskGuard","floor":14,"turns":5},{"damage":64,"enemies":"Hallownest:BossFalseKnight","floor":16,"turns":7}],"seed_played":"1762228649107457497","potions_obtained":[{"floor":5,"key":"BlessingOfTheForge"},{"floor":8,"key":"Milkshake"}],"is_trial":false,"path_per_floor":["M","?","?","T","M","E","R","E","T","?","R","$","?","M","R","B"],"character_chosen":"THE_CONSTRUCT_MOD","items_purchased":["construct:Autoturret"],"campfire_rested":2,"item_purchase_floors":[12],"current_hp_per_floor":[85,75,75,75,74,39,39,30,30,9,34,34,34,26,51,0,0],"gold":83,"neow_bonus":"RANDOM_COMMON_RELIC","is_daily":false,"chose_seed":false,"campfire_upgraded":1,"win_rate":0.0,"timestamp":1609374321,"path_taken":["M","?","?","?","M","E","R","E","T","?","R","$","?","M","R","BOSS"],"items_purchased_type":["Card"],"build_version":"2020-12-22","purchased_purges":1,"victory":false,"max_hp_per_floor":[85,85,85,85,85,85,85,85,85,85,85,85,85,85,85,85,85],"relic_stats":{"Blood Vial":10,"counters":[6,30],"Juzu Bracelet":1,"War Paint":["construct:Defend_Gold","construct:Defend_Gold"],"obtain_stats":[{"ReplayTheSpireMod:Ring of Exchange":13,"Lantern":9,"Hammer of Thor":0,"Juzu Bracelet":4,"EVO:Axolotl":0,"Seething Fire":0,"construct:ClockworkPhoenix":0,"War Paint":0,"Replay:Mystery Machine":8,"Ancient Tea Set":6,"construct:Challenge1":0,"Blood Vial":2,"Anvil of the Gods":0,"infinitespire:Broken Mirror":2,"Hallownest:BankAccountRelic":3,"ReplayTheSpireMod:Ring of Challenge":13},{"ReplayTheSpireMod:Ring of Exchange":4,"Lantern":4,"Hammer of Thor":0,"Juzu Bracelet":1,"EVO:Axolotl":0,"Seething Fire":0,"construct:ClockworkPhoenix":0,"War Paint":0,"Replay:Mystery Machine":4,"Ancient Tea Set":3,"construct:Challenge1":0,"Blood Vial":1,"Anvil of the Gods":0,"infinitespire:Broken Mirror":1,"Hallownest:BankAccountRelic":1,"ReplayTheSpireMod:Ring of Challenge":4},{"ReplayTheSpireMod:Ring of Exchange":18,"Lantern":18,"Hammer of Thor":0,"Juzu Bracelet":4,"EVO:Axolotl":0,"Seething Fire":0,"construct:ClockworkPhoenix":0,"War Paint":0,"Replay:Mystery Machine":18,"Ancient Tea Set":13,"construct:Challenge1":0,"Blood Vial":4,"Anvil of the Gods":0,"infinitespire:Broken Mirror":4,"Hallownest:BankAccountRelic":4,"ReplayTheSpireMod:Ring of Challenge":18}]},"card_choices":[{"not_picked":["construct:SaveState","construct:FierceBash","construct:ChargeShot"],"picked":"SKIP","floor":1},{"not_picked":["construct:FierceBash","construct:Antimatter"],"picked":"construct:ScopeCore","floor":5},{"not_picked":["construct:Antimatter","construct:Anticipate"],"picked":"construct:Reinforce","floor":6},{"not_picked":["construct:Synchronize","construct:Impenetrable"],"picked":"construct:Autoturret","floor":8},{"not_picked":["ReplayTheSpireMod:Book of Names","infinitespire:SevenWalls"],"picked":"infinitespire:Menacing","floor":10},{"not_picked":["construct:HeavyBolt","construct:OneWayMirror"],"picked":"construct:BatteryCore","floor":14}],"player_experience":85340,"relics_obtained":[{"floor":4,"key":"Juzu Bracelet"},{"floor":6,"key":"Ancient Tea Set"},{"floor":8,"key":"Replay:Mystery Machine"},{"floor":9,"key":"Lantern"},{"floor":13,"key":"ReplayTheSpireMod:Ring of Exchange"},{"floor":13,"key":"ReplayTheSpireMod:Ring of Challenge"}],"event_choices":[],"is_beta":false,"boss_relics":[],"items_purged_floors":[12],"is_endless":false,"potions_floor_spawned":[5,8],"killed_by":"Hallownest:BossFalseKnight","ascension_level":1}}