{"host":"wd6rqtfuac3imub6","time":1609454801,"event":{"mods":["ATMod(°¢èªMod)","Act Like it!","BaseMod","Gensokyo","Lobotomy","Minty Spire (QoL Compilation)","Quick Restart","StSLib"],"gold_per_floor":[118,43,55,55,66,95,29,29,29,29,48,68,93,93],"floor_reached":13,"playtime":368,"items_purged":["Defend_R"],"score":85,"play_id":"0635c4ae-ce54-4076-865e-5294db8d0f78","local_time":"20210101064641","is_ascension_mode":false,"campfire_choices":[{"data":"Perfected Strike","floor":8,"key":"SMITH"}],"circlet_count":0,"master_deck":["Strike_R","Strike_R","Strike_R","Strike_R","Strike_R","Defend_R","Bash","Perfected Strike+1","Headbutt","Gensokyo:RustyChest","Rampage"],"relics":["AT_ATBox","AT_TrinityForce","Matryoshka","Blue Candle","AT_BellDemon","Gensokyo:OccultBall","Ornamental Fan","Orichalcum","AT_MibuBalloonWealth"],"acts_visited":["Gensokyo:Gensokyo"],"potions_floor_usage":[13,13,13],"damage_taken":[{"damage":0,"enemies":"Gensokyo:Python","floor":1,"turns":2},{"damage":0,"enemies":"Gensokyo:2_Kodama","floor":3,"turns":2},{"damage":4,"enemies":"Gensokyo:3_Fairies","floor":5,"turns":3},{"damage":23,"enemies":"Gensokyo:Aya","floor":6,"turns":4},{"damage":8,"enemies":"Gensokyo:CorruptedTreant","floor":11,"turns":2},{"damage":0,"enemies":"Gensokyo:LivingMonolith","floor":12,"turns":1},{"damage":42,"enemies":"Gensokyo:Cirno","floor":13,"turns":5}],"seed_played":"5436812025161779588","potions_obtained":[{"floor":5,"key":"SpeedPotion"},{"floor":6,"key":"Strength Potion"},{"floor":11,"key":"EssenceOfSteel"}],"is_trial":false,"path_per_floor":["M","$","M","?","M","E","COS","R","T","?","M","M","E"],"character_chosen":"IRONCLAD","items_purchased":[],"campfire_rested":0,"item_purchase_floors":[],"current_hp_per_floor":[80,80,80,64,60,37,37,37,37,37,29,29,0,0],"gold":93,"neow_bonus":"BOSS_RELIC","is_daily":false,"chose_seed":false,"campfire_upgraded":1,"win_rate":0.0,"timestamp":1609454801,"path_taken":["M","$","M","?","M","E","COS","R","T","?","M","M","E"],"items_purchased_type":[],"build_version":"2020-12-22","purchased_purges":1,"victory":false,"max_hp_per_floor":[80,80,80,80,80,80,80,80,80,80,80,80,80,80],"card_choices":[{"not_picked":["Warcry","AT_GerminateFire"],"picked":"Thunderclap","floor":1},{"not_picked":["Power Through","Iron Wave"],"picked":"Perfected Strike","floor":3},{"not_picked":["Heavy Blade","Clothesline","Sword Boomerang"],"picked":"SKIP","floor":5},{"not_picked":["Warcry","AT_BodySlamDance"],"picked":"Headbutt","floor":6},{"not_picked":["Warcry","True Grit"],"picked":"Rampage","floor":11},{"not_picked":["Evolve","Anger","Hemokinesis"],"picked":"SKIP","floor":12}],"player_experience":86511,"relics_obtained":[{"floor":6,"key":"Matryoshka"},{"floor":9,"key":"Blue Candle"},{"floor":9,"key":"AT_BellDemon"},{"floor":11,"key":"Gensokyo:OccultBall"},{"floor":11,"key":"Ornamental Fan"},{"floor":12,"key":"Orichalcum"}],"event_choices":[],"is_beta":false,"boss_relics":[],"items_purged_floors":[2],"is_endless":false,"potions_floor_spawned":[5,6,11,12],"killed_by":"Gensokyo:Cirno","ascension_level":0}}