{"host":"zh52cun1g5egmafn","time":1609428685,"event":{"mods":["BaseMod","DeckTracker","Highlight Path","Minty Spire (QoL Compilation)"],"gold_per_floor":[116,66,86,106,31,66,66,66,112,12,28,28,46,46,46,144,144,163,163,38,56,76,107,107,133,156,180,212,242,254,116,116,213,213,224,224,237,62,0,0,0,0,0,14,28,28,47,57,57,57],"floor_reached":51,"playtime":1744,"items_purged":["Defend_R","Defend_R","Strike_R","Defend_R","Defend_R+1"],"score":814,"play_id":"0d1eadff-564f-4d9f-86fa-512b48193bdb","local_time":"20210101003125","is_ascension_mode":false,"campfire_choices":[{"floor":7.0,"key":"REST"},{"data":"Dropkick","floor":12.0,"key":"SMITH"},{"data":"Defend_R","floor":15.0,"key":"SMITH"},{"floor":24.0,"key":"REST"},{"floor":32.0,"key":"REST"},{"data":"Dropkick","floor":40,"key":"SMITH"},{"data":"Bash","floor":42,"key":"SMITH"},{"floor":49,"key":"REST"}],"circlet_count":0,"master_deck":["Bash+1","Dropkick+1","Dropkick+1","Flex+1"],"relics":["Burning Blood","Pen Nib","Vajra","Orichalcum","Sozu","Gambling Chip","Strawberry","Omamori","MawBank","Black Star","Red Mask","Question Card"],"acts_visited":["Exordium","TheCity","TheBeyond"],"potions_floor_usage":[],"damage_taken":[{"damage":2.0,"enemies":"Small Slimes","floor":1.0,"turns":4.0},{"damage":0.0,"enemies":"2 Louse","floor":3.0,"turns":4.0},{"damage":4.0,"enemies":"Jaw Worm","floor":4.0,"turns":5.0},{"damage":24.0,"enemies":"Gremlin Nob","floor":6.0,"turns":4.0},{"damage":14.0,"enemies":"Blue Slaver","floor":11.0,"turns":3.0},{"damage":8.0,"enemies":"Red Slaver","floor":13.0,"turns":2.0},{"damage":32.0,"enemies":"Hexaghost","floor":16.0,"turns":9.0},{"damage":0.0,"enemies":"Shell Parasite","floor":18.0,"turns":5.0},{"damage":4.0,"enemies":"2 Thieves","floor":21.0,"turns":4.0},{"damage":18.0,"enemies":"Chosen and Byrds","floor":22.0,"turns":5.0},{"damage":40.0,"enemies":"Book of Stabbing","floor":23.0,"turns":7.0},{"damage":44.0,"enemies":"Slavers","floor":25.0,"turns":9.0},{"damage":2.0,"enemies":"Shelled Parasite and Fungi","floor":27.0,"turns":7.0},{"damage":31.0,"enemies":"Sentry and Sphere","floor":28.0,"turns":11.0},{"damage":7.0,"enemies":"Snecko","floor":29.0,"turns":3.0},{"damage":0.0,"enemies":"Champ","floor":33.0,"turns":1.0},{"damage":0.0,"enemies":"Orb Walker","floor":35.0,"turns":1.0},{"damage":21,"enemies":"3 Shapes","floor":37,"turns":3},{"damage":0,"enemies":"Maw","floor":44,"turns":1},{"damage":1,"enemies":"Jaw Worm Horde","floor":45,"turns":3},{"damage":44,"enemies":"4 Shapes","floor":47,"turns":3},{"damage":0,"enemies":"Writhing Mass","floor":48,"turns":1},{"damage":42,"enemies":"Time Eater","floor":50,"turns":3}],"seed_played":"-551773973499908767","potions_obtained":[{"floor":4.0,"key":"AttackPotion"},{"floor":11.0,"key":"Swift Potion"},{"floor":16.0,"key":"LiquidBronze"}],"is_trial":false,"path_per_floor":["M","?","M","M","$","E","R","?","T","$","M","R","M","T","R","B",null,"M","?","$","M","M","E","R","E","T","M","M","M","?","$","R","B",null,"M","?","M","$","?","R","$","R","T","M","M","$","M","M","R","B",null],"character_chosen":"IRONCLAD","items_purchased":[],"campfire_rested":4,"item_purchase_floors":[],"current_hp_per_floor":[60,60,66,68,68,50,74,67,67,67,59,59,57,57,57,31,80,80,80,80,80,68,41,67,29,29,33,8,7,7,7,33,39,87,87,83,68,68,68,68,68,68,68,74,79,79,41,47,71,35],"gold":57,"neow_bonus":"REMOVE_TWO","is_daily":false,"chose_seed":false,"campfire_upgraded":4,"win_rate":0.0,"timestamp":1609428685,"path_taken":["M","?","M","M","$","E","R","?","T","?","?","R","M","?","R","BOSS","M","?","$","M","M","E","R","E","T","?","M","M","?","$","R","BOSS","M","?","M","$","?","R","?","R","T","M","?","$","M","M","R","BOSS"],"items_purchased_type":[],"build_version":"2020-12-22","purchased_purges":5,"victory":true,"max_hp_per_floor":[80,80,80,80,80,80,80,80,80,80,80,80,80,80,80,80,80,80,80,80,80,80,87,87,87,87,87,87,87,87,87,87,87,87,87,83,83,83,83,83,83,83,83,83,83,83,83,83,83,83],"card_choices":[{"not_picked":["Headbutt","Shockwave","Clothesline"],"picked":"SKIP","floor":1.0},{"not_picked":["Combust","Shrug It Off","Fire Breathing"],"picked":"SKIP","floor":3.0},{"not_picked":["Headbutt","Anger","Havoc"],"picked":"SKIP","floor":4.0},{"not_picked":["Rupture","Pommel Strike"],"picked":"Dropkick","floor":6.0},{"not_picked":["Shrug It Off","Feel No Pain","Rampage"],"picked":"SKIP","floor":11.0},{"not_picked":["Pommel Strike","Rupture","Warcry"],"picked":"SKIP","floor":13.0},{"not_picked":["Sever Soul+1","Perfected Strike+1","Blood for Blood"],"picked":"SKIP","floor":18.0},{"not_picked":["Warcry","Sword Boomerang","Searing Blow"],"picked":"SKIP","floor":21.0},{"not_picked":["Twin Strike","Flame Barrier","Havoc"],"picked":"SKIP","floor":22.0},{"not_picked":["Heavy Blade","Flex","Searing Blow"],"picked":"SKIP","floor":23.0},{"not_picked":["Power Through","Wild Strike","Twin Strike"],"picked":"SKIP","floor":25.0},{"not_picked":["Immolate","Uppercut","Entrench"],"picked":"SKIP","floor":27.0},{"not_picked":["Headbutt","Wild Strike","Clash+1"],"picked":"SKIP","floor":28.0},{"not_picked":["Pommel Strike","Heavy Blade"],"picked":"Dropkick","floor":29.0},{"not_picked":["Reckless Charge","Whirlwind","Metallicize+1"],"picked":"SKIP","floor":35.0},{"not_picked":["Thunderclap","Clothesline"],"picked":"Flex+1","floor":37},{"not_picked":["Power Through+1","Shrug It Off+1","Pummel+1","Infernal Blade"],"picked":"SKIP","floor":44},{"not_picked":["Cleave+1","Bloodletting+1","Iron Wave+1","Clash+1"],"picked":"SKIP","floor":45},{"not_picked":["Iron Wave+1","Body Slam+1","Entrench+1","Fire Breathing+1"],"picked":"SKIP","floor":47},{"not_picked":["Body Slam","Bloodletting+1","Pummel","Infernal Blade+1"],"picked":"SKIP","floor":48}],"player_experience":120401,"relics_obtained":[{"floor":6.0,"key":"Pen Nib"},{"floor":9.0,"key":"Vajra"},{"floor":14.0,"key":"Orichalcum"},{"floor":23.0,"key":"Strawberry"},{"floor":25.0,"key":"Omamori"},{"floor":26.0,"key":"MawBank"},{"floor":43,"key":"Question Card"}],"event_choices":[{"cards_removed":["Strike_R"],"damage_healed":0.0,"max_hp_gain":0.0,"max_hp_loss":0.0,"gold_gain":0.0,"event_name":"The Cleric","player_choice":"Card Removal","floor":2.0,"gold_loss":50.0,"damage_taken":0.0},{"cards_removed":["Strike_R"],"damage_healed":0.0,"max_hp_gain":0.0,"max_hp_loss":0.0,"gold_gain":0.0,"event_name":"Golden Wing","player_choice":"Card Removal","floor":8.0,"gold_loss":0.0,"damage_taken":7.0},{"damage_healed":0.0,"max_hp_gain":0.0,"max_hp_loss":0.0,"gold_gain":0.0,"event_name":"WeMeetAgain","player_choice":"Gave Potion","floor":19.0,"gold_loss":0.0,"damage_taken":0.0,"relics_obtained":["Gambling Chip"]},{"damage_healed":0.0,"max_hp_gain":0.0,"max_hp_loss":0.0,"gold_gain":0.0,"event_name":"Ghosts","player_choice":"Ignored","floor":30.0,"gold_loss":0.0,"damage_taken":0.0},{"damage_healed":0.0,"max_hp_gain":0.0,"max_hp_loss":4.0,"gold_gain":0.0,"event_name":"Winding Halls","player_choice":"Max HP","floor":36.0,"gold_loss":0.0,"damage_taken":0.0},{"damage_healed":0,"gold_gain":0,"player_choice":"Paid","damage_taken":0,"relics_obtained":["Red Mask"],"max_hp_gain":0,"max_hp_loss":0,"event_name":"Tomb of Lord Red Mask","floor":39,"gold_loss":62}],"is_beta":false,"boss_relics":[{"not_picked":["Snecko Eye","Mark of Pain"],"picked":"Sozu"},{"not_picked":["Black Blood","Tiny House"],"picked":"Black Star"}],"items_purged_floors":[5,10,20,31,38],"is_endless":false,"potions_floor_spawned":[4,11,16,18,23,27,35,37,48],"ascension_level":0}}