{"host":"1zfbckszmdcrhnfi","time":1609391039,"event":{"mods":["AchievementEnabler","BaseMod","Colored Map","Downfall","Marisa£®ÏF”Í°°ƒß¿Ì…≥£©","Minty Spire (QoL Compilation)","Replay The Spire","Shop Mod","StSLib","The Cursed","The Servant 0.9.4"],"gold_per_floor":[113,1,1,16,16,16,16,29,53,53,53,91,91,91,114,147,147,147,147],"floor_reached":18,"playtime":601,"items_purged":["Strike_G"],"score":118,"play_id":"1d7650fd-47fa-407a-91fe-703d2c3c075e","local_time":"20201231130359","is_ascension_mode":false,"campfire_choices":[{"data":"Neutralize","floor":6.0,"key":"SMITH"},{"floor":11.0,"key":"RECALL"},{"floor":17,"key":"REST"}],"circlet_count":0,"master_deck":["Strike_G","Strike_G","Strike_G","Strike_G","Defend_G","Defend_G","Defend_G","Defend_G","Defend_G","Survivor","Neutralize+1","Backstab","Outmaneuver","Outmaneuver","Outmaneuver","Backstab","Underhanded Strike"],"relics":["Ring of the Snake","NeowsBlessing","Golden Idol","ReplayTheSpireMod:Ring of Addiction","Potion Belt","White Beast Statue","Golden Egg","Strawberry","PreservedInsect","Oddly Smooth Stone"],"acts_visited":["Exordium"],"potions_floor_usage":[16,16,18],"damage_taken":[{"damage":0.0,"enemies":"Jaw Worm","floor":1.0,"turns":1.0},{"damage":0.0,"enemies":"Small Slimes","floor":4.0,"turns":1.0},{"damage":0.0,"enemies":"2 Louse","floor":8.0,"turns":1.0},{"damage":22.0,"enemies":"Gremlin Nob","floor":12.0,"turns":5.0},{"damage":1.0,"enemies":"Blue Slaver","floor":15.0,"turns":3.0},{"damage":15,"enemies":"Lagavulin","floor":16,"turns":10},{"damage":43,"enemies":"Fading Forest","floor":18,"turns":8}],"seed_played":"6966687583606369912","potions_obtained":[{"floor":1.0,"key":"GhostInAJar"},{"floor":4.0,"key":"SmokeBomb"},{"floor":5.0,"key":"Poison Potion"},{"floor":5.0,"key":"Toxic Potion"},{"floor":5.0,"key":"BlessingOfTheForge"},{"floor":8.0,"key":"Fire Potion"},{"floor":12.0,"key":"GhostInAJar"},{"floor":15.0,"key":"Fire Potion"},{"floor":16,"key":"PowerPotion"}],"is_trial":false,"path_per_floor":["M","$","?","M","?","R","?","M","T","$","R","E","PTL","PTL","M","E","R","B"],"character_chosen":"THE_SILENT","items_purchased":["Outmaneuver"],"campfire_rested":1,"item_purchase_floors":[2],"current_hp_per_floor":[70,70,65,65,65,65,47,47,54,54,54,32,32,32,31,16,36,3,3],"gold":147,"neow_bonus":"THREE_ENEMY_KILL","is_daily":false,"chose_seed":false,"campfire_upgraded":1,"win_rate":0.0,"timestamp":1609391039,"path_taken":["M","$","?","M","?","R","?","M","T","?","R","E","PTL","PTL","M","E","R","BOSS"],"items_purchased_type":["Card"],"build_version":"2020-12-22","purchased_purges":1,"victory":false,"max_hp_per_floor":[70,70,65,65,65,65,65,65,70,70,70,68,68,68,68,68,68,68,68],"card_choices":[{"not_picked":["Choke","ReplayTheSpireMod:Exploit Weakness"],"picked":"Backstab","floor":1.0},{"not_picked":["Underhanded Strike","Escape Plan"],"picked":"Outmaneuver","floor":4.0},{"not_picked":["Sucker Punch","Expertise","Sneak Up"],"picked":"SKIP","floor":8.0},{"not_picked":["Calculated Gamble","Acrobatics"],"picked":"Backstab","floor":12.0},{"not_picked":["Dagger Throw","Blade Dance"],"picked":"Underhanded Strike","floor":15.0},{"not_picked":["Burst","Slice","Infinite Blades"],"picked":"SKIP","floor":16}],"player_experience":150165,"relics_obtained":[{"floor":5.0,"key":"ReplayTheSpireMod:Ring of Addiction"},{"floor":5.0,"key":"Potion Belt"},{"floor":5.0,"key":"White Beast Statue"},{"floor":9.0,"key":"Strawberry"},{"floor":12.0,"key":"PreservedInsect"},{"floor":16,"key":"Oddly Smooth Stone"}],"event_choices":[{"damage_healed":0.0,"max_hp_gain":0.0,"max_hp_loss":5.0,"gold_gain":0.0,"event_name":"Golden Idol","player_choice":"Lose Max HP","floor":3.0,"gold_loss":0.0,"damage_taken":0.0,"relics_obtained":["Golden Idol"]},{"damage_healed":0.0,"max_hp_gain":0.0,"max_hp_loss":0.0,"gold_gain":0.0,"event_name":"Scrap Ooze","player_choice":"Success","floor":7.0,"gold_loss":0.0,"damage_taken":18.0,"relics_obtained":["Golden Egg"]}],"is_beta":false,"boss_relics":[],"items_purged_floors":[2],"is_endless":false,"potions_floor_spawned":[1,4,8,12,15,16],"killed_by":"Fading Forest","ascension_level":0}}