{"host":"6dypmz777xraikqf","time":1609391555,"event":{"mods":["AchievementEnabler","BaseMod","BetterRewards","Colored Map","Colored Powertips","Downfall","Highlight Path","Hubris","Infinite Spire","Minty Spire (QoL Compilation)","Replay The Spire","StSLib"],"gold_per_floor":[111,208,220,14,14,14,29,29,29,58,58,73,85,85,85,185,185,203,222,251,176,176,176,176,188,188,205,205,205,225,245,245,245,245],"floor_reached":33,"playtime":1331,"items_purged":["Strike_B"],"score":259,"play_id":"71e69389-39f6-4404-adbc-e2a37348a1f1","local_time":"20201231051235","is_ascension_mode":true,"campfire_choices":[{"data":"Double Energy","floor":6.0,"key":"SMITH"},{"data":"Defragment","floor":8.0,"key":"SMITH"},{"floor":15.0,"key":"REST"},{"floor":23,"key":"REST"},{"floor":32,"key":"REST"}],"circlet_count":0,"master_deck":["Strike_B+1","Strike_B+1","Strike_B+1","Defend_B+1","Defend_B+1","Defend_B+1","Defend_B+1","Zap+1","Dualcast","Fusion","Redo","BasicCrystalCard","BootSequence","Double Energy+1","Defragment+1","Coolheaded","Lockon","Electrodynamics","ReplayRNGCard","Turbo+1","Conserve Battery+1","Leap+1","infinitespire:Collect","Redo+1","infinitespire:Collect","ReplayRNGCard","Cold Snap"],"relics":["Cracked Core","hubris:OldNail","Kunai","Whetstone","Fusion Hammer","Red Mask","Vajra","infinitespire:Beetle Shell"],"acts_visited":["Exordium","TheCity"],"potions_floor_usage":[33,33],"damage_taken":[{"damage":0.0,"enemies":"2 Louse","floor":1.0,"turns":3.0},{"damage":0.0,"enemies":"Small Slimes","floor":3.0,"turns":3.0},{"damage":1.0,"enemies":"Jaw Worm","floor":7.0,"turns":3.0},{"damage":46.0,"enemies":"Gremlin Nob","floor":10.0,"turns":6.0},{"damage":1.0,"enemies":"Red Slaver","floor":12.0,"turns":3.0},{"damage":0.0,"enemies":"3 Louse","floor":13.0,"turns":3.0},{"damage":20.0,"enemies":"Slime Boss","floor":16.0,"turns":8.0},{"damage":17,"enemies":"Shell Parasite","floor":18,"turns":6},{"damage":25,"enemies":"Spheric Guardian","floor":19,"turns":6},{"damage":0,"enemies":"Masked Bandits","floor":20,"turns":2},{"damage":18,"enemies":"Shelled Parasite and Fungi","floor":25,"turns":4},{"damage":17,"enemies":"3 Cultists","floor":27,"turns":5},{"damage":0,"enemies":"Centurion and Healer","floor":30,"turns":5},{"damage":0,"enemies":"Chosen and Byrds","floor":31,"turns":3},{"damage":24,"enemies":"Pondfish","floor":33,"turns":5}],"seed_played":"1366052096973776780","potions_obtained":[{"floor":1.0,"key":"EssenceOfSteel"},{"floor":12.0,"key":"Flashbang"},{"floor":16.0,"key":"EssenceOfSteel"},{"floor":18,"key":"Fire Potion"},{"floor":27,"key":"Fire Potion"},{"floor":31,"key":"Venom Potion"}],"is_trial":false,"path_per_floor":["M","?","M","$","?","R","M","R","T","E","$","M","M","?","R","B",null,"M","M","?","?","?","R","?","M","T","M","?","?","M","M","R","B"],"character_chosen":"DEFECT","items_purchased":["Defragment","Coolheaded"],"campfire_rested":3,"item_purchase_floors":[4,4],"current_hp_per_floor":[75,75,75,75,75,75,74,74,74,28,28,27,27,27,49,29,75,58,33,33,33,15,37,37,19,19,2,2,2,2,2,24,0,0],"gold":245,"neow_bonus":"","is_daily":false,"chose_seed":false,"campfire_upgraded":2,"win_rate":0.0,"timestamp":1609391555,"path_taken":["M","?","M","$","?","R","?","R","T","E","?","?","M","?","R","BOSS","M","M","?","?","?","R","?","M","T","?","?","?","M","M","R","BOSS"],"items_purchased_type":["Card","Card"],"build_version":"2020-12-22","purchased_purges":1,"victory":false,"max_hp_per_floor":[75,75,75,75,75,75,75,75,75,75,75,75,75,75,75,75,75,75,75,75,75,75,75,75,75,75,75,75,75,75,75,75,75,75],"card_choices":[{"not_picked":["Skim","Coolheaded"],"picked":"Redo","floor":1.0},{"not_picked":["Fusion","Consume"],"picked":"BasicCrystalCard","floor":2.0},{"not_picked":["Streamline","Beam Cell"],"picked":"BootSequence","floor":2.0},{"not_picked":["BasicCrystalCard","Steam Power"],"picked":"Double Energy","floor":3.0},{"not_picked":["Panic Button","hubris:PowerSurge"],"picked":"Lockon","floor":7.0},{"not_picked":["Compile Driver","Barrage"],"picked":"Electrodynamics","floor":10.0},{"not_picked":["ReplayTheSpireMod:Repulse","Turbo","Barrage"],"picked":"SKIP","floor":12.0},{"not_picked":["Steam Power","Panic Button","Hologram"],"picked":"SKIP","floor":13.0},{"not_picked":["All For One","Seek"],"picked":"ReplayRNGCard","floor":16.0},{"not_picked":["Gash","Sweeping Beam"],"picked":"Turbo+1","floor":18},{"not_picked":["Sweeping Beam","Go for the Eyes"],"picked":"Conserve Battery+1","floor":19},{"not_picked":["Compile Driver","Darkness"],"picked":"Leap+1","floor":20},{"not_picked":["infinitespire:FutureSight","ReplayTheSpireMod:Haul"],"picked":"infinitespire:Collect","floor":22},{"not_picked":["Redo","Beam Cell","Cold Snap"],"picked":"SKIP","floor":25},{"not_picked":["hubris:PowerSurge","Turbo"],"picked":"Redo+1","floor":27},{"not_picked":["Redo+1","FTL"],"picked":"ReplayRNGCard","floor":30},{"not_picked":["Ball Lightning","Hologram"],"picked":"Cold Snap","floor":31}],"player_experience":45657,"relics_obtained":[{"floor":2.0,"key":"hubris:OldNail"},{"floor":9.0,"key":"Kunai"},{"floor":10.0,"key":"Whetstone"},{"floor":20,"key":"Red Mask"},{"floor":26,"key":"infinitespire:Beetle Shell"}],"event_choices":[{"damage_healed":0.0,"max_hp_gain":0.0,"max_hp_loss":0.0,"gold_gain":0.0,"event_name":"Wheel of Change","player_choice":"Cursed","floor":5.0,"gold_loss":0.0,"damage_taken":0.0,"cards_obtained":["Decay"]},{"damage_healed":0.0,"max_hp_gain":0.0,"max_hp_loss":0.0,"gold_gain":0.0,"event_name":"Living Wall","player_choice":"Grow","floor":14.0,"gold_loss":0.0,"damage_taken":0.0,"cards_upgraded":["Zap"]},{"damage_healed":0,"gold_gain":0,"player_choice":"Fought Bandits","damage_taken":0,"max_hp_gain":0,"max_hp_loss":0,"event_name":"Masked Bandits","floor":20,"gold_loss":0},{"cards_removed":["Decay"],"damage_healed":0,"gold_gain":0,"player_choice":"Gave Gold","damage_taken":0,"max_hp_gain":0,"max_hp_loss":0,"event_name":"Beggar","floor":21,"gold_loss":75},{"damage_healed":0,"gold_gain":0,"player_choice":"Gave Potion","damage_taken":0,"relics_obtained":["Vajra"],"max_hp_gain":0,"max_hp_loss":0,"event_name":"WeMeetAgain","floor":24,"gold_loss":0},{"damage_healed":0,"gold_gain":0,"player_choice":"Simplicity","damage_taken":0,"max_hp_gain":0,"max_hp_loss":0,"event_name":"Back to Basics","floor":28,"gold_loss":0,"cards_upgraded":["Strike_B","Defend_B","Defend_B","Defend_B","Defend_B"]},{"damage_healed":0,"gold_gain":0,"player_choice":"Copied","damage_taken":0,"max_hp_gain":0,"max_hp_loss":0,"event_name":"Duplicator","floor":29,"gold_loss":0,"cards_obtained":["infinitespire:Collect"]}],"is_beta":false,"boss_relics":[{"not_picked":["hubris:Backtick","Replay:Wanted Poster"],"picked":"Fusion Hammer"}],"items_purged_floors":[4],"is_endless":false,"potions_floor_spawned":[1,12,16,18,27,31],"killed_by":"Pondfish","ascension_level":1}}