{"host":"4c7oxphrh4ok8x7u","time":1609435502,"event":{"mods":["2.2 Compatiblity","Act Like it!","Arknights The Spire","Aspiration","BaseMod","Better Skull","Better Vampires","BetterRewards","Challenge The Spire","Conjunction","Conspire","Custom Start","Dota2Spire","Ekko","Evolution","Friendly Minions","FruityMod","GifTheSpireLib","Halation","Hermit","HololiveMod","Hubris","Hyrulean Relics","Jedi Mod","Kratos Character Expansion","Minty Spire (QoL Compilation)","MostiFishMod","Permanent Neow","Prisma Mod","Quarter Circle Forward PUNCH!","RatMod","Replay The Spire","Robot Space Explorer","SCP261 Mod","Shade Mod","Slay the Relics Exporter","Small Relic Pack","Spicy Shops","Spikes Relics","Spires And Sneckos","StSLib","Stuff the Spire","The Animator","The Blue Laboratory","The Death Knight","The Edgeheg","The Exalted","The Fake Hero","The Trickster","TheWitcher","Wandering Minibosses"],"gold_per_floor":[413,432,191,191,39,64,83,83,109,120,131,163,163,108,108,209,209,220,240,252,263,274,303,303,243,243,258,258,112,131,141,141,239,239,251,251,8,8,8,42,62,79,106,106,106,106,121,134,134,134,134,134,59,94,94],"floor_reached":56,"playtime":2466,"items_purged":["Fluid Movement"],"score":1336,"play_id":"47fb52c4-8938-465e-a548-2830bb8ef383","local_time":"20201231202502","is_ascension_mode":false,"campfire_choices":[{"data":"rat:SiphonSilver","floor":8,"key":"SMITH"},{"data":"jedi:collectorvenom","floor":15,"key":"SMITH"},{"floor":24,"key":"RECALL"},{"data":"rat:SilverCoating","floor":32,"key":"SMITH"},{"data":"Accuracy","floor":44,"key":"SMITH"},{"data":"StuffTheSpire:BrainWave","floor":46,"key":"SMITH"},{"data":"ReplayTheSpireMod:Scrap Shanks","floor":49,"key":"SMITH"},{"data":"Infinite Blades","floor":52,"key":"SMITH"}],"circlet_count":0,"master_deck":["rat:SilveredBlade+1","rat:SilveredBlade+1","rat:SilveredBlade+1","Defend_G","Defend_G","Defend_G","Defend_G","Survivor","Neutralize","jedi:collectorvenom+1","rat:SiphonSilver+1","Accuracy+1","Infinite Blades+1","Infinite Blades","rat:SilverCoating+1","rat:ColdBlood+1","ReplayTheSpireMod:Scrap Shanks+1","Poisoned Strike+1","hubris:DuctTapeCard","StuffTheSpire:BrainWave+1","rat:SilverDagger+1"],"relics":["EVO:Axolotl","DaveBox","Old Coin","SynthV:TestCard","RetroEgg","Sizzling Blood","ats:Originium","Mercury Hourglass","aspiration:VileToxins","Replay:Bottled Eggs","PatriotShield","Dota2Spire:LotusOrb","aspiration:Nostalgia","theEdgeheg:CSGunRelic","RhineCircuit","wanderingMiniBosses:Blackblade","hubris:DuctTape","rat:RedSneckoSkull","halation:LettersToHer","hubris:Icosahedron","StuffTheSpire:Barrel"],"acts_visited":["Exordium","TheCity","TheBeyond","TheEnding"],"potions_floor_usage":[6,10,16,55,55],"damage_taken":[{"damage":2,"enemies":"2 Louse","floor":1,"turns":4},{"damage":4,"enemies":"Small Slimes","floor":2,"turns":3},{"damage":26,"enemies":"3 Sentries","floor":6,"turns":11},{"damage":0,"enemies":"Cultist","floor":7,"turns":4},{"damage":8,"enemies":"Large Slime","floor":10,"turns":7},{"damage":13,"enemies":"2 Fungi Beasts","floor":11,"turns":4},{"damage":13,"enemies":"Lagavulin","floor":12,"turns":7},{"damage":56,"enemies":"Fading Forest","floor":16,"turns":11},{"damage":0,"enemies":"2 Thieves","floor":18,"turns":3},{"damage":0,"enemies":"Shell Parasite","floor":19,"turns":3},{"damage":1,"enemies":"Snake Plant","floor":20,"turns":2},{"damage":0,"enemies":"3 Cultists","floor":21,"turns":4},{"damage":0,"enemies":"Shelled Parasite and Fungi","floor":22,"turns":3},{"damage":0,"enemies":"Book of Stabbing","floor":23,"turns":4},{"damage":0,"enemies":"Snake Plant","floor":27,"turns":2},{"damage":0,"enemies":"Cultist and Chosen","floor":30,"turns":3},{"damage":0,"enemies":"Snecko","floor":31,"turns":3},{"damage":0,"enemies":"Automaton","floor":33,"turns":5},{"damage":0,"enemies":"3 Shapes","floor":35,"turns":6},{"damage":0,"enemies":"R_Hoarder","floor":40,"turns":3},{"damage":0,"enemies":"Orb Walker","floor":41,"turns":1},{"damage":0,"enemies":"Writhing Mass","floor":42,"turns":2},{"damage":0,"enemies":"Transient","floor":47,"turns":5},{"damage":0,"enemies":"Maw","floor":48,"turns":3},{"damage":1,"enemies":"Donu and Deca","floor":50,"turns":4},{"damage":8,"enemies":"Shield and Spear","floor":54,"turns":4},{"damage":11,"enemies":"The Heart","floor":55,"turns":5}],"seed_played":"1241474377435014820","potions_obtained":[{"floor":1,"key":"PowerPotion"},{"floor":6,"key":"jedi:StrikingPotion"},{"floor":11,"key":"blueLaboratory:ArtistsPotion"},{"floor":16,"key":"Milkshake"},{"floor":20,"key":"Swift Potion"},{"floor":21,"key":"Dota2Spire:HealingSalve"},{"floor":30,"key":"LifebloodPotion"},{"floor":42,"key":"Ancient Potion"}],"is_trial":false,"path_per_floor":["M","M","$","?","$","E","M","R","T","M","M","E","?","$","R","B",null,"M","M","M","M","M","E","R","?","T","M","?","$","M","M","R","B",null,"M","?","$","?","?","E","M","M","T","R","?","R","M","M","R","B",null,"R","$","E","B",null],"character_chosen":"THE_SILENT","items_purchased":["RetroEgg","StuffTheSpire:Experiment12","Infinite Blades","aspiration:Nostalgia","hubris:DuctTape"],"campfire_rested":0,"item_purchase_floors":[3,5,14,29,37],"current_hp_per_floor":[68,64,64,68,68,46,50,50,50,66,65,74,74,74,74,57,74,74,74,74,74,74,74,74,74,74,74,74,74,74,74,74,74,74,74,74,74,74,74,74,74,74,74,74,74,74,74,74,74,74,74,74,74,74,74],"gold":94,"neow_bonus":"REMOVE_CARD","is_daily":false,"chose_seed":false,"campfire_upgraded":7,"win_rate":0.0,"timestamp":1609435502,"path_taken":["M","M","$","?","$","E","M","R","T","M","M","E","?","$","R","BOSS","M","M","M","M","M","E","R","?","T","M","?","$","M","M","R","BOSS","M","?","$","?","?","E","?","M","T","R","?","R","M","M","R","BOSS","R","$","E","BOSS"],"items_purchased_type":["Relic","Relic","Card","Relic","Relic"],"build_version":"2020-12-22","purchased_purges":1,"victory":true,"max_hp_per_floor":[70,70,70,74,74,74,74,74,74,74,74,74,74,74,74,74,74,74,74,74,74,74,74,74,74,74,74,74,74,74,74,74,74,74,74,74,74,74,74,74,74,74,74,74,74,74,74,74,74,74,74,74,74,74,74],"card_choices":[{"not_picked":["Outmaneuver","MostiFishMod:ThornCasing"],"picked":"Fluid Movement","floor":1},{"not_picked":["Flying Knee","Backflip","Choke","StuffTheSpire:ClusterCrunch","rat:SilveredBlade"],"picked":"SKIP","floor":2},{"not_picked":["Flying Knee","StuffTheSpire:Python","jedi:unstablefumes","Cloak And Dagger"],"picked":"jedi:collectorvenom","floor":6},{"not_picked":["rat:SilverDagger","MostiFishMod:Wind","jedi:collectorvenom","PiercingWail"],"picked":"rat:SiphonSilver","floor":7},{"not_picked":["PiercingWail","jedi:collectorvenom","rat:Sprint","rat:Exsanguinate"],"picked":"Accuracy","floor":10},{"not_picked":["Underhanded Strike","Poisoned Stab","MostiFishMod:SpreadingSpore","Blade Dance"],"picked":"jedi:collectorvenom","floor":11},{"not_picked":["Replay:Poison Smokescreen","Blade Dance","jedi:collectorvenom","Deadly Poison","Dash"],"picked":"SKIP","floor":12},{"not_picked":["MostiFishMod:Neurotoxin","MostiFishMod:Listen","Die Die Die","ReplayTheSpireMod:From All Sides"],"picked":"rat:SilverCoating","floor":16},{"not_picked":["StuffTheSpire:Python","jedi:collectorvenom+1","PiercingWail","rat:Shadowstep+1"],"picked":"rat:ColdBlood+1","floor":18},{"not_picked":["Dagger Throw","rat:WitheringShackles","Flying Knee","Prepared+1"],"picked":"conspire:PoisonWeapons+1","floor":19},{"not_picked":["jedi:pocketpoison","rat:ArgentInfusion","jedi:acidrain+1","Quick Slash"],"picked":"jedi:collectorvenom+1","floor":20},{"not_picked":["MostiFishMod:FrostNova","ReplayTheSpireMod:Scrap Shanks+1","Dagger Spray","StuffTheSpire:ClusterCrunch+1"],"picked":"jedi:collectorvenom+1","floor":21},{"not_picked":["Dagger Spray+1","hubris:SlightOfHand","rat:ColdBlood","Eviscerate"],"picked":"jedi:collectorvenom+1","floor":22},{"not_picked":["jedi:pocketpoison","Sucker Punch","StuffTheSpire:Incursion","Quick Slash"],"picked":"jedi:collectorvenom+1","floor":23},{"not_picked":["MostiFishMod:Listen","StuffTheSpire:Repulse","jedi:pocketpoison+1","jedi:collectorvenom+1"],"picked":"ReplayTheSpireMod:Scrap Shanks","floor":27},{"not_picked":["Backflip","Footwork","conspire:DoublingDagger","rat:Shadowstep"],"picked":"jedi:collectorvenom+1","floor":30},{"not_picked":["jedi:pocketpoison","Flying Knee+1","rat:Shadowstep+1","StuffTheSpire:Injection+1"],"picked":"jedi:collectorvenom+1","floor":31},{"not_picked":["A Thousand Cuts","Atom Bomb","Grand Finale","Storm of Steel"],"picked":"jedi:collectorvenom+1","floor":33},{"not_picked":["Deflect+1","PiercingWail","hubris:SlightOfHand+1","Replay:Poison Smokescreen"],"picked":"jedi:collectorvenom+1","floor":35},{"not_picked":["wanderingMiniBosses:FinaleOfPromise"],"picked":"SKIP","floor":35},{"not_picked":["Discovery","Finesse","ReplayTheSpireMod:Brewmster","Bandage Up"],"picked":"Poisoned Strike","floor":36},{"not_picked":["StuffTheSpire:Rapture","StuffTheSpire:Brawn"],"picked":"StuffTheSpire:BrainWave","floor":38},{"not_picked":["Bouncing Flask","Prepared","Hidden Blade+1","Deflect+1"],"picked":"jedi:collectorvenom+1","floor":40},{"not_picked":["Finisher+1","StuffTheSpire:Injection+1","StuffTheSpire:BrimstoneBlast+1","StuffTheSpire:ClusterCrunch"],"picked":"jedi:collectorvenom+1","floor":41},{"not_picked":["hubris:Sniper+1","MostiFishMod:PerfectParry","rat:ArgentInfusion","Dagger Spray+1"],"picked":"jedi:collectorvenom+1","floor":42},{"not_picked":["StuffTheSpire:Python+1","hubris:TrickCloak","StuffTheSpire:ClusterCrunch","Bane"],"picked":"jedi:collectorvenom+1","floor":47},{"not_picked":["rat:SilveredBlade+1","Dagger Throw+1","rat:Sprint+1","Expertise"],"picked":"jedi:collectorvenom+1","floor":48},{"not_picked":["StuffTheSpire:Fury+1","jedi:collectorvenom+1","Backflip+1","Flechettes"],"picked":"rat:SilverDagger","floor":54}],"player_experience":646921,"relics_obtained":[{"floor":1,"key":"SynthV:TestCard"},{"floor":6,"key":"ats:Originium"},{"floor":6,"key":"Mercury Hourglass"},{"floor":9,"key":"aspiration:VileToxins"},{"floor":12,"key":"ats:Originium"},{"floor":12,"key":"Replay:Bottled Eggs"},{"floor":23,"key":"ats:Originium"},{"floor":23,"key":"Dota2Spire:LotusOrb"},{"floor":35,"key":"wanderingMiniBosses:Blackblade"},{"floor":40,"key":"rat:RedSneckoSkull"},{"floor":43,"key":"halation:LettersToHer"},{"floor":54,"key":"StuffTheSpire:Barrel"}],"event_choices":[{"damage_healed":0,"gold_gain":0,"cards_transformed":["Strike_G"],"player_choice":"Transformed","damage_taken":0,"max_hp_gain":0,"max_hp_loss":0,"event_name":"Transmorgrifier","floor":13,"gold_loss":0,"cards_obtained":["Unload"]},{"damage_healed":0,"gold_gain":0,"player_choice":"Ignored","damage_taken":0,"max_hp_gain":0,"max_hp_loss":0,"event_name":"Vampires","floor":28,"gold_loss":0},{"damage_healed":0,"gold_gain":0,"player_choice":"Memory 1","damage_taken":0,"max_hp_gain":0,"max_hp_loss":0,"event_name":"SensoryStone","floor":36,"gold_loss":0},{"cards_removed":["Defend_G"],"damage_healed":0,"gold_gain":0,"player_choice":"Removed Skill","damage_taken":0,"max_hp_gain":0,"max_hp_loss":0,"event_name":"Falling","floor":39,"gold_loss":0}],"is_beta":false,"boss_relics":[{"not_picked":["hubris:HollowSoul","hubris:Stopwatch"],"picked":"PatriotShield"},{"not_picked":["ReplayTheSpireMod:DimensionalGlitch","hubris:BlackHole"],"picked":"RhineCircuit"}],"items_purged_floors":[53],"is_endless":false,"potions_floor_spawned":[1,6,11,16,20,21,22,27,30,35,40,42],"ascension_level":0}}