{"host":"963ykkbusvcbqwtq","time":1609412684,"event":{"mods":["2.2 Compatiblity","AchievementEnabler","Arknights The Spire","BaseMod","Colored Map","GifTheSpireLib","GungeonMod","Lobotomy","Luminous","Minty Spire (QoL Compilation)","StSLib","SuperFastMode","The Bug Knight"],"gold_per_floor":[116,312,332,610,610,635,635,670,670,685,685,715,727,749,749,749,749],"floor_reached":16,"playtime":563,"items_purged":["DemoMod:Strike_Huntress","DemoMod:Strike_Huntress"],"score":232,"play_id":"1972d2a3-ab7c-420e-90ff-54ec014768b1","local_time":"20201231200444","is_ascension_mode":true,"campfire_choices":[{"floor":11,"key":"REST"},{"floor":15,"key":"REST"}],"circlet_count":0,"master_deck":["DemoMod:Strike_Huntress","DemoMod:Defend_Huntress","DemoMod:Defend_Huntress","DemoMod:Defend_Huntress","DemoMod:Defend_Huntress","DemoMod:Roll","DemoMod:ManualReload","DemoMod:RustySidearm","DemoMod:CrossBow","DemoMod:SkilledReload","DemoMod:FastSwitch","DemoMod:GunShield","DemoMod:TripleGun","DemoMod:SniperShot","DespairKnight","DemoMod:FightSabre","DemoMod:ProbeStrike"],"relics":["DemoMod:Dog","CogitoBucket","RabbitCall","DemoMod:MonsterBlood","DemoMod:GnawedKey","Mango","Strange Spoon","HollowMod:LifeEnderRelic","Bag of Preparation","Strawberry","Mummified Hand","DemoMod:CrisisStone","Kunai","Peace Pipe","AspirationHeart"],"acts_visited":["Exordium"],"potions_floor_usage":[],"damage_taken":[{"damage":2,"enemies":"Jaw Worm","floor":1,"turns":4},{"damage":14,"enemies":"2 Louse","floor":3,"turns":2},{"damage":25,"enemies":"Lagavulin","floor":6,"turns":6},{"damage":35,"enemies":"3 Sentries","floor":8,"turns":7},{"damage":0,"enemies":"Cultist","floor":10,"turns":2},{"damage":8,"enemies":"Lagavulin","floor":12,"turns":11},{"damage":10,"enemies":"3 Louse","floor":13,"turns":6},{"damage":6,"enemies":"Large Slime","floor":14,"turns":6},{"damage":60,"enemies":"Slime Boss","floor":16,"turns":6}],"seed_played":"7142313385646381552","potions_obtained":[{"floor":10,"key":"Explosive Potion"},{"floor":14,"key":"Dexterity Potion"}],"is_trial":false,"path_per_floor":["M","$","M","$","?","E","?","E","T","M","R","E","M","M","R","B"],"character_chosen":"HUNTRESS","items_purchased":["DemoMod:MonsterBlood","DemoMod:GnawedKey","Mango","Strange Spoon","HollowMod:LifeEnderRelic","Bag of Preparation","DemoMod:GunShield","DemoMod:TripleGun","DemoMod:SniperShot"],"campfire_rested":2,"item_purchase_floors":[2,2,2,2,4,4,4,4,4],"current_hp_per_floor":[68,89,75,75,64,39,44,9,9,9,39,31,31,25,58,0,0],"gold":749,"neow_bonus":"","is_daily":false,"chose_seed":false,"campfire_upgraded":0,"win_rate":0.0,"timestamp":1609412684,"path_taken":["M","$","M","$","?","E","?","E","T","M","R","E","M","M","R","BOSS"],"items_purchased_type":["Relic","Relic","Relic","Relic","Relic","Relic","Card","Card","Card"],"build_version":"2020-12-22","purchased_purges":2,"victory":false,"max_hp_per_floor":[70,91,91,91,98,98,103,103,103,103,103,103,113,113,113,113,113],"card_choices":[{"not_picked":["DemoMod:AbyssalTentacle","DemoMod:Replace"],"picked":"DemoMod:SkilledReload","floor":1},{"not_picked":["DemoMod:Replace","DemoMod:SniperShot"],"picked":"DemoMod:FastSwitch","floor":3},{"not_picked":["OSAHOGD","SpiderBud"],"picked":"DespairKnight","floor":6},{"not_picked":["DemoMod:Purify","DemoMod:MachoBrace"],"picked":"DemoMod:FightSabre","floor":6},{"not_picked":["DemoMod:FastSwitch","DemoMod:AC15","DemoMod:BoxingGlove"],"picked":"SKIP","floor":8},{"not_picked":["DemoMod:JK47","DemoMod:HighKaliber","DemoMod:StrategicReserve"],"picked":"SKIP","floor":10},{"not_picked":["DemoMod:HardPowerCard","DemoMod:Replace","DemoMod:DirectionalPad"],"picked":"SKIP","floor":12},{"not_picked":["DemoMod:Casey","DemoMod:MachoBrace","DemoMod:ShadowBullets"],"picked":"SKIP","floor":13},{"not_picked":["DemoMod:TeaPot","DemoMod:BattleInHaste"],"picked":"DemoMod:ProbeStrike","floor":14}],"player_experience":223315,"relics_obtained":[{"floor":6,"key":"Mummified Hand"},{"floor":8,"key":"DemoMod:CrisisStone"},{"floor":9,"key":"Kunai"},{"floor":12,"key":"Peace Pipe"}],"event_choices":[{"damage_healed":0,"gold_gain":0,"player_choice":"Success","damage_taken":18,"relics_obtained":["Strawberry"],"max_hp_gain":0,"max_hp_loss":0,"event_name":"Scrap Ooze","floor":5,"gold_loss":0},{"damage_healed":0,"gold_gain":0,"player_choice":"Donut","damage_taken":0,"max_hp_gain":5,"max_hp_loss":0,"event_name":"Big Fish","floor":7,"gold_loss":0}],"is_beta":false,"boss_relics":[],"items_purged_floors":[2,4],"is_endless":false,"potions_floor_spawned":[10,14],"killed_by":"Slime Boss","ascension_level":2}}