{"host":"uc0x0d8zaap3n3zi","time":1609434069,"event":{"mods":["2.2 Compatiblity","AchievementEnabler","Act Like it!","Alarm Clock","BaseMod","Colored Powertips","Downfall","Minty Spire (QoL Compilation)","Pale of the Ancients","Rare Cards Sparkle","Relic Stats","StSLib","The Cursed","The Marked","slay the spire mod where everything is the same but ironclad has a cowboy hat"],"gold_per_floor":[115,131,131,144,155,155,155,169,169,179,194,194,213,244,244,345,345,363,363,363,373,70,70,81,81,81,81,112,112,123,134,134,235,235,255,266,280,280,280,280,10,27,50,50,76,86,86,106,106,106,116,116,116,116,116,116,116],"floor_reached":56,"playtime":4120,"items_purged":["Strike_B"],"score":908,"play_id":"28ae4eaa-42dd-4e0f-a555-d8625bb788f6","local_time":"20210101060109","is_ascension_mode":true,"campfire_choices":[{"data":"Hologram","floor":6,"key":"SMITH"},{"data":"Coolheaded","floor":12,"key":"SMITH"},{"floor":15,"key":"REST"},{"data":"Consume","floor":23,"key":"SMITH"},{"floor":25,"key":"REST"},{"data":"Echo Form","floor":27,"key":"SMITH"},{"floor":32,"key":"REST"},{"floor":40,"key":"REST"},{"data":"Echo Form","floor":44,"key":"SMITH"},{"data":"Echo Form","floor":49,"key":"SMITH"},{"floor":55,"key":"RECALL"}],"circlet_count":0,"master_deck":["Strike_B","Strike_B","Strike_B","Defend_B","Defend_B","Defend_B","Defend_B","Zap","Dualcast","Go for the Eyes","Coolheaded+1","Hologram+1","Redo","Coolheaded+1","Conserve Battery","Barrage","Heatsinks","Echo Form+1","Aggregate","Defragment","Capacitor","Consume+1","Echo Form+1","Coolheaded+1","Amplify","CurseOfTheBell","Chill","Self Repair+1","Turbo","Echo Form+1","Chill+1","Consume"],"relics":["Cracked Core","InkBottle","Art of War","Inserter","MutagenicStrength","DataDisk","CaptainsWheel","Eternal Feather","Calling Bell","Bronze Scales","HornCleat","Prayer Wheel","Lantern","Ice Cream","paleoftheancients:Timepiece","paleoftheancients:KeyRelic","paleoftheancients:SoulOfTheBard","Mango"],"acts_visited":["Exordium","TheCity","TheBeyond","paleoftheancients:PaleOfTheAncients"],"potions_floor_usage":[14,16,16,24,28,36,37],"damage_taken":[{"damage":3,"enemies":"2 Louse","floor":1,"turns":2},{"damage":0,"enemies":"Small Slimes","floor":2,"turns":3},{"damage":0,"enemies":"Cultist","floor":4,"turns":3},{"damage":2,"enemies":"Blue Slaver","floor":5,"turns":4},{"damage":15,"enemies":"3 Louse","floor":8,"turns":4},{"damage":5,"enemies":"Exordium Wildlife","floor":10,"turns":5},{"damage":1,"enemies":"Large Slime","floor":11,"turns":8},{"damage":0,"enemies":"2 Fungi Beasts","floor":13,"turns":5},{"damage":21,"enemies":"Gremlin Nob","floor":14,"turns":4},{"damage":56,"enemies":"Hexaghost","floor":16,"turns":18},{"damage":17,"enemies":"Chosen","floor":18,"turns":7},{"damage":22,"enemies":"Shell Parasite","floor":21,"turns":8},{"damage":5,"enemies":"Snake Plant","floor":24,"turns":4},{"damage":8,"enemies":"Book of Stabbing","floor":28,"turns":7},{"damage":10,"enemies":"Shelled Parasite and Fungi","floor":30,"turns":7},{"damage":37,"enemies":"Cultist and Chosen","floor":31,"turns":6},{"damage":5,"enemies":"Collector","floor":33,"turns":16},{"damage":7,"enemies":"3 Shapes","floor":35,"turns":8},{"damage":2,"enemies":"3 Darklings","floor":36,"turns":11},{"damage":69,"enemies":"Transient","floor":37,"turns":5},{"damage":3,"enemies":"Spire Growth","floor":42,"turns":8},{"damage":0,"enemies":"Giant Head","floor":45,"turns":82},{"damage":10,"enemies":"Maw","floor":46,"turns":8},{"damage":2,"enemies":"Jaw Worm Horde","floor":48,"turns":4},{"damage":17,"enemies":"Time Eater","floor":50,"turns":16},{"damage":30,"enemies":"Time Eater","floor":51,"turns":19},{"damage":96,"enemies":"Time Eater","floor":52,"turns":7},{"damage":103,"enemies":"Time Eater","floor":56,"turns":17}],"seed_played":"-3947640244015405558","potions_obtained":[{"floor":1,"key":"Strength Potion"},{"floor":5,"key":"GamblersBrew"},{"floor":8,"key":"SpeedPotion"},{"floor":16,"key":"GamblersBrew"},{"floor":24,"key":"Block Potion"},{"floor":31,"key":"Fire Potion"},{"floor":33,"key":"LiquidBronze"},{"floor":35,"key":"SkillPotion"},{"floor":42,"key":"FocusPotion"},{"floor":46,"key":"SmokeBomb"}],"is_trial":false,"path_per_floor":["M","M","?","M","M","R","?","M","T","M","M","R","M","E","R","B",null,"M","?","?","M","$","R","M","R","T","R","E","?","M","M","R","B",null,"M","M","M","?","?","R","$","M","T","R","E","M","$","M","R","B","M","M","?","T","R","M"],"character_chosen":"DEFECT","items_purchased":["DataDisk","Capacitor","Consume","Turbo","Lantern"],"campfire_rested":4,"item_purchase_floors":[22,22,22,41,41],"current_hp_per_floor":[79,79,79,79,77,77,82,67,67,62,61,61,61,40,64,8,82,65,65,65,43,43,43,38,62,62,62,54,54,44,7,46,41,82,75,73,14,14,14,52,52,78,78,78,78,78,78,78,78,89,89,89,89,103,103,0,0],"gold":116,"neow_bonus":"TEN_PERCENT_HP_BONUS","is_daily":false,"chose_seed":false,"campfire_upgraded":6,"win_rate":0.0,"timestamp":1609434069,"path_taken":["M","M","?","M","M","R","?","M","T","M","M","R","M","E","R","BOSS","M","?","?","M","$","R","M","R","T","R","E","?","?","M","R","BOSS","M","M","M","?","?","R","?","?","T","R","E","M","$","M","R","BOSS","M","M","?","T","R","M"],"items_purchased_type":["Relic","Card","Card","Card","Relic"],"build_version":"2020-12-22","purchased_purges":1,"victory":false,"max_hp_per_floor":[82,82,82,82,82,82,82,82,82,82,82,82,82,82,82,82,82,82,82,82,82,82,82,82,82,82,82,82,82,82,82,82,82,82,82,82,82,82,78,78,78,78,78,78,78,78,78,78,78,89,89,89,89,103,103,103,103],"relic_stats":{"Inserter":[119],"counters":[28,296],"Bronze Scales":[606],"Eternal Feather":30,"Prayer Wheel":7,"Art of War":[136],"obtain_stats":[{"Ice Cream":45,"Lantern":41,"paleoftheancients:KeyRelic":50,"Inserter":17,"Eternal Feather":28,"Mango":54,"paleoftheancients:SoulOfTheBard":51,"Calling Bell":34,"paleoftheancients:Timepiece":50,"DataDisk":22,"CaptainsWheel":26,"HornCleat":34,"MutagenicStrength":20,"Bronze Scales":34,"Prayer Wheel":34,"Art of War":14,"Cracked Core":0,"InkBottle":9},{"Ice Cream":22,"Lantern":20,"paleoftheancients:KeyRelic":25,"Inserter":10,"Eternal Feather":14,"Mango":27,"paleoftheancients:SoulOfTheBard":26,"Calling Bell":17,"paleoftheancients:Timepiece":25,"DataDisk":12,"CaptainsWheel":13,"HornCleat":17,"MutagenicStrength":11,"Bronze Scales":17,"Prayer Wheel":17,"Art of War":9,"Cracked Core":0,"InkBottle":5},{"Ice Cream":225,"Lantern":135,"paleoftheancients:KeyRelic":253,"Inserter":56,"Eternal Feather":82,"Mango":279,"paleoftheancients:SoulOfTheBard":272,"Calling Bell":111,"paleoftheancients:Timepiece":253,"DataDisk":71,"CaptainsWheel":75,"HornCleat":111,"MutagenicStrength":63,"Bronze Scales":111,"Prayer Wheel":111,"Art of War":38,"Cracked Core":0,"InkBottle":16}],"InkBottle":[130]},"card_choices":[{"not_picked":["Undo","Compile Driver"],"picked":"Go for the Eyes","floor":1},{"not_picked":["Melter","Loop"],"picked":"Coolheaded","floor":2},{"not_picked":["Ball Lightning","Streamline","Barrage"],"picked":"SKIP","floor":4},{"not_picked":["Tempest","Stack"],"picked":"Hologram","floor":5},{"not_picked":["Seek","Aggregate"],"picked":"Redo","floor":8},{"not_picked":["FTL","Streamline"],"picked":"Coolheaded","floor":10},{"not_picked":["Gash","Steam Power"],"picked":"Conserve Battery","floor":11},{"not_picked":["Static Discharge","Reprogram","Barrage"],"picked":"SKIP","floor":13},{"not_picked":["Static Discharge","Reprogram"],"picked":"Barrage","floor":13},{"not_picked":["Storm","Redo"],"picked":"Heatsinks","floor":14},{"not_picked":["Machine Learning","Electrodynamics"],"picked":"Echo Form","floor":16},{"not_picked":["Genetic Algorithm","Rip and Tear"],"picked":"Aggregate","floor":18},{"not_picked":["Sweeping Beam","Gash+1","Rebound+1"],"picked":"SKIP","floor":21},{"not_picked":["Compile Driver","Genetic Algorithm","FTL"],"picked":"SKIP","floor":24},{"not_picked":["Go for the Eyes","Multi-Cast"],"picked":"Echo Form","floor":28},{"not_picked":["Stack","Blizzard"],"picked":"Coolheaded","floor":30},{"not_picked":["FTL","Loop","Compile Driver"],"picked":"SKIP","floor":31},{"not_picked":["Rainbow","Creative AI"],"picked":"Amplify","floor":33},{"not_picked":["Go for the Eyes","Gash"],"picked":"Chill","floor":35},{"not_picked":["Cold Snap+1","Fusion","Streamline+1"],"picked":"SKIP","floor":35},{"not_picked":["Gash+1","Cold Snap"],"picked":"Self Repair+1","floor":36},{"not_picked":["Meteor Strike","White Noise+1","Leap"],"picked":"SKIP","floor":36},{"not_picked":["Melter+1","Coolheaded","Redo+1"],"picked":"SKIP","floor":37},{"not_picked":["Auto Shields","Go for the Eyes","Static Discharge"],"picked":"SKIP","floor":37},{"not_picked":["Skim","Capacitor+1","Stack+1"],"picked":"SKIP","floor":42},{"not_picked":["Gash","Hello World+1","Skim+1"],"picked":"SKIP","floor":42},{"not_picked":["Chaos+1","Force Field"],"picked":"Echo Form","floor":45},{"not_picked":["Beam Cell+1","Coolheaded+1"],"picked":"Chill+1","floor":46},{"not_picked":["Turbo+1","Conserve Battery","Redo"],"picked":"SKIP","floor":46},{"not_picked":["Redo","Compile Driver+1"],"picked":"Consume","floor":48},{"not_picked":["Cold Snap","Hologram+1","Coolheaded+1"],"picked":"SKIP","floor":48},{"not_picked":["Meteor Strike","Steam","Redo+1"],"picked":"SKIP","floor":51},{"not_picked":["Compile Driver","Sweeping Beam","Steam+1"],"picked":"SKIP","floor":51}],"player_experience":248928,"relics_obtained":[{"floor":9,"key":"InkBottle"},{"floor":14,"key":"Art of War"},{"floor":26,"key":"CaptainsWheel"},{"floor":28,"key":"Eternal Feather"},{"floor":34,"key":"Bronze Scales"},{"floor":34,"key":"HornCleat"},{"floor":34,"key":"Prayer Wheel"},{"floor":45,"key":"Ice Cream"},{"floor":51,"key":"paleoftheancients:SoulOfTheBard"},{"floor":54,"key":"Mango"}],"event_choices":[{"damage_healed":0,"gold_gain":0,"player_choice":"Grow","damage_taken":0,"max_hp_gain":0,"max_hp_loss":0,"event_name":"Living Wall","floor":3,"gold_loss":0,"cards_upgraded":["Coolheaded"]},{"damage_healed":5,"gold_gain":0,"player_choice":"Full Heal","damage_taken":0,"max_hp_gain":0,"max_hp_loss":0,"event_name":"Wheel of Change","floor":7,"gold_loss":0},{"damage_healed":0,"gold_gain":0,"player_choice":"Read","damage_taken":0,"max_hp_gain":0,"max_hp_loss":0,"event_name":"The Library","floor":19,"gold_loss":0,"cards_obtained":["Defragment"]},{"damage_healed":0,"gold_gain":0,"player_choice":"Inject Mutagens","damage_taken":0,"relics_obtained":["MutagenicStrength"],"max_hp_gain":0,"max_hp_loss":0,"event_name":"Drug Dealer","floor":20,"gold_loss":0},{"damage_healed":0,"gold_gain":0,"player_choice":"Ignored","damage_taken":0,"max_hp_gain":0,"max_hp_loss":0,"event_name":"Mysterious Sphere","floor":38,"gold_loss":0},{"damage_healed":0,"gold_gain":0,"player_choice":"Max HP","damage_taken":0,"max_hp_gain":0,"max_hp_loss":4,"event_name":"Winding Halls","floor":39,"gold_loss":0},{"damage_healed":0,"gold_gain":0,"player_choice":"Upgraded","damage_taken":0,"max_hp_gain":0,"max_hp_loss":0,"event_name":"Upgrade Shrine","floor":53,"gold_loss":0,"cards_upgraded":["Coolheaded"]}],"is_beta":false,"boss_relics":[{"not_picked":["Velvet Choker","Nuclear Battery"],"picked":"Inserter"},{"not_picked":["Coffee Dripper","SacredBark"],"picked":"Calling Bell"}],"items_purged_floors":[41],"is_endless":false,"potions_floor_spawned":[1,5,8,16,24,31,33,35,42,46,48],"killed_by":"Time Eater","ascension_level":2}}