{"host":"640uue19m79c7wbt","time":1609396399,"event":{"mods":["BaseMod","Colored Map","Googly Eyes","Highlight Path","Minty Spire (QoL Compilation)","Quick Restart","StSLib"],"gold_per_floor":[109,125,35,35,110,145,157,196,208,220,232,244,256,303,315,432,444,467,479,508,189,199,199,199],"floor_reached":23,"playtime":1185,"items_purged":["Strike_G"],"score":242,"play_id":"9b3b7bcf-bf77-4887-af0b-1a33f11cdb1d","local_time":"20201231013319","is_ascension_mode":true,"campfire_choices":[{"data":"Noxious Fumes","floor":7.0,"key":"SMITH"},{"data":"Blade Dance","floor":10.0,"key":"SMITH"},{"floor":13.0,"key":"REST"},{"floor":15.0,"key":"REST"}],"circlet_count":0,"master_deck":["Strike_G","Strike_G","Strike_G","Strike_G+1","Defend_G","Defend_G","Defend_G+1","Defend_G","Defend_G","Survivor","Neutralize+1","Blade Dance+1","Blade Dance","Noxious Fumes+1","Dagger Throw","Blur","Backstab+1","Choke","Envenom","PiercingWail","PiercingWail","Thinking Ahead","Well Laid Plans","Bane"],"relics":["Ring of the Snake","NeowsBlessing","InkBottle","MawBank","Odd Mushroom","Whetstone","Bottled Lightning","Turnip"],"acts_visited":["Exordium","TheCity"],"potions_floor_usage":[],"damage_taken":[{"damage":0.0,"enemies":"2 Louse","floor":1.0,"turns":1.0},{"damage":0.0,"enemies":"Small Slimes","floor":2.0,"turns":1.0},{"damage":0.0,"enemies":"3 Sentries","floor":6.0,"turns":1.0},{"damage":18.0,"enemies":"The Mushroom Lair","floor":8.0,"turns":4.0},{"damage":20.0,"enemies":"Gremlin Nob","floor":14.0,"turns":4.0},{"damage":34.0,"enemies":"The Guardian","floor":16.0,"turns":10.0},{"damage":3.0,"enemies":"2 Thieves","floor":18.0,"turns":3.0},{"damage":6.0,"enemies":"3 Byrds","floor":20.0,"turns":5.0},{"damage":30.0,"enemies":"Centurion and Healer","floor":22.0,"turns":5.0},{"damage":32,"enemies":"Slavers","floor":23,"turns":5}],"seed_played":"-1109137241190618222","potions_obtained":[{"floor":6.0,"key":"DuplicationPotion"},{"floor":8.0,"key":"LiquidBronze"},{"floor":16.0,"key":"Strength Potion"},{"floor":20.0,"key":"Poison Potion"},{"floor":22.0,"key":"Weak Potion"}],"is_trial":false,"path_per_floor":["M","M","$","?","?","E","R","?","T","R","?","T","R","E","R","B",null,"M","?","M","$","M","E"],"character_chosen":"THE_SILENT","items_purchased":["Noxious Fumes","Dagger Throw","Thinking Ahead","Well Laid Plans"],"campfire_rested":2,"item_purchase_floors":[3,3,21,21],"current_hp_per_floor":[70,70,70,67,56,56,56,38,38,38,24,24,45,25,46,12,70,67,67,61,61,31,0,0],"gold":199,"neow_bonus":"THREE_ENEMY_KILL","is_daily":false,"chose_seed":false,"campfire_upgraded":2,"win_rate":0.0,"timestamp":1609396399,"path_taken":["M","M","$","?","?","E","R","?","T","R","?","?","R","E","R","BOSS","M","?","M","$","M","E"],"items_purchased_type":["Card","Card","Card","Card"],"build_version":"2020-12-22","purchased_purges":1,"victory":false,"max_hp_per_floor":[70,70,70,70,70,70,70,70,70,70,70,70,70,70,70,70,70,70,70,70,70,70,70,70],"card_choices":[{"not_picked":["Deadly Poison","Flying Knee"],"picked":"Blade Dance","floor":1.0},{"not_picked":["Bane","Skewer"],"picked":"Blade Dance","floor":2.0},{"not_picked":["Bane","Acrobatics"],"picked":"Blur","floor":6.0},{"not_picked":["Dagger Throw","Prepared"],"picked":"Backstab","floor":8.0},{"not_picked":["Crippling Poison","Acrobatics"],"picked":"Choke","floor":14.0},{"not_picked":["Grand Finale","A Thousand Cuts"],"picked":"Envenom","floor":16.0},{"not_picked":["Sucker Punch+1","Blade Dance+1"],"picked":"PiercingWail","floor":18.0},{"not_picked":["Poisoned Stab","Dodge and Roll"],"picked":"PiercingWail","floor":20.0},{"not_picked":["PiercingWail+1","Acrobatics+1"],"picked":"Bane","floor":22.0}],"player_experience":528034,"relics_obtained":[{"floor":6.0,"key":"MawBank"},{"floor":8.0,"key":"Odd Mushroom"},{"floor":9.0,"key":"Whetstone"},{"floor":12.0,"key":"Bottled Lightning"},{"floor":14.0,"key":"Turnip"}],"event_choices":[{"damage_healed":0.0,"max_hp_gain":0.0,"max_hp_loss":0.0,"gold_gain":0.0,"event_name":"Scrap Ooze","player_choice":"Success","floor":4.0,"gold_loss":0.0,"damage_taken":3.0,"relics_obtained":["InkBottle"]},{"damage_healed":0.0,"max_hp_gain":0.0,"max_hp_loss":0.0,"gold_gain":75.0,"event_name":"World of Goop","player_choice":"Gather Gold","floor":5.0,"gold_loss":0.0,"damage_taken":11.0},{"damage_healed":0.0,"max_hp_gain":0.0,"max_hp_loss":0.0,"gold_gain":0.0,"event_name":"Mushrooms","player_choice":"Fought Mushrooms","floor":8.0,"gold_loss":0.0,"damage_taken":0.0},{"damage_healed":0.0,"max_hp_gain":0.0,"max_hp_loss":0.0,"gold_gain":0.0,"event_name":"Shining Light","player_choice":"Entered Light","floor":11.0,"gold_loss":0.0,"damage_taken":14.0,"cards_upgraded":["Neutralize","Defend_G"]},{"damage_healed":0.0,"max_hp_gain":0.0,"max_hp_loss":0.0,"gold_gain":0.0,"event_name":"Ghosts","player_choice":"Ignored","floor":19.0,"gold_loss":0.0,"damage_taken":0.0}],"is_beta":false,"boss_relics":[{"not_picked":["Coffee Dripper","Cursed Key","Fusion Hammer"]}],"items_purged_floors":[21],"is_endless":false,"potions_floor_spawned":[6,8,16,20,22],"killed_by":"Slavers","ascension_level":2}}