{"host":"r53pw7z744tg3fxg","time":1609444745,"event":{"mods":["AchievementEnabler","BaseMod","Colored Map","Colored Powertips","Highlight Path","Minty Spire (QoL Compilation)","Quick Restart","Transform Curses"],"gold_per_floor":[112,187,187,203,223,256,256,269,269,269,300,316,316,333,333,433,433,445,445,445,445],"floor_reached":20,"playtime":647,"items_purged":[],"score":285,"play_id":"00277c39-2dd8-4862-8872-983d4f502e8c","local_time":"20201231125905","is_ascension_mode":true,"campfire_choices":[{"floor":7.0,"key":"REST"},{"floor":10.0,"key":"REST"},{"data":"1","floor":15.0,"key":"LIFT"}],"circlet_count":0,"master_deck":["AscendersBane","Strike_P","Strike_P","Strike_P","Strike_P","Defend_P","Defend_P","Defend_P","Defend_P","Eruption","Vigilance","WindmillStrike","ClearTheMind","SashWhip","Prostrate","Tantrum","FollowUp","EmptyFist","PathToVictory","Parasite","BowlingBash","LessonLearned","WheelKick","Consecrate+1"],"relics":["PureWater","NeowsBlessing","Prayer Wheel","TungstenRod","Girya","Black Star"],"acts_visited":["Exordium","TheCity"],"potions_floor_usage":[16,18,20],"damage_taken":[{"damage":0.0,"enemies":"Small Slimes","floor":1.0,"turns":1.0},{"damage":0.0,"enemies":"2 Louse","floor":4.0,"turns":1.0},{"damage":0.0,"enemies":"Cultist","floor":5.0,"turns":1.0},{"damage":27.0,"enemies":"3 Sentries","floor":6.0,"turns":7.0},{"damage":20.0,"enemies":"3 Louse","floor":8.0,"turns":3.0},{"damage":25.0,"enemies":"Gremlin Nob","floor":11.0,"turns":4.0},{"damage":2.0,"enemies":"Blue Slaver","floor":12.0,"turns":4.0},{"damage":0.0,"enemies":"Large Slime","floor":14.0,"turns":3.0},{"damage":35,"enemies":"Hexaghost","floor":16,"turns":10},{"damage":63,"enemies":"Shell Parasite","floor":18,"turns":6},{"damage":13,"enemies":"Masked Bandits","floor":20,"turns":2}],"seed_played":"-967845716215796472","potions_obtained":[{"floor":3.0,"key":"Fruit Juice"},{"floor":3.0,"key":"Weak Potion"},{"floor":3.0,"key":"FairyPotion"},{"floor":12.0,"key":"DistilledChaos"},{"floor":16,"key":"Block Potion"},{"floor":18,"key":"LiquidBronze"}],"is_trial":false,"path_per_floor":["M","?","?","M","M","E","R","M","T","R","E","M","?","M","R","B",null,"M","?","?"],"character_chosen":"WATCHER","items_purchased":[],"campfire_rested":2,"item_purchase_floors":[],"current_hp_per_floor":[65,54,59,59,59,32,55,35,35,58,33,31,50,50,50,15,62,23,10,0,0],"gold":445,"neow_bonus":"THREE_ENEMY_KILL","is_daily":false,"chose_seed":false,"campfire_upgraded":0,"win_rate":0.0,"timestamp":1609444745,"path_taken":["M","?","?","M","?","E","R","M","T","R","E","M","?","M","R","BOSS","M","?","?"],"items_purchased_type":[],"build_version":"2020-12-22","purchased_purges":0,"victory":false,"max_hp_per_floor":[72,72,77,77,77,77,77,77,77,77,77,77,77,77,77,77,77,77,82,82,82],"card_choices":[{"not_picked":["JustLucky","Collect"],"picked":"WindmillStrike","floor":1.0},{"not_picked":["Halt","DeceiveReality"],"picked":"ClearTheMind","floor":4.0},{"not_picked":["WindmillStrike","Evaluate"],"picked":"SashWhip","floor":5.0},{"not_picked":["Pray","ClearTheMind"],"picked":"Prostrate","floor":6.0},{"not_picked":["Fasting2","Adaptation"],"picked":"Tantrum","floor":8.0},{"not_picked":["WaveOfTheHand","Prostrate","MentalFortress"],"picked":"SKIP","floor":8.0},{"not_picked":["EmptyFist","FlurryOfBlows"],"picked":"FollowUp","floor":11.0},{"not_picked":["Crescendo","Protect"],"picked":"EmptyFist","floor":12.0},{"not_picked":["Halt","EmptyBody"],"picked":"PathToVictory","floor":12.0},{"not_picked":["Vengeance","EmptyMind"],"picked":"BowlingBash","floor":14.0},{"not_picked":["CrushJoints","Prostrate","Scrawl"],"picked":"SKIP","floor":14.0},{"not_picked":["CrushJoints","Prostrate","Scrawl"],"picked":"SKIP","floor":14.0},{"not_picked":["DevaForm","Omniscience"],"picked":"LessonLearned","floor":16},{"not_picked":["ClearTheMind","Indignation+1"],"picked":"WheelKick","floor":18},{"not_picked":["FlurryOfBlows","Study+1"],"picked":"Consecrate+1","floor":18}],"player_experience":1175402,"relics_obtained":[{"floor":6.0,"key":"Prayer Wheel"},{"floor":9.0,"key":"TungstenRod"},{"floor":11.0,"key":"Girya"}],"event_choices":[{"damage_healed":0.0,"max_hp_gain":0.0,"max_hp_loss":0.0,"gold_gain":75.0,"event_name":"World of Goop","player_choice":"Gather Gold","floor":2.0,"gold_loss":0.0,"damage_taken":11.0},{"damage_healed":0.0,"max_hp_gain":0.0,"max_hp_loss":0.0,"gold_gain":0.0,"event_name":"Lab","player_choice":"Got Potions","floor":3.0,"gold_loss":0.0,"damage_taken":0.0},{"damage_healed":19.0,"max_hp_gain":0.0,"max_hp_loss":0.0,"gold_gain":0.0,"event_name":"Mushrooms","player_choice":"Healed and dodged fight","floor":13.0,"gold_loss":0.0,"damage_taken":0.0,"cards_obtained":["Parasite"]},{"damage_healed":0,"gold_gain":0,"player_choice":"Shed Blood","damage_taken":19,"max_hp_gain":5,"max_hp_loss":0,"event_name":"Forgotten Altar","floor":19,"gold_loss":0},{"damage_healed":0,"gold_gain":0,"player_choice":"Fought Bandits","damage_taken":0,"max_hp_gain":0,"max_hp_loss":0,"event_name":"Masked Bandits","floor":20,"gold_loss":0}],"is_beta":false,"boss_relics":[{"not_picked":["Fusion Hammer","Velvet Choker"],"picked":"Black Star"}],"items_purged_floors":[],"is_endless":false,"potions_floor_spawned":[4,12,16,18],"killed_by":"Masked Bandits","ascension_level":11}}