{"host":"kh6fvhxn285ncg0o","time":1609394142,"event":{"mods":["Act Like it!","BaseMod","Colored Map","Friendly Minions","Keyboard Shortcuts","Minty Spire (QoL Compilation)","Quick Restart","Relic Stats","StSLib","SuperFastMode"],"gold_per_floor":[114,125,175,186,197,197,224,286,286,286,286,286],"floor_reached":11,"playtime":207,"items_purged":[],"score":146,"play_id":"34d64f16-65e0-4021-a4c6-61f55a0d7262","local_time":"20201231145542","is_ascension_mode":true,"campfire_choices":[{"data":"Bash","floor":6.0,"key":"SMITH"}],"circlet_count":0,"master_deck":["AscendersBane","Strike_R","Strike_R","Strike_R","Strike_R","Strike_R","Defend_R","Defend_R","Defend_R","Defend_R","Bash+1","Sever Soul","Impervious","Dropkick"],"relics":["Burning Blood","Charon\u0027s Ashes","Eternal Feather","Darkstone Periapt","Ornamental Fan"],"acts_visited":["Exordium"],"potions_floor_usage":[],"damage_taken":[{"damage":4.0,"enemies":"Small Slimes","floor":1.0,"turns":4.0},{"damage":6.0,"enemies":"Cultist","floor":2.0,"turns":3.0},{"damage":7.0,"enemies":"Jaw Worm","floor":4.0,"turns":4.0},{"damage":11.0,"enemies":"2 Fungi Beasts","floor":5.0,"turns":3.0},{"damage":8.0,"enemies":"Gremlin Nob","floor":7.0,"turns":3.0},{"damage":32.0,"enemies":"Gremlin Nob","floor":8.0,"turns":4.0},{"damage":33,"enemies":"3 Sentries","floor":11,"turns":6}],"seed_played":"-4377587366806766361","potions_obtained":[{"floor":1.0,"key":"Strength Potion"},{"floor":4.0,"key":"DuplicationPotion"}],"is_trial":false,"path_per_floor":["M","M","?","M","M","R","E","?","T","?","E"],"character_chosen":"IRONCLAD","items_purchased":[],"campfire_rested":0,"item_purchase_floors":[],"current_hp_per_floor":[68,68,62,61,56,56,54,28,28,33,0,0],"gold":286,"neow_bonus":"ONE_RARE_RELIC","is_daily":false,"chose_seed":false,"campfire_upgraded":1,"win_rate":0.0,"timestamp":1609394142,"path_taken":["M","M","?","M","?","R","E","?","T","?","E"],"items_purchased_type":[],"build_version":"2020-12-22","purchased_purges":0,"victory":false,"max_hp_per_floor":[68,68,68,68,68,68,68,68,68,73,73,73],"relic_stats":{"Darkstone Periapt":0,"counters":[7,27],"Ornamental Fan":[4],"Eternal Feather":0,"Charon\u0027s Ashes":[101],"obtain_stats":[{"Darkstone Periapt":8,"Ornamental Fan":9,"Eternal Feather":7,"Charon\u0027s Ashes":0,"Burning Blood":0},{"Darkstone Periapt":6,"Ornamental Fan":6,"Eternal Feather":5,"Charon\u0027s Ashes":0,"Burning Blood":0},{"Darkstone Periapt":21,"Ornamental Fan":21,"Eternal Feather":17,"Charon\u0027s Ashes":0,"Burning Blood":0}],"Burning Blood":34},"card_choices":[{"not_picked":["Searing Blow","Flex"],"picked":"Sever Soul","floor":2.0},{"not_picked":["Clothesline","Wild Strike"],"picked":"Impervious","floor":5.0},{"not_picked":["Armaments","Headbutt"],"picked":"Dropkick","floor":7.0}],"player_experience":3329064,"relics_obtained":[{"floor":7.0,"key":"Eternal Feather"},{"floor":8.0,"key":"Darkstone Periapt"},{"floor":9.0,"key":"Ornamental Fan"}],"event_choices":[{"damage_healed":0.0,"max_hp_gain":0.0,"max_hp_loss":0.0,"gold_gain":50.0,"event_name":"FaceTrader","player_choice":"Touch","floor":3.0,"gold_loss":0.0,"damage_taken":6.0},{"damage_healed":0.0,"max_hp_gain":0.0,"max_hp_loss":0.0,"gold_gain":0.0,"event_name":"Dead Adventurer","player_choice":"Searched \u00271\u0027 times","floor":8.0,"gold_loss":0.0,"damage_taken":0.0},{"damage_healed":0.0,"max_hp_gain":5.0,"max_hp_loss":0.0,"gold_gain":0.0,"event_name":"Big Fish","player_choice":"Donut","floor":10.0,"gold_loss":0.0,"damage_taken":0.0}],"is_beta":false,"boss_relics":[],"items_purged_floors":[],"is_endless":false,"potions_floor_spawned":[1,4],"killed_by":"3 Sentries","ascension_level":20}}