{"host":"fuszjwm6fqgjjp4d","time":1609443864,"event":{"mods":["BaseMod","Bestiary","Colored Map","DeckTracker","Minty Spire (QoL Compilation)","Permanent Neow","Relic Sorter","Relic Stats","StSLib"],"gold_per_floor":[116,116,135,155,169,169,169,169],"floor_reached":7,"playtime":440,"items_purged":[],"score":86,"play_id":"54cb0968-8a23-4f8f-a0b3-a64b7fbff7e5","local_time":"20201231134424","is_ascension_mode":true,"campfire_choices":[{"data":"Distraction","floor":6,"key":"SMITH"}],"circlet_count":0,"master_deck":["AscendersBane","Strike_G","Strike_G","Strike_G","Strike_G","Strike_G","Defend_G","Defend_G","Defend_G","Defend_G","Defend_G","Survivor","Neutralize","Deadly Poison","Acrobatics","Pain","Deadly Poison","Distraction+1","Backflip"],"relics":["Ring of the Snake","WarpedTongs"],"acts_visited":["Exordium"],"potions_floor_usage":[],"damage_taken":[{"damage":2,"enemies":"2 Louse","floor":1,"turns":4},{"damage":1,"enemies":"Cultist","floor":3,"turns":4},{"damage":14,"enemies":"Jaw Worm","floor":4,"turns":4},{"damage":22,"enemies":"Large Slime","floor":5,"turns":7},{"damage":29,"enemies":"3 Sentries","floor":7,"turns":9}],"seed_played":"-1560603408837020437","potions_obtained":[],"is_trial":false,"path_per_floor":["M","?","M","M","M","R","E"],"character_chosen":"THE_SILENT","items_purchased":[],"campfire_rested":0,"item_purchase_floors":[],"current_hp_per_floor":[57,57,56,42,20,20,0,0],"gold":169,"neow_bonus":"THREE_CARDS","is_daily":false,"chose_seed":false,"campfire_upgraded":1,"win_rate":0.0,"timestamp":1609443864,"path_taken":["M","?","?","M","M","R","E"],"items_purchased_type":[],"build_version":"2020-12-22","purchased_purges":0,"victory":false,"max_hp_per_floor":[66,66,66,66,66,66,66,66],"relic_stats":{"counters":[5,28],"obtain_stats":[{"Ring of the Snake":0,"WarpedTongs":2},{"Ring of the Snake":0,"WarpedTongs":1},{"Ring of the Snake":0,"WarpedTongs":4}],"Ring of the Snake":[10],"WarpedTongs":[23]},"card_choices":[{"not_picked":["Dagger Spray","Accuracy"],"picked":"Deadly Poison","floor":0},{"not_picked":["Outmaneuver","Deflect"],"picked":"Acrobatics","floor":1},{"not_picked":["Slice","Masterful Stab"],"picked":"Deadly Poison","floor":3},{"not_picked":["Predator","Sucker Punch"],"picked":"Distraction","floor":4},{"not_picked":["Dagger Throw","Underhanded Strike"],"picked":"Backflip","floor":5}],"player_experience":1236881,"relics_obtained":[],"event_choices":[{"damage_healed":0,"gold_gain":0,"player_choice":"Rummage","damage_taken":0,"relics_obtained":["WarpedTongs"],"max_hp_gain":0,"max_hp_loss":0,"event_name":"Accursed Blacksmith","floor":2,"gold_loss":0,"cards_obtained":["Pain"]}],"is_beta":false,"boss_relics":[],"items_purged_floors":[],"is_endless":false,"potions_floor_spawned":[],"killed_by":"3 Sentries","ascension_level":20}}