{"host":"1lhpgrjjhxx10cx0","time":1609389548,"event":{"mods":["Arknights The Spire","BaseMod","CapriCore","Friendly Minions","Highlight Path","KinomotoSakuraMod(木之本樱)","Marisa（F雨　魔理沙）","Minty Spire (QoL Compilation)","Permanent Neow","Quick Restart","StSLib","The Immortal","Waifu the Spire","Yakumo Yukari mod","篝火指南"],"gold_per_floor":[113,38,113,113,133,133,163,163,163,206,306,306,306,306],"floor_reached":13,"playtime":211,"items_purged":["Strike_MRS"],"score":106,"play_id":"74135146-5470-480d-b328-5b4aefdb8c19","local_time":"20201231123908","is_ascension_mode":false,"campfire_choices":[{"data":"MachineGunSpark","floor":6.0,"key":"SMITH"},{"data":"WitchOfGreed","floor":8,"key":"SMITH"},{"data":"AsteroidBelt","floor":12,"key":"SMITH"}],"circlet_count":0,"master_deck":["Strike_MRS","Strike_MRS","Strike_MRS","Defend_MRS","Defend_MRS","Defend_MRS","Defend_MRS","MasterSpark","UpSweep","MachineGunSpark+1","WitchOfGreed+1","AsteroidBelt+1"],"relics":["MiniHakkero","NeowsBlessing","ats:Originium","Torii","Ancient Tea Set"],"acts_visited":["Exordium"],"potions_floor_usage":[],"damage_taken":[{"damage":0.0,"enemies":"2 Louse","floor":1.0,"turns":1.0},{"damage":0.0,"enemies":"Small Slimes","floor":5.0,"turns":1.0},{"damage":0.0,"enemies":"Gremlin Nob","floor":7.0,"turns":1.0},{"damage":1,"enemies":"Cultist","floor":10,"turns":4},{"damage":2,"enemies":"Lagavulin","floor":13,"turns":10}],"seed_played":"3015254410344658813","potions_obtained":[{"floor":1.0,"key":"PowerPotion"},{"floor":10,"key":"ColorlessPotion"}],"is_trial":false,"path_per_floor":["M","$","?","?","M","R","E","R","T","M","?","R","E"],"character_chosen":"MARISA","items_purchased":[],"campfire_rested":0,"item_purchase_floors":[],"current_hp_per_floor":[75,75,64,69,69,69,69,69,69,68,68,68,66,66],"gold":306,"neow_bonus":"THREE_ENEMY_KILL","is_daily":false,"chose_seed":false,"campfire_upgraded":3,"win_rate":0.0,"timestamp":1609389548,"path_taken":["M","$","?","?","M","R","E","R","T","M","?","R","E"],"items_purchased_type":[],"build_version":"2020-12-22","purchased_purges":1,"victory":false,"max_hp_per_floor":[75,75,75,80,80,80,80,80,80,80,80,80,80,80],"card_choices":[{"not_picked":["ManaConvection","Acceleration"],"picked":"MachineGunSpark","floor":1.0},{"not_picked":["GrandCross","IllusionStar","DoubleSpark"],"picked":"SKIP","floor":5.0},{"not_picked":["GrandCross","IllusionStar","DoubleSpark"],"picked":"SKIP","floor":5.0},{"not_picked":["GrandCross","StarBarrage"],"picked":"WitchOfGreed","floor":7.0},{"not_picked":["StarBarrage","ChargeUpSpray"],"picked":"AsteroidBelt","floor":10}],"player_experience":117463,"relics_obtained":[{"floor":7.0,"key":"ats:Originium"},{"floor":7.0,"key":"Torii"},{"floor":9,"key":"Ancient Tea Set"}],"event_choices":[{"damage_healed":0.0,"max_hp_gain":0.0,"max_hp_loss":0.0,"gold_gain":75.0,"event_name":"World of Goop","player_choice":"Gather Gold","floor":3.0,"gold_loss":0.0,"damage_taken":11.0},{"damage_healed":0.0,"max_hp_gain":5.0,"max_hp_loss":0.0,"gold_gain":0.0,"event_name":"Big Fish","player_choice":"Donut","floor":4.0,"gold_loss":0.0,"damage_taken":0.0},{"damage_healed":0,"gold_gain":100,"player_choice":"Pray","damage_taken":0,"max_hp_gain":0,"max_hp_loss":0,"event_name":"Golden Shrine","floor":11,"gold_loss":0}],"is_beta":false,"boss_relics":[],"items_purged_floors":[2],"is_endless":false,"potions_floor_spawned":[1],"killed_by":"Lagavulin","ascension_level":0}}