{"host":"c8ij83vrvzx068r0","time":1609384923,"event":{"mods":["Act Like it!","BaseMod","Friendly Minions","Gensokyo","KinomotoSakuraMod(木之本樱)","LagranYue(拉格朗・月)","Marisa（F雨　魔理沙）","Minty Spire (QoL Compilation)","Prisma Mod","Remilia（蕾米莉亚）","StSLib","The Alterego","The Animator","The Bug Knight","The Servant 0.9.4","Yohane!","Youmu（魂魄妖梦）","Yuyuko","yUi","【功能Mod】聪明的最终Boss"],"gold_per_floor":[110,124,141,157,17,49,67,81,81,81,93,127,144,144,144,248,248,263,278,278,291,301,301,333,28,52,52,52,71,82,102,102,205,205,216,230,192,209,227,252,252,252,252],"floor_reached":42,"playtime":3567,"items_purged":["PrismaMod:IllyaCommonAttack"],"score":568,"play_id":"83c018fc-a65b-47fc-81c5-654f52173ba3","local_time":"20201231042203","is_ascension_mode":false,"campfire_choices":[{"data":"PrismaMod:IllyaCarnivalOrbs","floor":15,"key":"SMITH"},{"data":"PrismaMod:IllyaPoisoningPhantasm","floor":23,"key":"SMITH"},{"data":"PrismaMod:IllyaGrail","floor":28,"key":"SMITH"},{"data":"PrismaMod:IllyaRussianRoulette","floor":32,"key":"SMITH"}],"circlet_count":0,"master_deck":["PrismaMod:IllyaCommonAttack+1","PrismaMod:IllyaCommonDefend","PrismaMod:IllyaCommonDefend","PrismaMod:IllyaCommonDefend","PrismaMod:IllyaCommonAttack+1","PrismaMod:IllyaCommonDefend","PrismaMod:IllyaCommonDefend","PrismaMod:IllyaUncommonAttack","PrismaMod:IllyaUncommonDefend","PrismaMod:IllyaBlindPoisonToss","PrismaMod:IllyaBoysLove","PrismaMod:IllyaUncommonDefend","PrismaMod:IllyaGrail+1","PrismaMod:IllyaPoisoningPhantasm+1","PrismaMod:IllyaBlindPoisonToss","Clumsy","PrismaMod:IllyaBerserCAR","PrismaMod:IllyaCarnivalOrbs+1","PrismaMod:IllyaPoisonBlock","PrismaMod:IllyaInstallMoonCancer","PrismaMod:IllyaPoisonBomb+1","PrismaMod:IllyaCommandSeal","PrismaMod:IllyaFeed","PrismaMod:IllyaRussianRoulette+1","Writhe","Dash","PrismaMod:IllyaSaphire+1","PrismaMod:IllyaCheapChannelDefend+1","PrismaMod:IllyaDevil","PrismaMod:IllyaUberDefendChannel","PrismaMod:IllyaBlindPoisonToss+1","PrismaMod:IllyaAssassinRevenge+1","Gensokyo:ScrapIron","PrismaMod:IllyaUberChannel","PrismaMod:IllyaRussianRoulette+1","PrismaMod:IllyaGrailKun"],"relics":["PrismaMod:PrismaRuby","LagranYue:RandomDrawCardRelic","Bronze Scales","Mango","Frozen Egg 2","Letter Opener","Gensokyo:NagashiBinaDoll","Dream Catcher","Gensokyo:OccultBall","Cursed Key","Matryoshka","Strange Spoon","Toy Ornithopter","Whetstone","Empty Cage","HollowMod:PaleOreRelic","Gensokyo:TheCrow"],"acts_visited":["Exordium","Gensokyo:Gensokyo","Gensokyo:Gensokyoer"],"potions_floor_usage":[4,4,4,6,8,11,12,16,18,21,24,31,33,36,38,40,42],"damage_taken":[{"damage":0,"enemies":"Gensokyo:2_Kodama","floor":1,"turns":3},{"damage":0,"enemies":"Gensokyo:Gryphon","floor":2,"turns":3},{"damage":0,"enemies":"Gensokyo:3_Fairies","floor":3,"turns":3},{"damage":9,"enemies":"Gensokyo:LivingMonolith","floor":4,"turns":4},{"damage":4,"enemies":"Gensokyo:Cirno","floor":6,"turns":5},{"damage":0,"enemies":"Gensokyo:2_Rabbits","floor":7,"turns":5},{"damage":0,"enemies":"Gensokyo:Gryphon_and_Rabbit","floor":8,"turns":5},{"damage":2,"enemies":"Gensokyo:Kitsune","floor":11,"turns":3},{"damage":0,"enemies":"Gensokyo:Mamizou","floor":12,"turns":8},{"damage":0,"enemies":"Gensokyo:2_Rabbits","floor":13,"turns":3},{"damage":3,"enemies":"Gensokyo:Kokoro","floor":16,"turns":8},{"damage":0,"enemies":"Gensokyo:AngelMirror","floor":18,"turns":4},{"damage":13,"enemies":"Gensokyo:Chomper","floor":19,"turns":4},{"damage":0,"enemies":"Gensokyo:Swordslinger","floor":21,"turns":5},{"damage":4,"enemies":"Gensokyo:3_Gloops","floor":22,"turns":3},{"damage":20,"enemies":"Gensokyo:Tenshi","floor":24,"turns":4},{"damage":8,"enemies":"Gensokyo:Wraith","floor":29,"turns":4},{"damage":5,"enemies":"Gensokyo:Mirror_and_Dog","floor":30,"turns":4},{"damage":0,"enemies":"Gensokyo:Monolith_and_Dog","floor":31,"turns":5},{"damage":15,"enemies":"Gensokyo:Eiki","floor":33,"turns":9},{"damage":18,"enemies":"Gensokyo:3_Boulders","floor":35,"turns":6},{"damage":0,"enemies":"Gensokyo:AncientGuardian","floor":36,"turns":6},{"damage":34,"enemies":"Gensokyo:AtlasGolem","floor":38,"turns":5},{"damage":2,"enemies":"Gensokyo:3_Boulders","floor":39,"turns":4},{"damage":12,"enemies":"Gensokyo:Kasen","floor":40,"turns":6},{"damage":89,"enemies":"Gensokyo:Kasen","floor":42,"turns":3}],"seed_played":"-6810164033475709331","potions_obtained":[{"floor":2,"key":"EntropicBrew"},{"floor":4,"key":"SpeedPotion"},{"floor":6,"key":"EssenceOfSteel"},{"floor":7,"key":"FearPotion"},{"floor":12,"key":"SkillPotion"},{"floor":16,"key":"SkillPotion"},{"floor":19,"key":"LiquidMemories"},{"floor":22,"key":"Energy Potion"},{"floor":24,"key":"FearPotion"},{"floor":30,"key":"Fire Potion"},{"floor":31,"key":"Dexterity Potion"},{"floor":35,"key":"EssenceOfSteel"},{"floor":38,"key":"Block Potion"},{"floor":39,"key":"LiquidBronze"}],"is_trial":false,"path_per_floor":["M","M","M","M","?","E","M","M","T","?","M","E","M","?","R","B",null,"M","M","?","M","M","R","E","$","T","?","R","M","M","M","R","B",null,"M","M","COS","M","M","E","?","R"],"character_chosen":"ILLYA","items_purchased":["PrismaMod:IllyaFeed","PrismaMod:IllyaRussianRoulette","Strange Spoon"],"campfire_rested":0,"item_purchase_floors":[25,25,25],"current_hp_per_floor":[75,75,75,66,80,76,76,76,76,76,74,74,74,74,74,71,89,89,76,76,76,72,72,52,52,52,52,52,52,65,70,70,60,89,77,85,85,73,71,79,79,0,0],"gold":252,"neow_bonus":"RANDOM_COMMON_RELIC","is_daily":false,"chose_seed":false,"campfire_upgraded":4,"win_rate":0.0,"timestamp":1609384923,"path_taken":["M","M","M","M","?","E","?","M","T","?","?","E","M","?","R","BOSS","M","M","?","M","M","R","E","$","T","?","R","M","M","?","R","BOSS","M","M","COS","M","M","E","?","R"],"items_purchased_type":["Card","Card","Relic"],"build_version":"2020-12-22","purchased_purges":1,"victory":false,"max_hp_per_floor":[75,75,75,75,89,89,89,89,89,89,89,89,89,89,89,89,89,89,89,89,89,89,89,89,89,89,89,89,89,89,89,89,89,89,89,89,89,89,89,89,89,89,89],"card_choices":[{"not_picked":["PrismaMod:IllyaGrailKun","PrismaMod:IllyaMaid"],"picked":"PrismaMod:IllyaBlindPoisonToss","floor":1},{"not_picked":["PrismaMod:IllyaDetonatingBlow","PrismaMod:IllyaCommonEvoke"],"picked":"PrismaMod:IllyaBoysLove","floor":2},{"not_picked":["PrismaMod:IllyaAlice","PrismaMod:IllyaUncommonEvoke"],"picked":"PrismaMod:IllyaUncommonDefend","floor":3},{"not_picked":["PrismaMod:IllyaMaid","PrismaMod:IllyaCheapChannelDefend"],"picked":"PrismaMod:IllyaGrail","floor":4},{"not_picked":["PrismaMod:IllyaMaid","PrismaMod:IllyaMinorZwei"],"picked":"PrismaMod:IllyaPoisoningPhantasm","floor":6},{"not_picked":["PrismaMod:IllyaPartialInstallAssassin","PrismaMod:IllyaGun"],"picked":"PrismaMod:IllyaCarnivalAttack","floor":7},{"not_picked":["PrismaMod:IllyaGrailKun","PrismaMod:IllyaRubysPotion"],"picked":"PrismaMod:IllyaBlindPoisonToss","floor":8},{"not_picked":["PrismaMod:IllyaBoysLove","PrismaMod:IllyaBride"],"picked":"PrismaMod:IllyaBerserCAR","floor":11},{"not_picked":["PrismaMod:IllyaDualEvoke","PrismaMod:IllyaMinorRapidFire"],"picked":"PrismaMod:IllyaCarnivalOrbs","floor":12},{"not_picked":["PrismaMod:IllyaReinForce","PrismaMod:IllyaMinorRapidFire"],"picked":"PrismaMod:IllyaPoisonBlock","floor":13},{"not_picked":["PrismaMod:IllyaUberAttackChannel","PrismaMod:IllyaInstallAssassin"],"picked":"PrismaMod:IllyaInstallMoonCancer","floor":16},{"not_picked":["PrismaMod:IllyaUpgradeOrbs","PrismaMod:IllyaMaid","PrismaMod:IllyaGun"],"picked":"SKIP","floor":18},{"not_picked":["PrismaMod:IllyaPartialInstallAssassin","PrismaMod:IllyaMinorZwei","PrismaMod:IllyaTestament"],"picked":"SKIP","floor":19},{"not_picked":["PrismaMod:IllyaMaid","PrismaMod:IllyaRapidFire","PrismaMod:IllyaGun"],"picked":"SKIP","floor":21},{"not_picked":["PrismaMod:IllyaBlindPoisonToss","PrismaMod:IllyaInstallCaster"],"picked":"PrismaMod:IllyaPoisonBomb+1","floor":22},{"not_picked":["PrismaMod:IllyaCarnivalAttack","PrismaMod:IllyaUpgradeOrbs+1"],"picked":"PrismaMod:IllyaCommandSeal","floor":24},{"not_picked":["PrismaMod:IllyaAOECommonAttack","PrismaMod:IllyaAssassinRevenge"],"picked":"PrismaMod:IllyaSaphire+1","floor":29},{"not_picked":["PrismaMod:IllyaPartialInstallAssassin","PrismaMod:IllyaMinorZwei"],"picked":"PrismaMod:IllyaCheapChannelDefend+1","floor":30},{"not_picked":["PrismaMod:IllyaReinForce+1","PrismaMod:IllyaPartialInstallAssassin"],"picked":"PrismaMod:IllyaDevil","floor":31},{"not_picked":["PrismaMod:IllyaInstallRuler","PrismaMod:IllyaInstallAssassin"],"picked":"PrismaMod:IllyaUberDefendChannel","floor":33},{"not_picked":["PrismaMod:IllyaUberPoisonBlock+1","PrismaMod:IllyaTestament"],"picked":"PrismaMod:IllyaBlindPoisonToss+1","floor":35},{"not_picked":["PrismaMod:IllyaRussianRoulette","PrismaMod:IllyaMinorReinForce"],"picked":"PrismaMod:IllyaAssassinRevenge+1","floor":36},{"not_picked":["PrismaMod:IllyaStunPoison","PrismaMod:IllyaCheapChannelDefend"],"picked":"PrismaMod:IllyaUberChannel","floor":38},{"not_picked":["PrismaMod:IllyaBoysLove+1","PrismaMod:IllyaFriendMaker"],"picked":"PrismaMod:IllyaRussianRoulette+1","floor":39},{"not_picked":["PrismaMod:IllyaUberChannel","PrismaMod:IllyaCommonEvoke+1"],"picked":"PrismaMod:IllyaGrailKun","floor":40}],"player_experience":28288,"relics_obtained":[{"floor":6,"key":"Frozen Egg 2"},{"floor":9,"key":"Letter Opener"},{"floor":12,"key":"Dream Catcher"},{"floor":16,"key":"Gensokyo:OccultBall"},{"floor":21,"key":"Gensokyo:OccultBall"},{"floor":24,"key":"Matryoshka"},{"floor":26,"key":"Toy Ornithopter"},{"floor":26,"key":"Whetstone"},{"floor":31,"key":"Gensokyo:OccultBall"},{"floor":33,"key":"Gensokyo:OccultBall"},{"floor":36,"key":"Gensokyo:OccultBall"},{"floor":39,"key":"Gensokyo:OccultBall"},{"floor":40,"key":"HollowMod:PaleOreRelic"}],"event_choices":[],"is_beta":false,"boss_relics":[{"not_picked":["Runic Pyramid","SacredBark"],"picked":"Cursed Key"},{"not_picked":["Snecko Eye","Philosopher\u0027s Stone"],"picked":"Empty Cage"}],"items_purged_floors":[25],"is_endless":false,"potions_floor_spawned":[2,4,6,7,12,16,19,22,24,30,31,35,38,39],"killed_by":"Gensokyo:Kasen","ascension_level":0}}