{"host":"avq773cl9g5msfol","time":1609443224,"event":{"mods":["AchievementEnabler","Act Like it!","Ascension Unlocker","Aspiration","Astrologer","Bard","Bartender","BaseMod","Better Altar","Better Third Choice","BetterRewards","CapriCore","ChefMod","Colored Map","Colored Powertips","Conspire","Dio Mod","Downfall","Elementarium","Energized Spire","Gensokyo","GifTheSpireLib","GungeonMod","Hallownest","Hermit","Highlight Path","Hubris","Humility","Infinite Spire","Jorbs\u0027s Wanderer Trilogy","Koishi","Magitek Elite","Marisa????????","Marked Mod","Menagerie","Minty Spire (QoL Compilation)","Pale of the Ancients","Potionbrewer","Quarter Circle Forward PUNCH!","Rare Cards Sparkle","Reimu??????","Relic Stats","Remilia??????","Replay The Spire","SacredBarkPlus","Shade Mod","Somnambulant","Spicy Shops","StSLib","Synergy Search","The Administrix","The Blue Laboratory","The Bug Knight","The Construct","The Cursed","The Disciple","The Dragon Tamer","The Exalted","The Hayseed","The Hierophant","The Immortal","The Judge","The Marked","The Mystic","The Problem Sleuth","The Runesmith","The Senshi","The Vixen","The Wild Card","TheArtist","TheFirefly","Wandering Minibosses","vexMod"],"gold_per_floor":[110,128,175,175,190,215,52,52,52,82,98,98,123,140,140,217,217,233,213,245,270,270,270,270,270,345,363,393,393,393,427,427,502,502,514,525,525,525,525,525,560,560,585,618,618,618,618,618,618,618,618],"floor_reached":52,"playtime":3269,"items_purged":["theWildCard:Sakuya+1"],"score":3211,"play_id":"3a7a3515-0785-4bb4-b3b8-631fb7aebb6d","local_time":"20210101023344","is_ascension_mode":true,"campfire_choices":[{"floor":12.0,"key":"REST"},{"data":"theWildCard:CallToAdventure","floor":15.0,"key":"SMITH"},{"data":"Elementarium:GildedEssence","floor":23,"key":"SMITH"},{"data":"theWildCard:Arsene","floor":25,"key":"SMITH"},{"data":"theWildCard:ArchaicAssault","floor":32,"key":"SMITH"},{"data":"Gensokyo:GreaterSplit","floor":40,"key":"SMITH"},{"data":"Pot Of Greed","floor":42,"key":"SMITH"},{"data":"Pot Of Greed","floor":45,"key":"SMITH"},{"data":"Gensokyo:NewMoon","floor":49,"key":"SMITH"}],"circlet_count":0,"master_deck":["AscendersBane","theWildCard:CallToAdventure+1","theWildCard:Arsene+1","theWildCard:StalwartBlade+1","theWildCard:ArcaneArts+1","theWildCard:EnergyTheft+1","theWildCard:MagicMettle+1","theWildCard:Scathach+1","theWildCard:Patience+1","theWildCard:Providence+1","theWildCard:SeveringSlash+1","theWildCard:MagicalMight+1","theWildCard:PaleRider+1","theWildCard:ManOfManyFaces+1","theWildCard:PowerOfTheArcana+1","theWildCard:AllOutAttack+1","theWildCard:StingingStrike+1","theWildCard:SacrificialStroke+1","theWildCard:ArchaicAssault+1","theWildCard:ArcanaArtistry+1","theWildCard:LadyLuck+1","theWildCard:Odin+1","theWildCard:Michael+1","Sadistic Nature+1","theWildCard:ChangingDestiny+1","theWildCard:FinalHour+1","theWildCard:Caesar+1","Elementarium:GildedEssence+1","Pot Of Greed+1","Pot Of Greed+1","Pot Of Greed+1","theWildCard:StingingStrike+1","theWildCard:ArchaicAssault+1","theWildCard:TheArcanaUnleashed+1","Gensokyo:GreaterSplit+1","Doubt","theWildCard:Amaterasu+1","theWildCard:Overwhelm+1","Pot Of Greed","Gensokyo:NewMoon+1"],"relics":["theWildCard:VelvetContract","Golden Egg","Quantum Egg","Membership Card","aspiration:FetidBarrel","Juzu Bracelet","OrangePellets","HollowMod:JonisBlessing","Vajra","Dead Branch","aspiration:Nostalgia","hierophant:PropheticMaskRelic","DemoMod:GlassGuonStoneRelic","DemoMod:WhiteGuonStone","ReplayTheSpireMod:TigerMarble","Hallownest:DreamNailRelic","theSenshi:FeatherClipsRelic","wanderingMiniBosses:AbyssPearl","energizedSpire:NeverEndingSparkler","Elementarium:GoldenMirage","Grinning Jar","Snecko Eye","vexMod:ConsolationPrize","White_Cape","DemoMod:WeirdEgg","Elementarium:ElementariumTrophy","vexMod:EndlessSickness","qcfpunch:Not_Strongest_Fighting_Style_Guidebook","Bromod:ArcaneNullifier"],"acts_visited":["Hallownest:Greenpath","Elementarium:Elementarium","Gensokyo:Gensokyoest"],"potions_floor_usage":[],"damage_taken":[{"damage":0.0,"enemies":"Hallownest:monsterHuskGuard","floor":1.0,"turns":1.0},{"damage":0.0,"enemies":"Hallownest:2_Baldur","floor":2.0,"turns":2.0},{"damage":0.0,"enemies":"Hallownest:2_MossCreeps","floor":5.0,"turns":1.0},{"damage":0.0,"enemies":"Hallownest:eliteCrystalGuardian","floor":6.0,"turns":2.0},{"damage":0.0,"enemies":"Hallownest:eliteMossKnight","floor":10.0,"turns":2.0},{"damage":0.0,"enemies":"Hallownest:Guard_and_Warrior","floor":11.0,"turns":2.0},{"damage":0.0,"enemies":"Hallownest:eliteVengeflyKing","floor":13.0,"turns":2.0},{"damage":0.0,"enemies":"Hallownest:monsterFoolEater","floor":14.0,"turns":3.0},{"damage":0.0,"enemies":"Hallownest:BossFalseKnight","floor":16.0,"turns":3.0},{"damage":0,"enemies":"Elementarium:Cyclone","floor":18,"turns":1},{"damage":0,"enemies":"Elementarium:GOLDEN_STATUES","floor":20,"turns":1},{"damage":0,"enemies":"Elementarium:2_ELEMENTALS","floor":27,"turns":1},{"damage":0,"enemies":"Elementarium:WarGolem","floor":28,"turns":1},{"damage":0,"enemies":"Elementarium:ElementalPortal","floor":31,"turns":2},{"damage":0,"enemies":"Elementarium:GoldenDragon","floor":33,"turns":3},{"damage":0,"enemies":"Gensokyo:3_Bats","floor":35,"turns":1},{"damage":0,"enemies":"Gensokyo:3_Boulders","floor":36,"turns":1},{"damage":0,"enemies":"Gensokyo:Kasen","floor":41,"turns":2},{"damage":0,"enemies":"Gensokyo:Marisa","floor":44,"turns":1},{"damage":0,"enemies":"Gensokyo:Yuyuko","floor":50,"turns":2},{"damage":0,"enemies":"Gensokyo:Scarlet_Devils","floor":51,"turns":3}],"seed_played":"-7715602179248312201","potions_obtained":[{"floor":3.0,"key":"Fire Potion"},{"floor":16.0,"key":"ColorlessPotion"}],"is_trial":false,"path_per_floor":["M","M","?","?","M","E","$","?","T","E","M","R","E","M","R_BF","B",null,"M","?","?","T","?","R","AVR","R","T","M","E","?","?","E","R","B",null,"M","M","?","?","?","R","E","R","T","E","R","?","?","?","R","B","B",null],"character_chosen":"THE_WILD_CARD","items_purchased":["Membership Card","aspiration:FetidBarrel","theWildCard:Providence","theWildCard:SeveringSlash","theWildCard:MagicalMight","theWildCard:PaleRider","theWildCard:ManOfManyFaces","theWildCard:PowerOfTheArcana","theWildCard:AllOutAttack","Juzu Bracelet","theWildCard:StingingStrike","theWildCard:SacrificialStroke+1","OrangePellets","theWildCard:ArchaicAssault","theWildCard:ArcanaArtistry","HollowMod:JonisBlessing","Vajra","Dead Branch","theWildCard:LadyLuck","theWildCard:Odin","theWildCard:Michael","Sadistic Nature","theWildCard:ChangingDestiny","DemoMod:WhiteGuonStone","ReplayTheSpireMod:TigerMarble"],"campfire_rested":1,"item_purchase_floors":[0,0,0,0,0,0,0,0,0,0,0,0,0,0,0,0,0,0,0,0,0,0,0,7,7],"current_hp_per_floor":[51,51,29,29,29,29,29,29,29,29,29,46,46,46,46,46,54,54,54,54,54,60,60,60,60,60,60,60,60,60,60,60,60,62,62,62,58,58,58,58,58,58,58,58,58,58,58,58,58,58,58],"gold":618,"neow_bonus":"","is_daily":false,"chose_seed":false,"campfire_upgraded":8,"win_rate":0.0,"timestamp":1609443224,"path_taken":["M","M","?","?","M","E","$","?","T","E","M","R","E","M","R_BF","BOSS","M","?","?","?","?","R","AVR","R","T","M","E","?","?","E","R","BOSS","M","M","?","?","?","R","E","R","T","E","R","?","?","?","R","BOSS","BOSS"],"items_purchased_type":["Relic","Relic","Card","Card","Card","Card","Card","Card","Card","Relic","Card","Card","Relic","Card","Card","Relic","Relic","Relic","Card","Card","Card","Card","Card","Relic","Relic"],"build_version":"2020-12-22","purchased_purges":1,"victory":true,"max_hp_per_floor":[57,57,57,57,57,57,57,57,57,57,57,57,57,57,57,57,57,57,57,57,57,63,63,63,63,63,63,63,63,63,63,63,63,63,63,63,63,63,63,63,63,63,63,63,63,63,63,63,63,63,63],"relic_stats":{"OrangePellets":[65],"counters":[123,362],"Dead Branch":[62],"Snecko Eye":[35,40,18,31],"Juzu Bracelet":5,"obtain_stats":[{"Golden Egg":1,"Bromod:ArcaneNullifier":43,"downfall:HeartBlessingGreen":35,"wanderingMiniBosses:OtherGremlinHorn":4,"Ginger":29,"qcfpunch:Red_Beret":35,"Old Coin":41,"Replay:Wanted Poster":34,"vexMod:InvisibilityCloak":0,"aspiration:PoetsPen":34,"Ribbon":0,"qcfpunch:Lotus_Statue":24,"vexMod:EndlessSickness":34,"construct:RocketBooster":0,"DemoMod:OrangeGuonStone":23,"HollowMod:JonisBlessing":53,"Elementarium:GoldenMirage":20,"potionbrewer:Torch":38,"DemoMod:GundromedaStrain":48,"Elementarium:ElementariumTrophy":33,"infinitespire:Broken Mirror":4,"Bird Faced Urn":46,"Tintinnabulum":12,"Snecko Eye":24,"Pandora\u0027s Box":4,"hubris:TenFootPole":14,"qcfpunch:Spiky_Bracers":0,"aspiration:Lifesprig":7,"hierophant:PropheticMaskRelic":3,"Bromod:ArcanePistoleer":23,"wanderingMiniBosses:AbyssPearl":15,"hubris:EmptyBottle":0,"Ancient Tea Set":41,"Gensokyo:PortableGap":17,"Cursed Key":17,"White_Cape":26,"Pet Ghost":3,"Gensokyo:LunaticRedEyes":4,"Replay:Rubber Ducky":39,"hubris:Backtick":34,"Toolbox":37,"WingedGreaves":4,"aspiration:FutureDiary":0,"Guardian:BottledAnomaly":0,"InkBottle":52,"Potion Belt":31,"Slimebound:SelfDamagePreventRelic":22,"downfall:HeartBlessingRed":18,"DemoMod:WeirdEgg":0,"PreservedInsect":4,"hexamod:InflammatoryLetter":41,"infinitespire:CheckeredPen":8,"infinitespire:Lucky Rock":13,"hubris:Towel":29,"PureWhite:ReiMu":0,"Ornamental Fan":22,"CrazyTorch:ReiMu":45,"Slimebound:AbsorbEndCombat":0,"Garlic":26,"ReplayTheSpireMod:Lightbulb":37,"Ice Cream":0,"DemoMod:BlueGuonStone":0,"hubris:CrystalStatue":34,"Tea:ReiMu":24,"Vajra":12,"DemoMod:GlassGuonStoneRelic":2,"theSenshi:FeatherClipsRelic":13,"DemoMod:RiddleOfLead":17,"DemoMod:MonsterBlood":42,"DemoMod:ClearGuonStone":0,"hexamod:SpiritBrand":0,"Guardian:BottledStasis":0,"Happy Flower":0,"aspiration:Nostalgia":3,"Dead Branch":0,"Oddly Smooth Stone":44,"Guardian:ModeShifter":0,"hexamod:TheBrokenSeal":3,"potionbrewer:BhaskarasWheel":17,"War Paint":40,"Question Card":0,"hexamod:MatchstickCase":8,"OrangePellets":29,"Replay:Baseball":28,"Shuriken":0,"energizedSpire:NeverEndingSparkler":17,"infinitespire:EmpoweringShard":0,"ReplayTheSpireMod:TigerMarble":7,"Grinning Jar":21,"aspiration:HatOfInfinitePower":11,"Meat on the Bone":9,"Bromod:ArcaneAvenger":44,"theSenshi:SuperSailorFukuRelic":0,"qcfpunch:Not_Strongest_Fighting_Style_Guidebook":41,"Juzu Bracelet":41,"Incense Burner":0,"hubris:SlimyHat":0,"Hallownest:DreamNailRelic":8,"DemoMod:WhiteGuonStone":40,"Empty Cage":5,"ClockworkSouvenir":45,"DemoMod:SevenLeafClover":26,"Frozen Eye":25,"hubris:Icosahedron":19,"downfall:HeartBlessingBlue":18,"downfall:KnowingSkull":20,"Genji_Glove":26,"qcfpunch:Wrestler\u0027s_Cloak":39,"hubris:DisguiseKit":45,"qcfpunch:Army_Boots":26,"ReplayTheSpireMod:Ninjato":22,"Replay:Towering Pillar of Hats":0,"aspiration:FetidBarrel":0,"Quantum Egg":1,"vexMod:ConsolationPrize":24,"qcfpunch:White_Boots":0,"theWildCard:VelvetContract":0,"Pondfish Scales":0,"vexMod:HeadHunter":0,"qcfpunch:Red_Headband":24,"Bag of Marbles":43,"Membership Card":0,"DemoMod:WaxWing":17,"potionbrewer:Keyblade":19,"hexamod:IceCube":34,"RuthlessExorcism:ReiMu":25},{"Golden Egg":0,"Bromod:ArcaneNullifier":120,"downfall:HeartBlessingGreen":93,"wanderingMiniBosses:OtherGremlinHorn":2,"Ginger":15,"qcfpunch:Red_Beret":43,"Old Coin":45,"Replay:Wanted Poster":93,"vexMod:InvisibilityCloak":25,"aspiration:PoetsPen":18,"Ribbon":51,"qcfpunch:Lotus_Statue":86,"vexMod:EndlessSickness":117,"construct:RocketBooster":74,"DemoMod:OrangeGuonStone":12,"HollowMod:JonisBlessing":101,"Elementarium:GoldenMirage":113,"potionbrewer:Torch":45,"DemoMod:GundromedaStrain":23,"Elementarium:ElementariumTrophy":117,"infinitespire:Broken Mirror":2,"Bird Faced Urn":98,"Tintinnabulum":7,"Snecko Eye":113,"Pandora\u0027s Box":2,"hubris:TenFootPole":32,"qcfpunch:Spiky_Bracers":51,"aspiration:Lifesprig":28,"hierophant:PropheticMaskRelic":104,"Bromod:ArcanePistoleer":37,"wanderingMiniBosses:AbyssPearl":83,"hubris:EmptyBottle":25,"Ancient Tea Set":45,"Gensokyo:PortableGap":60,"Cursed Key":84,"White_Cape":113,"Pet Ghost":27,"Gensokyo:LunaticRedEyes":53,"Replay:Rubber Ducky":68,"hubris:Backtick":43,"Toolbox":68,"WingedGreaves":53,"aspiration:FutureDiary":0,"Guardian:BottledAnomaly":51,"InkBottle":101,"Potion Belt":41,"Slimebound:SelfDamagePreventRelic":11,"downfall:HeartBlessingRed":84,"DemoMod:WeirdEgg":51,"PreservedInsect":27,"hexamod:InflammatoryLetter":96,"infinitespire:CheckeredPen":29,"infinitespire:Lucky Rock":57,"hubris:Towel":89,"PureWhite:ReiMu":74,"Ornamental Fan":11,"CrazyTorch:ReiMu":22,"Slimebound:AbsorbEndCombat":0,"Garlic":39,"ReplayTheSpireMod:Lightbulb":68,"Ice Cream":51,"DemoMod:BlueGuonStone":25,"hubris:CrystalStatue":43,"Tea:ReiMu":62,"Vajra":81,"DemoMod:GlassGuonStoneRelic":1,"theSenshi:FeatherClipsRelic":109,"DemoMod:RiddleOfLead":60,"DemoMod:MonsterBlood":69,"DemoMod:ClearGuonStone":25,"hexamod:SpiritBrand":51,"Guardian:BottledStasis":25,"Happy Flower":25,"aspiration:Nostalgia":104,"Dead Branch":102,"Oddly Smooth Stone":22,"Guardian:ModeShifter":25,"hexamod:TheBrokenSeal":53,"potionbrewer:BhaskarasWheel":9,"War Paint":21,"Question Card":25,"hexamod:MatchstickCase":54,"OrangePellets":40,"Replay:Baseball":14,"Shuriken":51,"energizedSpire:NeverEndingSparkler":111,"infinitespire:EmpoweringShard":51,"ReplayTheSpireMod:TigerMarble":106,"Grinning Jar":113,"aspiration:HatOfInfinitePower":56,"Meat on the Bone":30,"Bromod:ArcaneAvenger":72,"theSenshi:SuperSailorFukuRelic":25,"qcfpunch:Not_Strongest_Fighting_Style_Guidebook":120,"Juzu Bracelet":21,"Incense Burner":25,"hubris:SlimyHat":25,"Hallownest:DreamNailRelic":106,"DemoMod:WhiteGuonStone":21,"Empty Cage":76,"ClockworkSouvenir":22,"DemoMod:SevenLeafClover":39,"Frozen Eye":62,"hubris:Icosahedron":84,"downfall:HeartBlessingBlue":84,"downfall:KnowingSkull":10,"Genji_Glove":39,"qcfpunch:Wrestler\u0027s_Cloak":95,"hubris:DisguiseKit":22,"qcfpunch:Army_Boots":39,"ReplayTheSpireMod:Ninjato":62,"Replay:Towering Pillar of Hats":51,"aspiration:FetidBarrel":25,"Quantum Egg":0,"vexMod:ConsolationPrize":113,"qcfpunch:White_Boots":51,"theWildCard:VelvetContract":102,"Pondfish Scales":25,"vexMod:HeadHunter":74,"qcfpunch:Red_Headband":12,"Bag of Marbles":71,"Membership Card":51,"DemoMod:WaxWing":34,"potionbrewer:Keyblade":60,"hexamod:IceCube":67,"RuthlessExorcism:ReiMu":63},{"Golden Egg":0,"Bromod:ArcaneNullifier":356,"downfall:HeartBlessingGreen":285,"wanderingMiniBosses:OtherGremlinHorn":8,"Ginger":42,"qcfpunch:Red_Beret":120,"Old Coin":126,"Replay:Wanted Poster":285,"vexMod:InvisibilityCloak":71,"aspiration:PoetsPen":52,"Ribbon":143,"qcfpunch:Lotus_Statue":256,"vexMod:EndlessSickness":352,"construct:RocketBooster":213,"DemoMod:OrangeGuonStone":33,"HollowMod:JonisBlessing":316,"Elementarium:GoldenMirage":345,"potionbrewer:Torch":126,"DemoMod:GundromedaStrain":66,"Elementarium:ElementariumTrophy":352,"infinitespire:Broken Mirror":8,"Bird Faced Urn":302,"Tintinnabulum":17,"Snecko Eye":345,"Pandora\u0027s Box":8,"hubris:TenFootPole":86,"qcfpunch:Spiky_Bracers":143,"aspiration:Lifesprig":78,"hierophant:PropheticMaskRelic":328,"Bromod:ArcanePistoleer":99,"wanderingMiniBosses:AbyssPearl":246,"hubris:EmptyBottle":71,"Ancient Tea Set":126,"Gensokyo:PortableGap":173,"Cursed Key":251,"White_Cape":345,"Pet Ghost":76,"Gensokyo:LunaticRedEyes":151,"Replay:Rubber Ducky":193,"hubris:Backtick":120,"Toolbox":193,"WingedGreaves":151,"aspiration:FutureDiary":0,"Guardian:BottledAnomaly":143,"InkBottle":316,"Potion Belt":110,"Slimebound:SelfDamagePreventRelic":28,"downfall:HeartBlessingRed":251,"DemoMod:WeirdEgg":143,"PreservedInsect":76,"hexamod:InflammatoryLetter":292,"infinitespire:CheckeredPen":81,"infinitespire:Lucky Rock":163,"hubris:Towel":266,"PureWhite:ReiMu":213,"Ornamental Fan":28,"CrazyTorch:ReiMu":64,"Slimebound:AbsorbEndCombat":0,"Garlic":107,"ReplayTheSpireMod:Lightbulb":193,"Ice Cream":143,"DemoMod:BlueGuonStone":71,"hubris:CrystalStatue":120,"Tea:ReiMu":178,"Vajra":238,"DemoMod:GlassGuonStoneRelic":4,"theSenshi:FeatherClipsRelic":337,"DemoMod:RiddleOfLead":173,"DemoMod:MonsterBlood":197,"DemoMod:ClearGuonStone":71,"hexamod:SpiritBrand":143,"Guardian:BottledStasis":71,"Happy Flower":71,"aspiration:Nostalgia":328,"Dead Branch":325,"Oddly Smooth Stone":64,"Guardian:ModeShifter":71,"hexamod:TheBrokenSeal":150,"potionbrewer:BhaskarasWheel":23,"War Paint":62,"Question Card":71,"hexamod:MatchstickCase":154,"OrangePellets":108,"Replay:Baseball":38,"Shuriken":143,"energizedSpire:NeverEndingSparkler":343,"infinitespire:EmpoweringShard":143,"ReplayTheSpireMod:TigerMarble":331,"Grinning Jar":345,"aspiration:HatOfInfinitePower":158,"Meat on the Bone":83,"Bromod:ArcaneAvenger":207,"theSenshi:SuperSailorFukuRelic":71,"qcfpunch:Not_Strongest_Fighting_Style_Guidebook":356,"Juzu Bracelet":62,"Incense Burner":71,"hubris:SlimyHat":71,"Hallownest:DreamNailRelic":331,"DemoMod:WhiteGuonStone":62,"Empty Cage":217,"ClockworkSouvenir":64,"DemoMod:SevenLeafClover":107,"Frozen Eye":178,"hubris:Icosahedron":251,"downfall:HeartBlessingBlue":251,"downfall:KnowingSkull":25,"Genji_Glove":107,"qcfpunch:Wrestler\u0027s_Cloak":289,"hubris:DisguiseKit":64,"qcfpunch:Army_Boots":107,"ReplayTheSpireMod:Ninjato":178,"Replay:Towering Pillar of Hats":143,"aspiration:FetidBarrel":71,"Quantum Egg":0,"vexMod:ConsolationPrize":345,"qcfpunch:White_Boots":143,"theWildCard:VelvetContract":325,"Pondfish Scales":71,"vexMod:HeadHunter":213,"qcfpunch:Red_Headband":33,"Bag of Marbles":203,"Membership Card":143,"DemoMod:WaxWing":91,"potionbrewer:Keyblade":173,"hexamod:IceCube":192,"RuthlessExorcism:ReiMu":181}]},"card_choices":[{"not_picked":["theWildCard:Sakuya","theWildCard:Polydeuces","theWildCard:SeveringSlash"],"picked":"SKIP","floor":1.0},{"not_picked":["theWildCard:Scathach","theWildCard:Loki","theWildCard:StalwartBlade"],"picked":"SKIP","floor":2.0},{"not_picked":["theWildCard:StingingStrike","theWildCard:SeveringSlash","theWildCard:ArcaneArts"],"picked":"SKIP","floor":5.0},{"not_picked":["theWildCard:StingingStrike","theWildCard:UnendingRitual","theWildCard:UnderLockAndKey"],"picked":"SKIP","floor":6.0},{"not_picked":["theWildCard:Scathach","theWildCard:EnergizedStroke"],"picked":"theWildCard:FinalHour","floor":10.0},{"not_picked":["theWildCard:UnderLockAndKey","theWildCard:ArcanaArtistry","theWildCard:SeveringSlash"],"picked":"SKIP","floor":11.0},{"not_picked":["theWildCard:Unburden","theWildCard:SeveringSlash","theWildCard:Proficiency"],"picked":"SKIP","floor":13.0},{"not_picked":["theWildCard:ArcaneArts","theWildCard:EnergizedStroke","theWildCard:StingingStrike"],"picked":"SKIP","floor":14.0},{"not_picked":["theWildCard:TheArcanaUnleashed","theWildCard:Thanatos"],"picked":"theWildCard:Caesar","floor":16.0},{"not_picked":["theWildCard:SacrificialStroke","theWildCard:ArchaicAssault","theWildCard:Unburden"],"picked":"SKIP","floor":18},{"not_picked":["theWildCard:ArcaneArts","theWildCard:Patience","theWildCard:StalwartBlade"],"picked":"SKIP","floor":27},{"not_picked":["theWildCard:Salvation","theWildCard:ArcaneArts"],"picked":"theWildCard:StingingStrike+1","floor":28},{"not_picked":["theWildCard:Deicide","theWildCard:Abstinence"],"picked":"theWildCard:ArchaicAssault","floor":31},{"not_picked":["theWildCard:AllOutAttack","theWildCard:Desolation"],"picked":"theWildCard:TheArcanaUnleashed","floor":33},{"not_picked":["theWildCard:MasterPlan","theWildCard:ArcanaArtistry","theWildCard:Polydeuces"],"picked":"SKIP","floor":35},{"not_picked":["theWildCard:IdentityTheft","theWildCard:EnergizedStroke","theWildCard:StingingStrike"],"picked":"SKIP","floor":36},{"not_picked":["theWildCard:BladeOfGenerations","theWildCard:Metatron+1","theWildCard:LadyLuck"],"picked":"SKIP","floor":41},{"not_picked":["theWildCard:Unburden+1","theWildCard:EnergizedStroke"],"picked":"theWildCard:Amaterasu","floor":44},{"not_picked":["Gensokyo:MorningMist","Gensokyo:SalamanderShield"],"picked":"Gensokyo:NewMoon","floor":48}],"player_experience":1271072,"relics_obtained":[{"floor":3.0,"key":"aspiration:Nostalgia"},{"floor":6.0,"key":"hubris:SlimyHat"},{"floor":13.0,"key":"theSenshi:FeatherClipsRelic"},{"floor":14.0,"key":"wanderingMiniBosses:AbyssPearl"},{"floor":20,"key":"Elementarium:GoldenMirage"},{"floor":21,"key":"Grinning Jar"},{"floor":26,"key":"White_Cape"},{"floor":28,"key":"DemoMod:WeirdEgg"},{"floor":41,"key":"qcfpunch:Not_Strongest_Fighting_Style_Guidebook"},{"floor":43,"key":"Bromod:ArcaneNullifier"}],"event_choices":[{"damage_healed":0,"gold_gain":0,"player_choice":"Toss","damage_taken":0,"max_hp_gain":0,"max_hp_loss":0,"event_name":"Elementarium:OnrushingOffering","floor":19,"gold_loss":20,"cards_obtained":["Elementarium:GildedEssence"]},{"damage_healed":0,"gold_gain":0,"player_choice":"Fight","damage_taken":0,"max_hp_gain":0,"max_hp_loss":0,"event_name":"Elementarium:GoldenStatues","floor":20,"gold_loss":0},{"damage_healed":0,"gold_gain":0,"player_choice":"Graft","damage_taken":0,"max_hp_gain":6,"max_hp_loss":0,"event_name":"Elementarium:SculptureGarden","floor":22,"gold_loss":0},{"damage_healed":0,"gold_gain":0,"player_choice":"Leave","damage_taken":0,"max_hp_gain":0,"max_hp_loss":0,"event_name":"conspire:Investor","floor":37,"gold_loss":0}],"is_beta":false,"boss_relics":[{"not_picked":["hubris:GrandSneckoEye","Cursed Key"],"picked":"energizedSpire:NeverEndingSparkler"},{"not_picked":["SacredBark","vexMod:BigBerry"],"picked":"vexMod:EndlessSickness"}],"items_purged_floors":[0],"is_endless":false,"potions_floor_spawned":[5,11,14,16,28,41],"ascension_level":20}}