{"host":"ql9d3hodw6ja2r3y","time":1609429375,"event":{"mods":["2.2 Compatiblity","AchievementEnabler","Act Like it!","BaseMod","Beaked The Cultist","Better Altar","Better Match","Better Note","Better Sensory Stone","Better Skull","Better Third Choice","Better Vampires","BetterRewards","CCEM","Challenge The Spire","Colored Powertips","Curses Come First","Displayed Cursed Tome","Downfall","Friendly Minions","GifTheSpireLib","Infinite Spire","Marked Mod","Mimic Mod","Minty Spire (QoL Compilation)","Permanent Neow","Quick Restart","Random Character Button","Rare Cards Sparkle","Relic Sorter","Shade Mod","Somnambulant","Spicy Shops","StSLib","Synergy Search","The Blue Laboratory","The Bug Knight","The Construct","The Cursed","The Disciple","The Forsaken","The Hierophant","The Marked","The Runesmith","The Spell Scribe"],"gold_per_floor":[99,115,29,48,66,85,124,124,49,69,69,86,105,118,138,234,234,159,159,159,170,170,189,189,205,205,220,70,98,98,118,133,228,228,228,242,242,242,348,358,394,407,407,407,422,422,436,448,458,458,458,458],"floor_reached":50,"playtime":6706,"items_purged":[],"score":514,"play_id":"d4124c5c-9fcd-451e-b1ac-565bc65e3f67","local_time":"20201231164255","is_ascension_mode":false,"campfire_choices":[{"floor":1,"key":"RECALL"},{"data":"Guardian:CurlUp","floor":9,"key":"SMITH"},{"floor":11,"key":"REST"},{"data":"Guardian:WalkerClaw","floor":18,"key":"SMITH"},{"data":"Guardian:PolyBeam","floor":26,"key":"SMITH"},{"floor":30,"key":"REST"},{"data":"Guardian:ChargeCore","floor":35,"key":"SMITH"},{"floor":46,"key":"REST"}],"circlet_count":0,"master_deck":["Guardian:Strike_Guardian","Guardian:Strike_Guardian","Guardian:Strike_Guardian","Guardian:Strike_Guardian","Guardian:Defend_Guardian","Guardian:Defend_Guardian","Guardian:Defend_Guardian","Guardian:Defend_Guardian","Guardian:CurlUp+1","Guardian:TwinSlam","Guardian:WalkerClaw+1","Guardian:TimeBomb","Guardian:PiercingHide","Guardian:ShieldSpikes","Guardian:PolyBeam+1","Guardian:ChargeUp+1","Guardian:SentryBeam+1","Guardian:ShieldSpikes+1","Guardian:DecasProtection+1","Guardian:BronzeOrb","Guardian:PrimingBeam","Guardian:Gem_Lightblue","Guardian:Gem_Lightblue","Guardian:ChargeCore+1","Guardian:TemporalShield","Guardian:SphericShield","Guardian:TimeSifter","Guardian:Incinerate","Guardian:BronzeArmor","infinitespire:Execution","expansioncontent:ManipulateTime","Guardian:Reroute+1","Guardian:PrismaticBarrier+1","Guardian:RefractedBeam","Guardian:Reroute+1"],"relics":["Guardian:ModeShifter","Orichalcum","downfall:HeartBlessingRed","Astrolabe","downfall:HeartBlessingBlue","HollowMod:PaleOreRelic","CCEMRelics:D6","theForsaken:PaleLantern","Oddly Smooth Stone"],"acts_visited":["Exordium","TheCity","TheBeyond"],"potions_floor_usage":[5,7,16,16,29,33,33,33,36,49,50],"damage_taken":[{"damage":0,"enemies":"Cultist","floor":2,"turns":4},{"damage":0,"enemies":"downfall:FleeingMerchant","floor":3,"turns":4},{"damage":0,"enemies":"2 Louse","floor":4,"turns":3},{"damage":0,"enemies":"Jaw Worm","floor":5,"turns":4},{"damage":2,"enemies":"3 Louse","floor":6,"turns":4},{"damage":0,"enemies":"Exordium Wildlife","floor":7,"turns":9},{"damage":18,"enemies":"Exordium Wildlife","floor":10,"turns":6},{"damage":3,"enemies":"2 Fungi Beasts","floor":12,"turns":4},{"damage":5,"enemies":"Exordium Thugs","floor":13,"turns":3},{"damage":10,"enemies":"Large Slime","floor":14,"turns":7},{"damage":0,"enemies":"2 Fungi Beasts","floor":15,"turns":3},{"damage":10,"enemies":"downfall:Ironclad","floor":16,"turns":6},{"damage":1,"enemies":"Chosen","floor":21,"turns":5},{"damage":0,"enemies":"Shell Parasite","floor":23,"turns":6},{"damage":3,"enemies":"Snecko","floor":25,"turns":5},{"damage":12,"enemies":"Centurion and Healer","floor":27,"turns":9},{"damage":20,"enemies":"HollowMod:Nosk","floor":29,"turns":6},{"damage":13,"enemies":"Snake Plant","floor":31,"turns":4},{"damage":21,"enemies":"Sentry and Sphere","floor":32,"turns":5},{"damage":34,"enemies":"downfall:Silent","floor":33,"turns":9},{"damage":0,"enemies":"Orb Walker","floor":36,"turns":5},{"damage":5,"enemies":"3 Darklings","floor":40,"turns":7},{"damage":0,"enemies":"4 Shapes","floor":41,"turns":12},{"damage":28,"enemies":"4 Shapes","floor":42,"turns":8},{"damage":10,"enemies":"Maw","floor":45,"turns":8},{"damage":4,"enemies":"Spire Growth","floor":47,"turns":6},{"damage":12,"enemies":"Sphere and 2 Shapes","floor":48,"turns":6},{"damage":41,"enemies":"Transient","floor":49,"turns":5},{"damage":14,"enemies":"downfall:Defect","floor":50,"turns":7}],"seed_played":"-6146515280645841957","potions_obtained":[{"floor":4,"key":"ColorlessPotion"},{"floor":6,"key":"EssenceOfSteel"},{"floor":12,"key":"blueLaboratory:RecallPotion"},{"floor":13,"key":"SpeedPotion"},{"floor":14,"key":"infinitespire:BlackPotion"},{"floor":16,"key":"FearPotion"},{"floor":23,"key":"infinitespire:BlackPotion"},{"floor":29,"key":"Guardian:AcceleratePotion"},{"floor":33,"key":"ColorlessPotion"},{"floor":42,"key":"blueLaboratory:LouseDecoction"},{"floor":48,"key":"blueLaboratory:FruitPunch"}],"is_trial":false,"path_per_floor":["R","M","$","M","M","M","MIM","?","R","M","R","M","M","M","M","B",null,"R","?","?","M","?","M","T","M","R","M","?","E","R","M","M","B",null,"R","M","?","?","?","M","MIM","M","AVR","?","M","R","M","M","M","B"],"character_chosen":"GUARDIAN","items_purchased":["Guardian:Gem_Crimson"],"campfire_rested":3,"item_purchase_floors":[3],"current_hp_per_floor":[80,80,80,80,80,78,78,78,78,60,80,77,72,62,62,52,80,90,90,72,71,95,95,95,92,92,80,80,60,88,75,54,20,95,95,95,95,95,84,79,79,51,51,51,41,69,65,53,14,0,0,0],"gold":458,"neow_bonus":"RANDOM_COMMON_RELIC","is_daily":false,"chose_seed":false,"campfire_upgraded":4,"win_rate":0.0,"timestamp":1609429375,"path_taken":["R","M","$","M","?","M","MIM","?","R","M","R","M","M","M","M","BOSS","R","?","?","M","?","M","T","?","R","M","?","E","R","M","M","BOSS","R","M","?","?","?","?","MIM","M","AVR","?","M","R","M","M","M","BOSS"],"items_purchased_type":["Card"],"build_version":"2020-12-22","purchased_purges":0,"victory":false,"max_hp_per_floor":[80,80,80,80,80,80,80,80,80,80,80,80,80,80,80,80,80,90,90,95,95,95,95,95,95,95,95,95,95,95,95,95,95,95,95,95,95,95,95,95,95,95,95,95,95,95,95,95,97,97,97,97],"card_choices":[{"not_picked":["Guardian:Gem_Lightblue","Guardian:Gem_Green"],"picked":"Guardian:Gem_Cyan","floor":2},{"not_picked":["Guardian:Gem_Lightblue","Guardian:Gem_Synthetic"],"picked":"Guardian:WalkerClaw","floor":3},{"not_picked":["Guardian:TemporalShield","Guardian:WalkerClaw"],"picked":"Guardian:TimeBomb","floor":4},{"not_picked":["Guardian:Preprogram","Guardian:WalkerClaw"],"picked":"Guardian:PiercingHide","floor":5},{"not_picked":["Guardian:Recover","Guardian:Gem_Crimson"],"picked":"Guardian:Gem_White","floor":6},{"not_picked":["Guardian:Gem_Purple","Guardian:TimeBomb"],"picked":"Guardian:ShieldCharger","floor":7},{"not_picked":["Guardian:WalkerClaw","Guardian:ShieldCharger"],"picked":"Guardian:VentSteam","floor":10},{"not_picked":["Guardian:ArmoredProtocol","Guardian:CrystalBeam"],"picked":"Guardian:ShieldSpikes","floor":12},{"not_picked":["Guardian:CrystalBeam","Guardian:Gem_Cyan"],"picked":"Guardian:Gem_Fragmented","floor":13},{"not_picked":["Guardian:Gem_Synthetic","Guardian:Gem_Green"],"picked":"Guardian:Gem_Red","floor":14},{"not_picked":["Guardian:ChargeCore","Guardian:VentSteam"],"picked":"Guardian:PolyBeam","floor":15},{"not_picked":["Guardian:StasisStrike","Guardian:ConstructionForm"],"picked":"Guardian:Gem_Orange","floor":16},{"not_picked":["Guardian:PolyBeam","Guardian:Planning"],"picked":"Guardian:DecasProtection+1","floor":21},{"not_picked":["Guardian:DecasProtection+1","Guardian:ChargeCore"],"picked":"Guardian:BronzeOrb","floor":23},{"not_picked":["Guardian:TimeCapacitor","Guardian:WalkerClaw"],"picked":"Guardian:PrimingBeam","floor":25},{"not_picked":["Guardian:PrimingBeam+1","Guardian:TimeCapacitor"],"picked":"Guardian:Gem_Lightblue","floor":27},{"not_picked":["Guardian:TimeBomb","Guardian:WalkerClaw"],"picked":"Guardian:Gem_Lightblue","floor":29},{"not_picked":["Guardian:Gem_Blue","Guardian:WalkerClaw+1"],"picked":"Guardian:ChargeCore","floor":31},{"not_picked":["Guardian:PolyBeam","Guardian:Planning+1"],"picked":"Guardian:TemporalShield","floor":32},{"not_picked":["Guardian:ConstructionForm","Guardian:StasisStrike"],"picked":"Guardian:SphericShield","floor":33},{"not_picked":["Guardian:Gem_Crimson","Guardian:WalkerClaw+1"],"picked":"Guardian:TimeSifter","floor":36},{"not_picked":["Guardian:PiercingHide","Guardian:ShieldCharger"],"picked":"Guardian:Incinerate","floor":40},{"not_picked":["Guardian:TimeBomb+1","Guardian:PrimingBeam"],"picked":"Guardian:Gem_Blue","floor":41},{"not_picked":["Guardian:Gem_Red","Guardian:VentSteam"],"picked":"Guardian:BronzeArmor","floor":42},{"not_picked":["expansioncontent:TimeRipple","expansioncontent:SlimeTackle"],"picked":"expansioncontent:ManipulateTime","floor":44},{"not_picked":["Guardian:Gem_White","Guardian:Gem_Cyan"],"picked":"Guardian:Reroute+1","floor":45},{"not_picked":["Guardian:RefractedBeam","Guardian:Gem_Lightblue"],"picked":"Guardian:PrismaticBarrier+1","floor":47},{"not_picked":["Guardian:Reroute","Guardian:PrimingBeam+1"],"picked":"Guardian:RefractedBeam","floor":48},{"not_picked":["Guardian:PiercingHide+1","Guardian:Recover+1"],"picked":"Guardian:Reroute+1","floor":49}],"player_experience":27745,"relics_obtained":[{"floor":24,"key":"HollowMod:PaleOreRelic"},{"floor":29,"key":"CCEMRelics:D6"},{"floor":41,"key":"Oddly Smooth Stone"}],"event_choices":[{"damage_healed":0,"gold_gain":0,"player_choice":"Ignored","damage_taken":0,"max_hp_gain":0,"max_hp_loss":0,"event_name":"betterNote:BetterNote","floor":19,"gold_loss":0,"cards_obtained":["DaylightSavings"]},{"damage_healed":31,"gold_gain":0,"player_choice":"Heal","damage_taken":0,"max_hp_gain":0,"max_hp_loss":0,"event_name":"The Library","floor":22,"gold_loss":0},{"cards_removed":["Ghostly"],"damage_healed":0,"gold_gain":0,"player_choice":"Removed Skill","damage_taken":0,"max_hp_gain":0,"max_hp_loss":0,"event_name":"Falling","floor":38,"gold_loss":0},{"damage_healed":0,"gold_gain":106,"player_choice":"GO ","damage_taken":12,"relics_obtained":[],"max_hp_gain":0,"max_hp_loss":0,"event_name":"betterSkull:BetterSkull","floor":39,"gold_loss":0,"cards_upgraded":[]}],"is_beta":false,"boss_relics":[{"not_picked":["CCEMRelics:TransientCore","beaked:MawFillet"],"picked":"Astrolabe"},{"not_picked":["Coffee Dripper","Runesmith:UraniumAnvil"],"picked":"theForsaken:PaleLantern"}],"items_purged_floors":[],"is_endless":false,"potions_floor_spawned":[4,6,12,13,14,16,23,29,33,42,48],"killed_by":"downfall:Defect","ascension_level":0}}