{"host":"yn17ruofed46ymbq","time":1609405071,"event":{"mods":["AchievementEnabler","BaseMod","Colored Map","Colored Powertips","DeckTracker","Highlight Path","Keyboard Shortcuts","Minty Spire (QoL Compilation)","Permanent Neow","Quick Restart","Rare Cards Sparkle","Relic Stats","SuperFastMode"],"gold_per_floor":[361,31,31,44,60,91,91,121,145,163,163,163],"floor_reached":11,"playtime":337,"items_purged":[],"score":112,"play_id":"a0fefea3-5d06-457e-9e07-595ce5283978","local_time":"20201231175751","is_ascension_mode":true,"campfire_choices":[{"data":"Flex","floor":7,"key":"SMITH"}],"circlet_count":0,"master_deck":["Strike_R","Strike_R","Strike_R","Strike_R","Strike_R","Defend_R","Defend_R","Defend_R","Defend_R","Bash","Blood for Blood+1","Infernal Blade","Dropkick+1","Bludgeon","Power Through","Flex+1","Entrench","Disarm"],"relics":["Burning Blood","Membership Card","Lantern","Whetstone","Centennial Puzzle"],"acts_visited":["Exordium"],"potions_floor_usage":[8,10],"damage_taken":[{"damage":10,"enemies":"Jaw Worm","floor":1,"turns":5},{"damage":4,"enemies":"2 Louse","floor":4,"turns":3},{"damage":0,"enemies":"Cultist","floor":5,"turns":2},{"damage":32,"enemies":"Gremlin Nob","floor":6,"turns":4},{"damage":38,"enemies":"Lagavulin","floor":8,"turns":4},{"damage":0,"enemies":"Exordium Thugs","floor":10,"turns":3},{"damage":21,"enemies":"Gremlin Nob","floor":11,"turns":4}],"seed_played":"5402810863550649990","potions_obtained":[{"floor":5,"key":"Swift Potion"},{"floor":8,"key":"FearPotion"}],"is_trial":false,"path_per_floor":["M","$","?","M","M","E","R","E","T","M","E"],"character_chosen":"IRONCLAD","items_purchased":["Infernal Blade","Dropkick","Membership Card","Bludgeon"],"campfire_rested":0,"item_purchase_floors":[2,2,2,2],"current_hp_per_floor":[68,68,73,75,77,51,51,19,19,25,4,4],"gold":163,"neow_bonus":"TWO_FIFTY_GOLD","is_daily":false,"chose_seed":false,"campfire_upgraded":1,"win_rate":0.0,"timestamp":1609405071,"path_taken":["M","$","?","M","M","E","R","E","T","M","E"],"items_purchased_type":["Card","Card","Relic","Card"],"build_version":"2020-12-22","purchased_purges":0,"victory":false,"max_hp_per_floor":[72,72,77,77,77,77,77,77,77,77,77,77],"relic_stats":{"Centennial Puzzle":[3],"counters":[7,25],"Whetstone":["Dropkick","Blood for Blood"],"obtain_stats":[{"Lantern":6,"Centennial Puzzle":9,"Membership Card":2,"Whetstone":8,"Burning Blood":0},{"Lantern":4,"Centennial Puzzle":5,"Membership Card":1,"Whetstone":5,"Burning Blood":0},{"Lantern":14,"Centennial Puzzle":18,"Membership Card":5,"Whetstone":18,"Burning Blood":0}],"Burning Blood":32},"card_choices":[{"not_picked":["Thunderclap","Havoc"],"picked":"Blood for Blood","floor":1},{"not_picked":["Clash","Sword Boomerang","Uppercut"],"picked":"SKIP","floor":4},{"not_picked":["Clash","Sword Boomerang"],"picked":"Power Through","floor":5},{"not_picked":["Headbutt","Iron Wave"],"picked":"Flex","floor":6},{"not_picked":["Thunderclap","Sentinel"],"picked":"Entrench","floor":8},{"not_picked":["Sword Boomerang","Pommel Strike"],"picked":"Disarm","floor":10}],"player_experience":438824,"relics_obtained":[{"floor":6,"key":"Lantern"},{"floor":8,"key":"Whetstone"},{"floor":9,"key":"Centennial Puzzle"}],"event_choices":[{"damage_healed":0,"gold_gain":0,"player_choice":"Donut","damage_taken":0,"max_hp_gain":5,"max_hp_loss":0,"event_name":"Big Fish","floor":3,"gold_loss":0}],"is_beta":false,"boss_relics":[],"items_purged_floors":[],"is_endless":false,"potions_floor_spawned":[5,8],"killed_by":"Gremlin Nob","ascension_level":7}}