{"host":"acpsw8r33r8788yr","time":1609433961,"event":{"mods":["BaseMod","Better Altar","Better Skull","Better Third Choice","BetterRewards","Colored Map","Downfall","Hermit","Highlight Path","Hubris","Minty Spire (QoL Compilation)","Quick Restart","Replay The Spire","Robot Space Explorer","Shop Mod","StSLib","SuperFastMode","The Animator","The Bug Knight","The Construct","The Cursed","The Disciple","The Jungle","The Runesmith","The Senshi"],"gold_per_floor":[99,99,20,20,33,133,159,173,173,184,184,184,184,200,216,216,227,227,227,227],"floor_reached":18,"playtime":748,"items_purged":[],"score":107,"play_id":"092dd941-3555-48c1-9415-24b1cf49c556","local_time":"20201231085921","is_ascension_mode":true,"campfire_choices":[],"circlet_count":0,"master_deck":["Guardian:Strike_Guardian","Guardian:Strike_Guardian","Guardian:Strike_Guardian","Guardian:Defend_Guardian","Guardian:Defend_Guardian","Guardian:Defend_Guardian","Guardian:Defend_Guardian","Guardian:CurlUp+1","Guardian:TwinSlam","Guardian:ChargeCore","Guardian:GuardianWhirl","Guardian:EvasiveProtocol","Guardian:Gem_Cyan","Crystallizer","Guardian:TemporalShield","Guardian:SentryBeam","Guardian:Harden","Guardian:EvasiveProtocol"],"relics":["Guardian:ModeShifter","downfall:HeartsMalice","Replay:Baseball","PreservedInsect"],"acts_visited":["Exordium"],"potions_floor_usage":[10,15,18,18],"damage_taken":[{"damage":0,"enemies":"Small Slimes","floor":2,"turns":1},{"damage":0,"enemies":"downfall:FleeingMerchant","floor":3,"turns":1},{"damage":0,"enemies":"Cultist","floor":4,"turns":1},{"damage":0,"enemies":"2 Louse","floor":5,"turns":1},{"damage":17,"enemies":"Large Slime","floor":8,"turns":6},{"damage":0,"enemies":"Blue Slaver","floor":10,"turns":2},{"damage":4,"enemies":"2 Fungi Beasts","floor":14,"turns":4},{"damage":0,"enemies":"Red Slaver","floor":15,"turns":3},{"damage":10,"enemies":"3 Louse","floor":17,"turns":3},{"damage":33,"enemies":"downfall:Ironclad","floor":18,"turns":12}],"seed_played":"209682921944101515","potions_obtained":[{"floor":5,"key":"Explosive Potion"},{"floor":8,"key":"Fire Potion"},{"floor":10,"key":"Regen Potion"},{"floor":15,"key":"Venom Potion"},{"floor":17,"key":"ColorlessPotion"}],"is_trial":false,"path_per_floor":["R_BF","M","$","M","M","?","T","M","?","M","?","PTL","PTL","M","M","?","M","B"],"character_chosen":"GUARDIAN","items_purchased":["Guardian:EvasiveProtocol"],"campfire_rested":0,"item_purchase_floors":[3],"current_hp_per_floor":[80,80,80,80,80,80,80,63,36,36,62,62,62,58,58,58,48,30,30,30],"gold":227,"neow_bonus":"THREE_ENEMY_KILL","is_daily":false,"chose_seed":false,"campfire_upgraded":0,"win_rate":0.0,"timestamp":1609433961,"path_taken":["R_BF","M","$","M","M","?","T","M","?","M","?","PTL","PTL","M","M","?","M","BOSS"],"items_purchased_type":["Card"],"build_version":"2020-12-22","purchased_purges":0,"victory":false,"max_hp_per_floor":[80,80,80,80,80,80,80,80,80,80,80,80,80,80,80,80,80,80,80,80],"card_choices":[{"not_picked":["Guardian:VentSteam","Guardian:ShieldCharger"],"picked":"Guardian:ChargeCore","floor":2},{"not_picked":["Guardian:Gem_Cyan","Guardian:MultiBeam"],"picked":"Guardian:GuardianWhirl","floor":3},{"not_picked":["Guardian:TemporalStrike","Guardian:BronzeOrb"],"picked":"Guardian:Gem_Lightblue","floor":4},{"not_picked":["Guardian:Incinerate","Guardian:ShieldCharger","Guardian:MultiBeam"],"picked":"SKIP","floor":5},{"not_picked":["Guardian:Suspension","Guardian:Incinerate"],"picked":"Guardian:Gem_Cyan","floor":8},{"not_picked":["Guardian:RollAttack","Guardian:ChargeCore"],"picked":"Guardian:TemporalShield","floor":10},{"not_picked":["Guardian:WalkerClaw","Guardian:GemFire"],"picked":"Guardian:SentryBeam","floor":14},{"not_picked":["Guardian:Gem_Fragmented","Guardian:SpikerProtocol"],"picked":"Guardian:Harden","floor":15},{"not_picked":["Guardian:Gem_Blue","Guardian:PiercingHide"],"picked":"Guardian:EvasiveProtocol","floor":17}],"player_experience":411873,"relics_obtained":[{"floor":7,"key":"Replay:Baseball"}],"event_choices":[{"damage_healed":26,"gold_gain":0,"player_choice":"Banana","damage_taken":0,"max_hp_gain":0,"max_hp_loss":0,"event_name":"Big Fish","floor":11,"gold_loss":0}],"is_beta":false,"boss_relics":[],"items_purged_floors":[],"is_endless":false,"potions_floor_spawned":[5,8,10,15,17],"killed_by":"downfall:Ironclad","ascension_level":1}}