{"host":"appz8zkad29u9482","time":1609394384,"event":{"mods":["2.2 Compatiblity","Act Like it!","Aspiration","BaseMod","Better Altar","Better Match","Better Note","Better Skull","Better Third Choice","BetterRewards","CapriCore","Conspire","Disable Question Mark Monsters","Energized Spire","Gensokyo","GifTheSpireLib","Gold Saver","Halation","Hermit","Hubris","Infinite Spire","Jedi Mod","Jorbs\u0027s Wanderer Trilogy","Koishi","Marisa????????","Minty Spire (QoL Compilation)","Permanent Neow","Reimu??????","Replay The Spire","Spicy Shops","StSLib","Strawberry Spire","Stuff the Spire","The Administrix","The Cursed","The Hierophant","The Immortal","The Marked","The Servant 0.9.4","yUi"],"gold_per_floor":[797,807,807,822,517,545,545,557,610,632,685,685,728,771,771,903,903,999,1051,737,791,791,791,775,775],"floor_reached":24,"playtime":1695,"items_purged":["conspire:GhostlyStrike"],"score":233,"play_id":"16e6d0e8-4b53-4ca3-8b76-cfa0320d1d55","local_time":"20201230195944","is_ascension_mode":false,"campfire_choices":[{"data":"hierophant:Refuge","floor":15,"key":"SMITH"},{"data":"hierophant:Charity","floor":23,"key":"SMITH"}],"circlet_count":0,"master_deck":["conspire:GhostlyStrike","conspire:GhostlyStrike","conspire:GhostlyStrike","hierophant:Punish","conspire:GhostlyDefend","conspire:GhostlyDefend","conspire:GhostlyDefend","hierophant:ChurchCoffers+1","hierophant:Smite","hierophant:RepressedViolence","hierophant:MorningPrayer","hierophant:Doubloon","hierophant:Generosity","hierophant:Smite","hierophant:RustyCrate","hierophant:Doubloon","hierophant:Doubloon","hierophant:Zeal","hierophant:Patience","hierophant:Doubloon","hierophant:Refuge+1","hierophant:BulkyChest","hierophant:Doubloon","hierophant:Charity+1","hierophant:Upheaval","hierophant:MorningPrayer","hierophant:MorningPrayer","hierophant:TollTheBells+1","Replay:Anticipation"],"relics":["hierophant:PropheticMaskRelic","hierophant:DonationBoxRelic","Potion Belt","StuffTheSpire:Gunfinga","jedi:gremlinknob","Nunchaku","halation:PrussianBluePaint","TungstenRod","aspiration:PoetsPen_weak","Tiny Chest","halation:Diary"],"acts_visited":["Exordium","TheCity"],"potions_floor_usage":[11,16,16,24,24],"damage_taken":[{"damage":1,"enemies":"Cultist","floor":1,"turns":3},{"damage":0,"enemies":"Small Slimes","floor":2,"turns":1},{"damage":0,"enemies":"conspire:RoseBush","floor":4,"turns":3},{"damage":27,"enemies":"Gremlin Nob","floor":6,"turns":4},{"damage":0,"enemies":"3 Louse","floor":8,"turns":2},{"damage":0,"enemies":"Large Slime","floor":10,"turns":4},{"damage":14,"enemies":"3 Sentries","floor":11,"turns":5},{"damage":0,"enemies":"Exordium Wildlife","floor":13,"turns":2},{"damage":9,"enemies":"Replay:BlueRogue","floor":14,"turns":5},{"damage":27,"enemies":"The Guardian","floor":16,"turns":8},{"damage":2,"enemies":"conspire:FuzzyDice","floor":18,"turns":3},{"damage":5,"enemies":"Shell Parasite","floor":19,"turns":4},{"damage":52,"enemies":"conspire:HollyBat","floor":21,"turns":9},{"damage":26,"enemies":"Cultist and Chosen","floor":24,"turns":6}],"seed_played":"2362355558268512332","potions_obtained":[{"floor":1,"key":"CultistPotion"},{"floor":2,"key":"Ancient Potion"},{"floor":6,"key":"CultistPotion"},{"floor":11,"key":"Fruit Juice"},{"floor":16,"key":"conspire:TimeTravelPotion"},{"floor":19,"key":"GrandPatriotsElixir:ReiMu"},{"floor":21,"key":"LifebloodPotion"}],"is_trial":false,"path_per_floor":["M","M","T","M","$","E","?","M","T","M","?","?","M","E","R","B",null,"M","M","$","M","?","R","M"],"character_chosen":"HIEROPHANT","items_purchased":["Potion Belt","StuffTheSpire:Gunfinga","hierophant:MorningPrayer","Tiny Chest","halation:Diary"],"campfire_rested":0,"item_purchase_floors":[5,5,20,20,20],"current_hp_per_floor":[74,74,74,74,74,47,47,47,47,47,33,33,33,24,24,2,80,78,73,73,21,21,21,0,0],"gold":775,"neow_bonus":"UPGRADE_CARD","is_daily":false,"chose_seed":false,"campfire_upgraded":2,"win_rate":0.0,"timestamp":1609394384,"path_taken":["M","M","?","M","$","E","?","M","T","M","?","?","M","E","R","BOSS","M","M","$","M","?","R","M"],"items_purchased_type":["Relic","Relic","Card","Relic","Relic"],"build_version":"2020-12-22","purchased_purges":1,"victory":false,"max_hp_per_floor":[75,75,75,75,75,75,75,75,75,75,75,75,75,75,75,80,80,80,80,80,80,80,80,80,80],"card_choices":[{"not_picked":["hierophant:Exaltation","hierophant:DisplayOfPower"],"picked":"hierophant:Smite","floor":1},{"not_picked":["hierophant:HammerAndAnvil","hierophant:AuricBeam"],"picked":"hierophant:RepressedViolence","floor":2},{"not_picked":["hierophant:FieryStrike","hierophant:ThreeLashes"],"picked":"hierophant:MorningPrayer","floor":4},{"not_picked":["hierophant:Refuge","hierophant:Bribe"],"picked":"hierophant:Generosity","floor":6},{"not_picked":["hierophant:Remorse","hierophant:HolyVerse"],"picked":"hierophant:Smite","floor":8},{"not_picked":["hierophant:OrnateBuckler","hierophant:SolarFlare"],"picked":"hierophant:RustyCrate","floor":10},{"not_picked":["hierophant:Purify","hierophant:FlamingChariot"],"picked":"hierophant:Zeal","floor":11},{"not_picked":["hierophant:FlamingChariot","hierophant:ArchangelShield"],"picked":"hierophant:Patience","floor":13},{"not_picked":["hierophant:OrnateJavelin","hierophant:ThreeLashes"],"picked":"hierophant:Refuge","floor":14},{"not_picked":["hierophant:Invocation","hierophant:Anathema"],"picked":"hierophant:BulkyChest","floor":16},{"not_picked":["hierophant:RustyCrate+1","hierophant:Glossolalia"],"picked":"hierophant:Charity","floor":18},{"not_picked":["hierophant:Empathy","hierophant:SolarFlare"],"picked":"hierophant:Upheaval","floor":19},{"not_picked":["hierophant:Blessing","hierophant:EyeForCoin"],"picked":"hierophant:TollTheBells+1","floor":21}],"player_experience":403309,"relics_obtained":[{"floor":3,"key":"hierophant:DonationBoxRelic"},{"floor":6,"key":"jedi:gremlinknob"},{"floor":9,"key":"Nunchaku"},{"floor":11,"key":"halation:PrussianBluePaint"},{"floor":14,"key":"TungstenRod"}],"event_choices":[{"damage_healed":0,"gold_gain":0,"player_choice":"Agree","damage_taken":0,"max_hp_gain":0,"max_hp_loss":0,"event_name":"conspire:LoneGhost","floor":7,"gold_loss":0},{"damage_healed":0,"gold_gain":0,"player_choice":"Searched \u00271\u0027 times","damage_taken":0,"max_hp_gain":0,"max_hp_loss":0,"event_name":"Dead Adventurer","floor":11,"gold_loss":0},{"cards_removed":["hierophant:ChurchCoffers"],"damage_healed":0,"gold_gain":0,"player_choice":"Take \u0026 Give","damage_taken":0,"max_hp_gain":0,"max_hp_loss":0,"event_name":"betterNote:BetterNote","floor":22,"gold_loss":0,"cards_obtained":["Replay:Anticipation"]}],"is_beta":false,"boss_relics":[{"not_picked":["Tiny House","Snecko Eye"],"picked":"aspiration:PoetsPen_weak"}],"items_purged_floors":[20],"is_endless":false,"potions_floor_spawned":[1,2,6,11,16,19,21],"killed_by":"Cultist and Chosen","ascension_level":0}}