{"host":"raaimkojny05jekw","time":1609402013,"event":{"mods":["AchievementEnabler","BaseMod","Colored Map","Colored Powertips","DeckTracker","Minty Spire (QoL Compilation)","Quick Restart","Rare Cards Sparkle","everything is the same but u backflip on backflip"],"gold_per_floor":[118,93,104,118,128,128,128,128,128,1,1,1,1,15,15,146,146,161,174,10,28,28,28,63,63,63],"floor_reached":25,"playtime":660,"items_purged":[],"score":211,"play_id":"e7dcf10e-3ba6-4f41-8376-f38e0053f4eb","local_time":"20201231170653","is_ascension_mode":false,"campfire_choices":[{"data":"Mayhem","floor":6,"key":"SMITH"},{"data":"Bash","floor":8,"key":"SMITH"},{"data":"Carnage","floor":12,"key":"SMITH"},{"data":"Metallicize","floor":15,"key":"SMITH"},{"data":"Heavy Blade","floor":23,"key":"SMITH"}],"circlet_count":0,"master_deck":["Strike_R","Strike_R","Strike_R","Strike_R","Defend_R","Defend_R","Defend_R","Defend_R","Bash+1","Mayhem+1","Headbutt","Cleave","Metallicize+1","Sword Boomerang","Pommel Strike","Carnage+1","Trip","Demon Form","Heavy Blade+1","Berserk+1","Headbutt"],"relics":["Black Blood","Pantograph","Golden Idol","Du-Vu Doll"],"acts_visited":["Exordium","TheCity"],"potions_floor_usage":[16,19,21,21,24],"damage_taken":[{"damage":5,"enemies":"Cultist","floor":1,"turns":4},{"damage":0,"enemies":"2 Louse","floor":3,"turns":2},{"damage":8,"enemies":"Jaw Worm","floor":4,"turns":4},{"damage":9,"enemies":"Exordium Wildlife","floor":5,"turns":4},{"damage":3,"enemies":"Red Slaver","floor":14,"turns":2},{"damage":21,"enemies":"Hexaghost","floor":16,"turns":7},{"damage":17,"enemies":"Shell Parasite","floor":18,"turns":5},{"damage":15,"enemies":"Chosen","floor":19,"turns":4},{"damage":17,"enemies":"Snake Plant","floor":21,"turns":3},{"damage":65,"enemies":"Book of Stabbing","floor":24,"turns":6},{"damage":17,"enemies":"Shelled Parasite and Fungi","floor":25,"turns":3}],"seed_played":"5388883746285931938","potions_obtained":[{"floor":1,"key":"Weak Potion"},{"floor":3,"key":"FearPotion"},{"floor":4,"key":"FearPotion"},{"floor":16,"key":"GamblersBrew"},{"floor":18,"key":"SkillPotion"},{"floor":19,"key":"DistilledChaos"}],"is_trial":false,"path_per_floor":["M","$","M","M","M","R","?","R","T","$","?","R","$","M","R","B",null,"M","M","$","M","?","R","E","M"],"character_chosen":"IRONCLAD","items_purchased":["Cleave","Carnage","Trip","Berserk"],"campfire_rested":0,"item_purchase_floors":[2,10,10,20],"current_hp_per_floor":[57,57,63,61,58,58,58,58,58,58,38,38,38,41,41,51,80,75,72,72,67,67,67,14,0,0],"gold":63,"neow_bonus":"RANDOM_COLORLESS_2","is_daily":false,"chose_seed":false,"campfire_upgraded":5,"win_rate":0.0,"timestamp":1609402013,"path_taken":["M","$","M","?","M","R","?","R","T","?","?","R","?","M","R","BOSS","M","M","$","M","?","R","E","?"],"items_purchased_type":["Card","Card","Card","Card"],"build_version":"2020-12-22","purchased_purges":0,"victory":false,"max_hp_per_floor":[80,80,80,80,80,80,80,80,80,80,80,80,80,80,80,80,80,80,80,80,80,80,80,80,80,80],"card_choices":[{"not_picked":["Master of Strategy","Violence"],"picked":"Mayhem","floor":0},{"not_picked":["Clash","Rupture"],"picked":"Headbutt","floor":1},{"not_picked":["Dual Wield","Clash"],"picked":"Metallicize","floor":3},{"not_picked":["Flex","Havoc"],"picked":"Sword Boomerang","floor":4},{"not_picked":["Anger","Heavy Blade"],"picked":"Pommel Strike","floor":5},{"not_picked":["Searing Blow","Thunderclap","Body Slam"],"picked":"SKIP","floor":14},{"not_picked":["Double Tap","Brutality"],"picked":"Demon Form","floor":16},{"not_picked":["Feel No Pain","Clash","Sentinel"],"picked":"SKIP","floor":18},{"not_picked":["Thunderclap","Flex"],"picked":"Heavy Blade","floor":19},{"not_picked":["Body Slam","Anger+1"],"picked":"Headbutt","floor":21},{"not_picked":["Anger+1","Sever Soul+1","Perfected Strike"],"picked":"SKIP","floor":24}],"player_experience":699117,"relics_obtained":[{"floor":9,"key":"Pantograph"},{"floor":24,"key":"Du-Vu Doll"}],"event_choices":[{"cards_removed":["Strike_R"],"damage_healed":0,"gold_gain":0,"player_choice":"Purged","damage_taken":0,"max_hp_gain":0,"max_hp_loss":0,"event_name":"Purifier","floor":7,"gold_loss":0},{"damage_healed":0,"gold_gain":0,"player_choice":"Take Damage","damage_taken":20,"relics_obtained":["Golden Idol"],"max_hp_gain":0,"max_hp_loss":0,"event_name":"Golden Idol","floor":11,"gold_loss":0},{"damage_healed":0,"gold_gain":0,"player_choice":"Forge","damage_taken":0,"max_hp_gain":0,"max_hp_loss":0,"event_name":"Accursed Blacksmith","floor":22,"gold_loss":0,"cards_upgraded":["Berserk"]}],"is_beta":false,"boss_relics":[{"not_picked":["Pandora\u0027s Box","Black Star"],"picked":"Black Blood"}],"items_purged_floors":[],"is_endless":false,"potions_floor_spawned":[1,3,4,16,18,19],"killed_by":"Shelled Parasite and Fungi","ascension_level":0}}