{"host":"illcitrm55wwsa0m","time":1609434179,"event":{"mods":["AchievementEnabler","BaseMod","Colored Map","Minty Spire (QoL Compilation)","Quick Restart"],"gold_per_floor":[114,114,140,156,175,175,202,228,228,228,255,266,39,68,68,169,219,236,254,268,20,33,33,33],"floor_reached":23,"playtime":1980,"items_purged":["Defend_R","Strike_R"],"score":247,"play_id":"5537e572-73cf-4945-bfdf-da0560f55e82","local_time":"20201231180259","is_ascension_mode":true,"campfire_choices":[{"data":"Bash","floor":6,"key":"SMITH"},{"data":"Demon Form","floor":15,"key":"SMITH"}],"circlet_count":0,"master_deck":["Strike_R","Strike_R","Strike_R","Strike_R","Defend_R","Defend_R","Defend_R","Bash+1","Hemokinesis","Pommel Strike+1","Body Slam+1","Metallicize","Heavy Blade","Demon Form+1","Barricade","Entrench"],"relics":["Burning Blood","Centennial Puzzle","Lantern","Bronze Scales","Odd Mushroom","Lizard Tail","Lee\u0027s Waffle","Question Card","Tiny House","Chemical X"],"acts_visited":["Exordium","TheCity"],"potions_floor_usage":[23,23],"damage_taken":[{"damage":5,"enemies":"2 Louse","floor":1,"turns":3},{"damage":3,"enemies":"Jaw Worm","floor":4,"turns":3},{"damage":14,"enemies":"Small Slimes","floor":5,"turns":3},{"damage":30,"enemies":"Gremlin Nob","floor":7,"turns":4},{"damage":17,"enemies":"The Mushroom Lair","floor":8,"turns":4},{"damage":32,"enemies":"Lagavulin","floor":11,"turns":6},{"damage":4,"enemies":"Gremlin Gang","floor":12,"turns":4},{"damage":23,"enemies":"Gremlin Nob","floor":14,"turns":3},{"damage":55,"enemies":"The Guardian","floor":16,"turns":8},{"damage":7,"enemies":"Chosen","floor":18,"turns":5},{"damage":25,"enemies":"3 Byrds","floor":19,"turns":3},{"damage":55,"enemies":"Sentry and Sphere","floor":20,"turns":7},{"damage":10,"enemies":"Snecko","floor":22,"turns":7},{"damage":8,"enemies":"Gremlin Leader","floor":23,"turns":11}],"seed_played":"8275695845119822256","potions_obtained":[{"floor":4,"key":"SpeedPotion"},{"floor":5,"key":"Dexterity Potion"},{"floor":8,"key":"DistilledChaos"},{"floor":11,"key":"Weak Potion"},{"floor":16,"key":"DuplicationPotion"}],"is_trial":false,"path_per_floor":["M","?","T","M","M","R","E","?","T","?","E","M","$","E","R","B",null,"M","M","M","$","M","E"],"character_chosen":"IRONCLAD","items_purchased":["Lee\u0027s Waffle","Chemical X"],"campfire_rested":0,"item_purchase_floors":[13,21],"current_hp_per_floor":[88,81,81,84,76,76,52,41,41,41,15,17,95,78,78,29,100,99,80,31,31,27,19,19],"gold":33,"neow_bonus":"TEN_PERCENT_HP_BONUS","is_daily":false,"chose_seed":false,"campfire_upgraded":2,"win_rate":0.0,"timestamp":1609434179,"path_taken":["M","?","?","M","M","R","E","?","T","?","E","M","$","E","R","BOSS","M","M","M","$","M","E"],"items_purchased_type":["Relic","Relic"],"build_version":"2020-12-22","purchased_purges":2,"victory":false,"max_hp_per_floor":[88,88,88,88,88,88,88,88,88,88,88,88,95,95,95,95,100,100,100,100,100,100,100,100],"card_choices":[{"not_picked":["Anger","Dropkick"],"picked":"Hemokinesis","floor":1},{"not_picked":["Intimidate","Rage"],"picked":"Pommel Strike","floor":4},{"not_picked":["Perfected Strike","Headbutt"],"picked":"Body Slam","floor":5},{"not_picked":["Sentinel","Blood for Blood","Iron Wave"],"picked":"SKIP","floor":7},{"not_picked":["Blood for Blood","Headbutt"],"picked":"Metallicize","floor":8},{"not_picked":["Pommel Strike","Searing Blow"],"picked":"Heavy Blade","floor":11},{"not_picked":["Combust","Feel No Pain","Rage"],"picked":"SKIP","floor":12},{"not_picked":["Wild Strike","Reckless Charge"],"picked":"Demon Form","floor":14},{"not_picked":["Double Tap","Corruption","Demon Form"],"picked":"Barricade","floor":16},{"not_picked":["Shrug It Off","Headbutt","Armaments"],"picked":"Entrench","floor":17},{"not_picked":["Havoc","Inflame+1","Anger","Rampage"],"picked":"SKIP","floor":18},{"not_picked":["Feel No Pain","Cleave","Anger","Iron Wave"],"picked":"SKIP","floor":19},{"not_picked":["Clash","Twin Strike","Warcry+1","Rage"],"picked":"SKIP","floor":20},{"not_picked":["Clothesline","Pommel Strike","Armaments","Combust"],"picked":"SKIP","floor":22}],"player_experience":99441,"relics_obtained":[{"floor":3,"key":"Lantern"},{"floor":7,"key":"Bronze Scales"},{"floor":8,"key":"Odd Mushroom"},{"floor":11,"key":"Lizard Tail"},{"floor":14,"key":"Question Card"}],"event_choices":[{"damage_healed":0,"gold_gain":0,"player_choice":"Success","damage_taken":7,"relics_obtained":["Centennial Puzzle"],"max_hp_gain":0,"max_hp_loss":0,"event_name":"Scrap Ooze","floor":2,"gold_loss":0},{"damage_healed":0,"gold_gain":0,"player_choice":"Fought Mushrooms","damage_taken":0,"max_hp_gain":0,"max_hp_loss":0,"event_name":"Mushrooms","floor":8,"gold_loss":0},{"damage_healed":0,"gold_gain":0,"player_choice":"Upgraded","damage_taken":0,"max_hp_gain":0,"max_hp_loss":0,"event_name":"Upgrade Shrine","floor":10,"gold_loss":0,"cards_upgraded":["Body Slam"]}],"is_beta":false,"boss_relics":[{"not_picked":["Calling Bell","Runic Dome"],"picked":"Tiny House"}],"items_purged_floors":[13,21],"is_endless":false,"potions_floor_spawned":[4,5,8,11,16,19,20],"killed_by":"Gremlin Leader","ascension_level":1}}