{"host":"96bpdudduaq3ttpf","time":1609390708,"event":{"mods":["2.2 Compatiblity","Act Like it!","Astrologer","Bard","Bartender","BaseMod","CapriCore","Challenge The Spire","Chen","Downfall","Elementarium","Energized Spire","Friendly Minions","Gensokyo","GifTheSpireLib","Hallownest","Hermit","Jorbs\u0027s Wanderer Trilogy","KinomotoSakuraMod(????)","Koishi","KomeijiMod","Mari Mod (Legacy)","Mari\u0027s V1 Patch","Marisa????????","Mimic Mod","Minty Spire (QoL Compilation)","Prisma Mod","Quick Restart","Remilia??????","Replay The Spire","Robot Space Explorer","Shade Mod","StSLib","Td1madao Mod","The Administrix","The Bladedancer","The Bug Knight","The Construct","The Cursed","The Factory","The Forsaken","The Gatherer","The Hierophant","The Immortal","The IronCluck","The Jungle","The Marked","The Mystic","The Necromancer","The Runesmith","The Senshi","The Servant 0.9.4","Wandering Minibosses","WarShipGirlsR/????R mod","Yohane!","Yuyuko"],"gold_per_floor":[113,38,58,58,58,78,78,113,113,176,209,109,27,40,40,140,140,152,171,17,17,0,0],"floor_reached":22,"playtime":1181,"items_purged":["blademaster:Defend","blademaster:Strike"],"score":194,"play_id":"dfc77bb5-0731-4c4e-9e6d-1785102ca482","local_time":"20201230215828","is_ascension_mode":false,"campfire_choices":[{"data":"blademaster:AspectOfLightning","floor":7,"key":"SMITH"},{"floor":15,"key":"REST"}],"circlet_count":0,"master_deck":["blademaster:Strike","blademaster:Strike","blademaster:Strike+1","blademaster:Defend","blademaster:Defend","blademaster:Defend","blademaster:RagingBlow","blademaster:HighVoltage","Searching+1","blademaster:FuriousStrike","blademaster:AwakeningStrike","blademaster:AspectOfLightning+1","blademaster:ChargingUp","blademaster:Breeze","blademaster:Flurry","blademaster:Gust","blademaster:Reversal","blademaster:Cut","blademaster:FuryOfTheElements","blademaster:DeadlyDance+1","blademaster:Stability","blademaster:RollingTyphoon","PerfectMaid+1"],"relics":["blademaster:DancersAmulet","Clue","Blood Vial","Runesmith:Locket","Clue","construct:WeddingRing"],"acts_visited":["Exordium","TheCity"],"potions_floor_usage":[8,8,11,14],"damage_taken":[{"damage":0,"enemies":"Jaw Worm","floor":1,"turns":4},{"damage":0,"enemies":"Small Slimes","floor":3,"turns":2},{"damage":0,"enemies":"2 Louse","floor":6,"turns":2},{"damage":28,"enemies":"Lagavulin","floor":8,"turns":4},{"damage":7,"enemies":"Exordium Wildlife","floor":10,"turns":3},{"damage":14,"enemies":"3 Sentries","floor":11,"turns":6},{"damage":6,"enemies":"Gremlin Gang","floor":14,"turns":3},{"damage":24,"enemies":"Hexaghost","floor":16,"turns":9},{"damage":0,"enemies":"3 Byrds","floor":18,"turns":2},{"damage":9,"enemies":"2 Thieves","floor":19,"turns":4},{"damage":74,"enemies":"Cultist and Chosen","floor":22,"turns":6}],"seed_played":"3757124844994688745","potions_obtained":[{"floor":1,"key":"Adrenaline Potion"},{"floor":6,"key":"LiquidMemories"},{"floor":10,"key":"Ancient Potion"},{"floor":11,"key":"Reflective Coating"}],"is_trial":false,"path_per_floor":["M","$","M","?","?","M","R","E","T","M","E","$","$","M","R","B",null,"M","M","$","?","M"],"character_chosen":"THE_BLADEMASTER","items_purchased":["blademaster:Reversal","blademaster:RollingTyphoon"],"campfire_rested":1,"item_purchase_floors":[13,20],"current_hp_per_floor":[68,68,68,68,54,54,54,26,26,21,9,9,9,11,31,15,68,68,65,65,65,0,0],"gold":0,"neow_bonus":"RANDOM_COLORLESS_2","is_daily":false,"chose_seed":false,"campfire_upgraded":1,"win_rate":0.0,"timestamp":1609390708,"path_taken":["M","$","M","?","?","M","R","E","T","M","E","?","$","M","R","BOSS","M","M","$","?","M"],"items_purchased_type":["Card","Card"],"build_version":"2020-12-22","purchased_purges":2,"victory":false,"max_hp_per_floor":[68,68,68,68,68,68,68,68,68,68,68,68,68,68,68,68,68,68,68,68,68,68,68],"card_choices":[{"not_picked":["Transmutation","expansioncontent:DashGenerateEvil"],"picked":"Searching","floor":0},{"not_picked":["blademaster:Meditate","blademaster:AirSlash"],"picked":"blademaster:FuriousStrike","floor":1},{"not_picked":["blademaster:BladeCross","blademaster:BloodyBlow"],"picked":"blademaster:AwakeningStrike","floor":3},{"not_picked":["blademaster:WindSlash","blademaster:Sunder"],"picked":"blademaster:AspectOfLightning","floor":6},{"not_picked":["blademaster:ParryingStrike","blademaster:Sunder"],"picked":"blademaster:ChargingUp","floor":8},{"not_picked":["blademaster:SlyStabs","blademaster:DaggerAndCloak"],"picked":"blademaster:Breeze","floor":8},{"not_picked":["blademaster:Cut","blademaster:AirSlash"],"picked":"blademaster:Flurry","floor":10},{"not_picked":["blademaster:EyeOfTheStorm","blademaster:Momentum"],"picked":"blademaster:Gust","floor":11},{"not_picked":["blademaster:Sunder","blademaster:DragonStrike"],"picked":"blademaster:Cut","floor":14},{"not_picked":["blademaster:UnrelentingWind","blademaster:Blindside"],"picked":"blademaster:FuryOfTheElements","floor":16},{"not_picked":["blademaster:EyeOfTheStorm","blademaster:AirSlash"],"picked":"blademaster:DeadlyDance+1","floor":18},{"not_picked":["blademaster:CullingStrike","blademaster:DragonStrike+1"],"picked":"blademaster:Stability","floor":19}],"player_experience":770885,"relics_obtained":[{"floor":3,"key":"Clue"},{"floor":8,"key":"Blood Vial"},{"floor":8,"key":"blademaster:ComboEveryTurnPerk"},{"floor":9,"key":"Runesmith:Locket"},{"floor":11,"key":"Onion Ring"},{"floor":11,"key":"blademaster:StanceHealPerk"},{"floor":16,"key":"Clue"}],"event_choices":[{"damage_healed":0,"gold_gain":0,"player_choice":"Entered Light","damage_taken":14,"max_hp_gain":0,"max_hp_loss":0,"event_name":"Shining Light","floor":5,"gold_loss":0,"cards_upgraded":["Searching","blademaster:Strike"]}],"is_beta":false,"boss_relics":[{"not_picked":["Empty Cage","Tiny House"],"picked":"construct:WeddingRing"}],"items_purged_floors":[2,12],"is_endless":false,"potions_floor_spawned":[1,6,10,11],"killed_by":"Cultist and Chosen","ascension_level":0}}