{"host":"foq4mrde4mssg7vt","time":1609407411,"event":{"mods":["AchievementEnabler","BaseMod","Colored Map","Colored Powertips","Highlight Path","Minty Spire (QoL Compilation)","Relic Stats","everything is the same but u backflip on backflip"],"gold_per_floor":[114,134,134,52,52,82,82,110,135,168,168,184,184,197,197,269,269,282,152,162,173,173,173,208,208,208,228,244,271,92,92,92,165,165,181,181,195,211,264,295,295,195,219,229,263,280,305,322,322,322,322,322,86,112,112],"floor_reached":56,"playtime":3644,"items_purged":["Defend_P","Strike_P+1","Strike_P+1"],"score":2060,"play_id":"509841ab-6415-409b-9342-65715666304a","local_time":"20201231173651","is_ascension_mode":true,"campfire_choices":[{"data":"Adaptation","floor":7.0,"key":"SMITH"},{"data":"LikeWater","floor":11.0,"key":"SMITH"},{"data":"Protect","floor":15.0,"key":"SMITH"},{"data":"Vault","floor":23.0,"key":"SMITH"},{"floor":25.0,"key":"REST"},{"floor":32.0,"key":"REST"},{"floor":41.0,"key":"REST"},{"floor":49.0,"key":"RECALL"},{"floor":52.0,"key":"REST"}],"circlet_count":0,"master_deck":["AscendersBane","Defend_P+1","Eruption+1","Vigilance+1","MentalFortress+1","ReachHeaven+1","FlyingSleeves+1","Adaptation+1","Halt+1","CutThroughFate+1","Protect+1","FearNoEvil+1","LessonLearned+1","LikeWater+1","TalkToTheHand+1","Vault+1","Wireheading+1","EmptyBody+1","FollowUp+1","WaveOfTheHand+1","TalkToTheHand+1","Indignation+1","Adaptation+1"],"relics":["Astrolabe","Nunchaku","StrikeDummy","Strawberry","Blood Vial","Runic Pyramid","Question Card","Ice Cream","Fusion Hammer","Mango","The Courier","Oddly Smooth Stone","Vajra","CaptainsWheel","TheAbacus","Bag of Marbles"],"acts_visited":["Exordium","TheCity","TheBeyond","TheEnding"],"potions_floor_usage":[55,55],"damage_taken":[{"damage":19.0,"enemies":"2 Louse","floor":1.0,"turns":3.0},{"damage":4.0,"enemies":"Jaw Worm","floor":2.0,"turns":3.0},{"damage":2.0,"enemies":"Gremlin Nob","floor":6.0,"turns":3.0},{"damage":4.0,"enemies":"3 Sentries","floor":8.0,"turns":6.0},{"damage":0.0,"enemies":"Lagavulin","floor":10.0,"turns":6.0},{"damage":0.0,"enemies":"Cultist","floor":12.0,"turns":3.0},{"damage":1.0,"enemies":"Gremlin Gang","floor":14.0,"turns":4.0},{"damage":12.0,"enemies":"Hexaghost","floor":16.0,"turns":11.0},{"damage":20.0,"enemies":"3 Byrds","floor":18.0,"turns":5.0},{"damage":13.0,"enemies":"Shell Parasite","floor":20.0,"turns":5.0},{"damage":0.0,"enemies":"Sentry and Sphere","floor":21.0,"turns":7.0},{"damage":25.0,"enemies":"Slavers","floor":24.0,"turns":7.0},{"damage":16.0,"enemies":"Cultist and Chosen","floor":27.0,"turns":5.0},{"damage":2.0,"enemies":"Centurion and Healer","floor":28.0,"turns":6.0},{"damage":26.0,"enemies":"Book of Stabbing","floor":29.0,"turns":6.0},{"damage":2.0,"enemies":"Champ","floor":33.0,"turns":9.0},{"damage":0.0,"enemies":"3 Darklings","floor":35.0,"turns":5.0},{"damage":0.0,"enemies":"Orb Walker","floor":37.0,"turns":3.0},{"damage":4.0,"enemies":"Spire Growth","floor":38.0,"turns":4.0},{"damage":13.0,"enemies":"2 Orb Walkers","floor":39.0,"turns":6.0},{"damage":24.0,"enemies":"Reptomancer","floor":40.0,"turns":6.0},{"damage":2.0,"enemies":"3 Darklings","floor":44.0,"turns":4.0},{"damage":2.0,"enemies":"Giant Head","floor":45.0,"turns":10.0},{"damage":0.0,"enemies":"Writhing Mass","floor":46.0,"turns":6.0},{"damage":0.0,"enemies":"Mind Bloom Boss Battle","floor":47.0,"turns":2.0},{"damage":0.0,"enemies":"Transient","floor":48.0,"turns":7.0},{"damage":13.0,"enemies":"Awakened One","floor":50.0,"turns":8.0},{"damage":12,"enemies":"Shield and Spear","floor":54,"turns":6},{"damage":48,"enemies":"The Heart","floor":55,"turns":10}],"seed_played":"-6289793484705976946","potions_obtained":[{"floor":2.0,"key":"Block Potion"},{"floor":8.0,"key":"ColorlessPotion"},{"floor":14.0,"key":"Swift Potion"},{"floor":18.0,"key":"Regen Potion"},{"floor":24.0,"key":"SteroidPotion"},{"floor":28.0,"key":"EntropicBrew"},{"floor":44.0,"key":"StancePotion"}],"is_trial":false,"path_per_floor":["M","M","?","$","?","E","R","E","T","E","R","M","?","M","R","B",null,"M","$","M","M","?","R","E","R","T","M","M","E","$","?","R","B",null,"M","?","M","M","?","E","R","$","T","M","E","M","?","M","R","B",null,"R","$","E","B",null],"character_chosen":"WATCHER","items_purchased":["CutThroughFate","Protect","Explosive Potion","Regen Potion","TheAbacus","Regen Potion","Adaptation"],"campfire_rested":4,"item_purchase_floors":[4,4,19,30,53,53,53],"current_hp_per_floor":[42,38,38,38,60,58,58,54,61,61,61,63,63,64,64,54,70,52,52,41,43,43,43,35,57,57,43,43,19,19,19,41,41,67,69,69,71,69,72,65,89,89,89,87,87,89,89,89,89,76,86,89,89,77,46],"gold":112,"neow_bonus":"BOSS_RELIC","is_daily":false,"chose_seed":false,"campfire_upgraded":4,"win_rate":0.0,"timestamp":1609407411,"path_taken":["M","M","?","$","?","E","R","E","T","E","R","M","?","M","R","BOSS","M","$","M","M","?","R","E","R","T","?","?","E","$","?","R","BOSS","M","?","M","M","?","E","R","$","T","M","E","M","?","M","R","BOSS","R","$","E","BOSS"],"items_purchased_type":["Card","Card","Potion","Potion","Relic","Potion","Card"],"build_version":"2020-12-22","purchased_purges":3,"victory":true,"max_hp_per_floor":[68,68,68,68,68,68,68,68,75,75,75,75,75,75,75,75,75,75,75,75,75,75,75,75,75,75,75,75,75,75,75,75,75,75,75,75,75,75,89,89,89,89,89,89,89,89,89,89,89,89,89,89,89,89,89],"relic_stats":{"Blood Vial":38,"Nunchaku":[39],"TheAbacus":[54],"counters":[29,166],"Astrolabe":["MentalFortress","ReachHeaven","FlyingSleeves"],"Question Card":16,"obtain_stats":[{"Ice Cream":29,"Astrolabe":0,"Oddly Smooth Stone":43,"Vajra":45,"Mango":39,"The Courier":40,"Question Card":24,"Blood Vial":10,"Nunchaku":6,"CaptainsWheel":47,"TheAbacus":53,"Strawberry":9,"Fusion Hammer":34,"Bag of Marbles":54,"PureWater":0,"StrikeDummy":8,"Runic Pyramid":17},{"Ice Cream":15,"Astrolabe":0,"Oddly Smooth Stone":21,"Vajra":23,"Mango":20,"The Courier":21,"Question Card":12,"Blood Vial":5,"Nunchaku":3,"CaptainsWheel":25,"TheAbacus":27,"Strawberry":4,"Fusion Hammer":16,"Bag of Marbles":28,"PureWater":0,"StrikeDummy":4,"Runic Pyramid":8},{"Ice Cream":80,"Astrolabe":0,"Oddly Smooth Stone":113,"Vajra":127,"Mango":107,"The Courier":113,"Question Card":63,"Blood Vial":21,"Nunchaku":9,"CaptainsWheel":135,"TheAbacus":150,"Strawberry":15,"Fusion Hammer":89,"Bag of Marbles":156,"PureWater":0,"StrikeDummy":15,"Runic Pyramid":39}]},"card_choices":[{"not_picked":["ClearTheMind","FlyingSleeves"],"picked":"Adaptation","floor":1.0},{"not_picked":["PathToVictory","SignatureMove"],"picked":"Halt","floor":2.0},{"not_picked":["FlurryOfBlows","LessonLearned"],"picked":"FearNoEvil","floor":6.0},{"not_picked":["Sanctity","Fasting2"],"picked":"LessonLearned","floor":8.0},{"not_picked":["BattleHymn","Consecrate"],"picked":"LikeWater","floor":10.0},{"not_picked":["Protect","PathToVictory"],"picked":"TalkToTheHand","floor":12.0},{"not_picked":["Worship","FearNoEvil","ReachHeaven"],"picked":"SKIP","floor":14.0},{"not_picked":["MasterReality","DeusExMachina"],"picked":"Vault","floor":16.0},{"not_picked":["Evaluate","CarveReality","CutThroughFate"],"picked":"SKIP","floor":18.0},{"not_picked":["Halt","MentalFortress","FlyingSleeves"],"picked":"SKIP","floor":20.0},{"not_picked":["ThirdEye+1","Conclude"],"picked":"Wireheading","floor":21.0},{"not_picked":["Alpha","FearNoEvil","CrushJoints"],"picked":"SKIP","floor":24.0},{"not_picked":["Consecrate","JustLucky","Evaluate"],"picked":"EmptyBody","floor":27.0},{"not_picked":["Vengeance","FlyingSleeves","InnerPeace+1","ThirdEye"],"picked":"SKIP","floor":28.0},{"not_picked":["SashWhip","WindmillStrike","FearNoEvil","Conclude+1"],"picked":"SKIP","floor":29.0},{"not_picked":["FlurryOfBlows","Crescendo","Brilliance"],"picked":"FollowUp","floor":35.0},{"not_picked":["SashWhip","FlurryOfBlows","Consecrate","JustLucky"],"picked":"SKIP","floor":37.0},{"not_picked":["Pray","Halt","CutThroughFate","Consecrate+1"],"picked":"SKIP","floor":38.0},{"not_picked":["CutThroughFate+1","Crescendo","ThirdEye+1"],"picked":"WaveOfTheHand","floor":39.0},{"not_picked":["FlyingSleeves+1","Adaptation","Wish"],"picked":"TalkToTheHand+1","floor":40.0},{"not_picked":["Collect","Weave","PathToVictory","EmptyFist"],"picked":"SKIP","floor":44.0},{"not_picked":["Collect","Weave","PathToVictory","EmptyFist"],"picked":"SKIP","floor":44.0},{"not_picked":["FlurryOfBlows+1","Crescendo","Halt","Study"],"picked":"SKIP","floor":45.0},{"not_picked":["Blasphemy","ClearTheMind","Collect","Adaptation+1"],"picked":"SKIP","floor":46.0},{"not_picked":["Halt","WheelKick","PathToVictory+1"],"picked":"Indignation","floor":48.0},{"not_picked":["FlurryOfBlows","Wireheading","Sanctity","ThirdEye"],"picked":"SKIP","floor":54}],"player_experience":337086,"relics_obtained":[{"floor":6.0,"key":"Nunchaku"},{"floor":8.0,"key":"StrikeDummy"},{"floor":9.0,"key":"Strawberry"},{"floor":10.0,"key":"Blood Vial"},{"floor":24.0,"key":"Question Card"},{"floor":29.0,"key":"Ice Cream"},{"floor":39.0,"key":"Mango"},{"floor":40.0,"key":"The Courier"},{"floor":43.0,"key":"Oddly Smooth Stone"},{"floor":45.0,"key":"Vajra"},{"floor":47.0,"key":"CaptainsWheel"},{"floor":54,"key":"Bag of Marbles"}],"event_choices":[{"damage_healed":0.0,"max_hp_gain":0.0,"max_hp_loss":0.0,"gold_gain":0.0,"event_name":"Living Wall","player_choice":"Grow","floor":3.0,"gold_loss":0.0,"damage_taken":0.0,"cards_upgraded":["Eruption"]},{"damage_healed":22.0,"max_hp_gain":0.0,"max_hp_loss":0.0,"gold_gain":0.0,"event_name":"Big Fish","player_choice":"Banana","floor":5.0,"gold_loss":0.0,"damage_taken":0.0},{"damage_healed":0.0,"max_hp_gain":0.0,"max_hp_loss":0.0,"gold_gain":0.0,"event_name":"Liars Game","player_choice":"Ignored","floor":13.0,"gold_loss":0.0,"damage_taken":0.0},{"cards_removed":["Defend_P"],"damage_healed":0.0,"max_hp_gain":0.0,"max_hp_loss":0.0,"gold_gain":0.0,"event_name":"Purifier","player_choice":"Purged","floor":22.0,"gold_loss":0.0,"damage_taken":0.0},{"damage_healed":0.0,"max_hp_gain":0.0,"max_hp_loss":0.0,"gold_gain":0.0,"event_name":"Lab","player_choice":"Got Potions","floor":31.0,"gold_loss":0.0,"damage_taken":0.0},{"damage_healed":0.0,"max_hp_gain":0.0,"max_hp_loss":0.0,"gold_gain":0.0,"event_name":"SensoryStone","player_choice":"Memory 1","floor":36.0,"gold_loss":0.0,"damage_taken":0.0},{"damage_healed":0.0,"max_hp_gain":0.0,"max_hp_loss":0.0,"gold_gain":0.0,"event_name":"Mysterious Sphere","player_choice":"Fight","floor":39.0,"gold_loss":0.0,"damage_taken":0.0},{"damage_healed":0.0,"max_hp_gain":0.0,"max_hp_loss":0.0,"gold_gain":0.0,"event_name":"MindBloom","player_choice":"Fight","floor":47.0,"gold_loss":0.0,"damage_taken":0.0}],"is_beta":false,"boss_relics":[{"not_picked":["Runic Dome","Empty Cage"],"picked":"Runic Pyramid"},{"not_picked":["Calling Bell","Snecko Eye"],"picked":"Fusion Hammer"}],"items_purged_floors":[19,30,42],"is_endless":false,"potions_floor_spawned":[2,8,14,18,24,27,28,33,37,38,44,48],"ascension_level":17}}