{"host":"waq1ashgqt0tulkv","time":1609384173,"event":{"mods":["BaseMod","Downfall","Hermit","Infinite Spire","Minty Spire (QoL Compilation)","Replay The Spire","StSLib","The Animator","The Servant 0.9.4"],"gold_per_floor":[123,65,85,112,140,140,215,215,242,242,279,297,321,359,359,512,512,500,538,570,570],"floor_reached":20,"playtime":1589,"items_purged":[],"score":180,"play_id":"58091837-4a9a-42db-9bbf-5017c8ceb3d8","local_time":"20201230200933","is_ascension_mode":false,"campfire_choices":[{"data":"animator:Shigure","floor":6,"key":"SMITH"},{"data":"animator:KrulTepes","floor":8,"key":"SMITH"},{"data":"animator:Kazuma","floor":10,"key":"SMITH"},{"floor":15,"key":"REST"}],"circlet_count":0,"master_deck":["animator:Strike_Konosuba","animator:Defend_Konosuba","animator:Strike","animator:Strike","animator:Strike","animator:Defend","animator:Defend","animator:Defend","animator:Kazuma+1","animator:Aqua","animator:Chris","animator:Aqua+1","animator:KrulTepes+1","animator:Shigure+1","animator:Verdia","animator:Mikaela","animator:Yoichi","animator:Guren","animator:Ara+1"],"relics":["animator:LivingPicture","animator:TheMissingPiece","NeowsBlessing","Dream Catcher","Blood Vial","Blood Vial","SlaversCollar"],"acts_visited":["Exordium","TheCity"],"potions_floor_usage":[16],"damage_taken":[{"damage":0,"enemies":"Cultist","floor":1,"turns":1},{"damage":0,"enemies":"Jaw Worm","floor":3,"turns":1},{"damage":0,"enemies":"2 Louse","floor":4,"turns":1},{"damage":7,"enemies":"Blue Slaver","floor":5,"turns":5},{"damage":21,"enemies":"3 Sentries","floor":11,"turns":12},{"damage":1,"enemies":"Exordium Thugs","floor":12,"turns":4},{"damage":27,"enemies":"Large Slime","floor":13,"turns":9},{"damage":8,"enemies":"Lots of Slimes","floor":14,"turns":4},{"damage":13,"enemies":"The Guardian","floor":16,"turns":15},{"damage":20,"enemies":"2 Thieves","floor":18,"turns":4},{"damage":19,"enemies":"Chosen","floor":19,"turns":8},{"damage":47,"enemies":"Centurion and Healer","floor":20,"turns":8}],"seed_played":"-7725321850724365697","potions_obtained":[{"floor":3,"key":"EssenceOfSteel"},{"floor":16,"key":"Block Potion"},{"floor":18,"key":"Energy Potion"},{"floor":20,"key":"Dexterity Potion"}],"is_trial":false,"path_per_floor":["M","$","M","M","M","R","?","R","T","R","E","M","M","M","R","B",null,"M","M","M"],"character_chosen":"THE_ANIMATOR","items_purchased":["animator:Aqua+1"],"campfire_rested":1,"item_purchase_floors":[2],"current_hp_per_floor":[66,66,66,66,62,62,56,56,56,56,41,49,31,32,53,49,69,49,39,1,1],"gold":570,"neow_bonus":"THREE_ENEMY_KILL","is_daily":false,"chose_seed":false,"campfire_upgraded":3,"win_rate":0.0,"timestamp":1609384173,"path_taken":["M","?","?","M","M","R","?","R","T","R","E","?","M","M","R","BOSS","M","?","M"],"items_purchased_type":["Card"],"build_version":"2020-12-13","purchased_purges":0,"victory":false,"max_hp_per_floor":[66,66,66,66,67,67,67,67,67,67,68,68,68,68,69,69,69,69,69,69,69],"card_choices":[{"not_picked":["animator:MetalKnight","animator:Shalltear"],"picked":"animator:Chris","floor":1},{"not_picked":["animator:Mikaela","animator:Melzalgald","animator:Sloth"],"picked":"SKIP","floor":3},{"not_picked":["animator:CrowleyEusford","animator:Elsword"],"picked":"animator:KrulTepes","floor":4},{"not_picked":["animator:Yoichi","animator:CrowleyEusford"],"picked":"animator:Shigure","floor":5},{"not_picked":["animator:Genos","animator:Guren"],"picked":"animator:Verdia","floor":11},{"not_picked":["animator:PandorasActor","animator:Melzalgald","animator:Chung"],"picked":"SKIP","floor":12},{"not_picked":["animator:ElricAlphonse","animator:Add","animator:Cocytus"],"picked":"SKIP","floor":13},{"not_picked":["animator:KrulTepes","animator:CrowleyEusford"],"picked":"animator:Mikaela","floor":14},{"not_picked":["animator:Aisha","animator:Chung"],"picked":"animator:Yoichi","floor":15},{"not_picked":["animator:Boros","animator:Sora"],"picked":"animator:Guren","floor":16},{"not_picked":["animator:MetalKnight","animator:ElricEdward","animator:Jibril"],"picked":"SKIP","floor":18},{"not_picked":["animator:Jibril","animator:Chris+1"],"picked":"animator:Ara+1","floor":19},{"not_picked":["animator:Cocytus+1","animator:Add","animator:Vanir"],"picked":"SKIP","floor":20}],"player_experience":13869,"relics_obtained":[{"floor":9,"key":"Dream Catcher"},{"floor":11,"key":"Blood Vial"},{"floor":11,"key":"Blood Vial"}],"event_choices":[{"damage_healed":0,"gold_gain":75,"player_choice":"Touch","damage_taken":6,"max_hp_gain":0,"max_hp_loss":0,"event_name":"FaceTrader","floor":7,"gold_loss":0}],"is_beta":false,"boss_relics":[{"not_picked":["Velvet Choker","Empty Cage"],"picked":"SlaversCollar"}],"items_purged_floors":[],"is_endless":false,"potions_floor_spawned":[3,16,18,20],"killed_by":"Centurion and Healer","ascension_level":0}}