{"host":"lts6tz2h67nqtpoe","time":1609455057,"event":{"mods":["AchievementEnabler","BaseMod","Colored Powertips","Downfall","Googly Eyes","Minty Spire (QoL Compilation)","Permanent Neow","Quick Restart","Replay The Spire","StSLib"],"gold_per_floor":[119,131,147,221,233,233,313,313,313,342,342,417,430,449,449,449,449],"floor_reached":16,"playtime":643,"items_purged":[],"score":199,"play_id":"0b88cfaf-ece8-4abe-9a17-4e1ce9ae21e0","local_time":"20201231145057","is_ascension_mode":true,"campfire_choices":[{"floor":6.0,"key":"REST"},{"data":"Survivor","floor":8.0,"key":"SMITH"},{"floor":11.0,"key":"REST"},{"floor":15.0,"key":"REST"}],"circlet_count":0,"master_deck":["AscendersBane","Strike_G","Strike_G","Strike_G","Strike_G","Strike_G","Defend_G","Defend_G","Defend_G","Defend_G","Defend_G","Survivor+1","Neutralize+1","Underhanded Strike","Bouncing Flask","Dagger Throw","Burst"],"relics":["Ring of the Snake","Replay:Bottled Flurry","Counterbalance","Nunchaku"],"acts_visited":["Exordium"],"potions_floor_usage":[16],"damage_taken":[{"damage":0.0,"enemies":"Cultist","floor":1.0,"turns":4.0},{"damage":7.0,"enemies":"Jaw Worm","floor":2.0,"turns":4.0},{"damage":1.0,"enemies":"2 Louse","floor":3.0,"turns":3.0},{"damage":8.0,"enemies":"Exordium Wildlife","floor":5.0,"turns":4.0},{"damage":29.0,"enemies":"3 Sentries","floor":10.0,"turns":12.0},{"damage":4.0,"enemies":"Looter","floor":13.0,"turns":4.0},{"damage":7.0,"enemies":"3 Louse","floor":14.0,"turns":4.0},{"damage":46,"enemies":"Slime Boss","floor":16,"turns":8}],"seed_played":"-6765902892222001505","potions_obtained":[{"floor":3.0,"key":"Fire Potion"},{"floor":5.0,"key":"LiquidMemories"}],"is_trial":false,"path_per_floor":["M","M","M","?","M","R","T","R","T","E","R","?","M","M","R","B"],"character_chosen":"THE_SILENT","items_purchased":[],"campfire_rested":3,"item_purchase_floors":[],"current_hp_per_floor":[59,52,51,51,43,62,62,62,62,33,52,41,37,30,49,3,3],"gold":449,"neow_bonus":"UPGRADE_CARD","is_daily":false,"chose_seed":false,"campfire_upgraded":1,"win_rate":0.0,"timestamp":1609455057,"path_taken":["M","?","M","?","M","R","?","R","T","E","R","?","M","M","R","BOSS"],"items_purchased_type":[],"build_version":"2020-12-22","purchased_purges":0,"victory":false,"max_hp_per_floor":[66,66,66,66,66,66,66,66,66,66,66,66,66,66,66,66,66],"card_choices":[{"not_picked":["Flying Knee","Backflip"],"picked":"Underhanded Strike","floor":1.0},{"not_picked":["Dagger Throw","Backflip"],"picked":"Bouncing Flask","floor":2.0},{"not_picked":["PiercingWail","Dagger Spray","Distraction"],"picked":"SKIP","floor":3.0},{"not_picked":["Cloak And Dagger","ReplayTheSpireMod:Exploit Weakness","Flying Knee"],"picked":"SKIP","floor":5.0},{"not_picked":["ReplayTheSpireMod:The Works","Cloak And Dagger"],"picked":"Dagger Throw","floor":10.0},{"not_picked":["Dagger Throw","Choke"],"picked":"Burst","floor":13.0},{"not_picked":["Outmaneuver","Finisher","Heel Hook"],"picked":"SKIP","floor":14.0}],"player_experience":297084,"relics_obtained":[{"floor":7.0,"key":"Replay:Bottled Flurry"},{"floor":9.0,"key":"Counterbalance"},{"floor":10.0,"key":"Nunchaku"}],"event_choices":[{"damage_healed":0.0,"max_hp_gain":0.0,"max_hp_loss":0.0,"gold_gain":74.0,"event_name":"Golden Wing","player_choice":"Gained Gold","floor":4.0,"gold_loss":0.0,"damage_taken":0.0},{"damage_healed":0.0,"max_hp_gain":0.0,"max_hp_loss":0.0,"gold_gain":75.0,"event_name":"World of Goop","player_choice":"Gather Gold","floor":12.0,"gold_loss":0.0,"damage_taken":11.0}],"is_beta":false,"boss_relics":[],"items_purged_floors":[],"is_endless":false,"potions_floor_spawned":[3,5],"killed_by":"Slime Boss","ascension_level":19}}