{"host":"jgyoyy5iuhtvyvtg","time":1609405131,"event":{"mods":["2.2 Compatiblity","BaseMod","Challenge The Spire","Colored Map","Conspire","Downfall","Hermit","Highlight Path","Infinite Spire","Lobotomy","LobotomyExtend","Minty Spire (QoL Compilation)","Quick Restart","Replay The Spire","Spikes Relics","StSLib","The Construct","The Disciple","The Jungle","Yuri Mod"],"gold_per_floor":[115,115,134,409,424,424,454,454,481,481,501,501,531,34,34,109,109,109,30,42,42,42,42,73,87,87,113,113,113,113,141,141,219,219,236,27,27,27,27,27,0,0,0,20,20,35,50,0,0,0,0],"floor_reached":52,"playtime":1519,"items_purged":["Regret","Delirium"],"score":1255,"play_id":"47321c16-f170-4d20-8ad4-be0dc5c38550","local_time":"20201231005851","is_ascension_mode":true,"campfire_choices":[{"data":"hermit:BlackWind","floor":6,"key":"SMITH"},{"floor":12,"key":"REST"},{"data":"hermit:BigShot","floor":15,"key":"SMITH"},{"data":"hermit:BigShot","floor":23,"key":"SMITH"},{"floor":28,"key":"REST"},{"data":"hermit:Quickdraw","floor":30,"key":"SMITH"},{"floor":32,"key":"REST"},{"data":"hermit:BlackWind","floor":40,"key":"SMITH"},{"data":"hermit:Dive","floor":42,"key":"SMITH"},{"floor":49,"key":"REST"}],"circlet_count":0,"master_deck":["AscendersBane","hermit:Strike_Hermit","hermit:Strike_Hermit","hermit:Strike_Hermit","hermit:Strike_Hermit","hermit:Defend_Hermit","hermit:Defend_Hermit","hermit:Defend_Hermit","hermit:Defend_Hermit","hermit:Snapshot","hermit:Covet","hermit:BlackWind+1","hermit:Dive+1","hermit:ItchyTrigger","hermit:BigShot+1","Pot Of Greed","Pot Of Greed","hermit:LowProfile","hermit:GhostlyPresence","hermit:Ricochet","hermit:HeroicBravado","hermit:Determination","hermit:BigShot+1","hermit:Quickdraw+1","hermit:Headshot","Pot Of Greed","hermit:EyeOfTheStorm","hermit:Brawl+1","hermit:BlackWind+1","hermit:Dive+1","hermit:Determination+1","hermit:Snipe","Intolerance","hermit:Coalescence","hermit:Combo"],"relics":["hermit:Momento","LetterFromLob","Lantern","Grinning Jar","Shuriken","ClockworkSouvenir","Happy Flower","Cursed Key","Toy Ornithopter","Replay:Bottled Steam","champ:DuelingGlove","Counterbalance","construct:WeddingRing","Red Mask","InkBottle"],"acts_visited":["Exordium","Exordium","TheBeyond"],"potions_floor_usage":[7,24,27,44,47,50,50],"damage_taken":[{"damage":7,"enemies":"Small Slimes","floor":1,"turns":3},{"damage":9,"enemies":"2 Louse","floor":3,"turns":3},{"damage":1,"enemies":"Cultist","floor":5,"turns":4},{"damage":44,"enemies":"Lagavulin","floor":7,"turns":10},{"damage":0,"enemies":"Exordium Wildlife","floor":11,"turns":2},{"damage":6,"enemies":"Hexaghost","floor":16,"turns":9},{"damage":10,"enemies":"Shell Parasite","floor":20,"turns":8},{"damage":25,"enemies":"theJungle:Cassacara","floor":24,"turns":9},{"damage":12,"enemies":"theJungle:GiantWrat","floor":25,"turns":5},{"damage":7,"enemies":"theJungle:MamaSnecko","floor":27,"turns":4},{"damage":0,"enemies":"theJungle:2_Phrogs","floor":31,"turns":6},{"damage":63,"enemies":"theJungle:TotemBoss","floor":33,"turns":9},{"damage":2,"enemies":"Orb Walker","floor":35,"turns":3},{"damage":8,"enemies":"3 Shapes","floor":44,"turns":6},{"damage":1,"enemies":"Maw","floor":46,"turns":6},{"damage":23,"enemies":"Sphere and 2 Shapes","floor":47,"turns":4},{"damage":20,"enemies":"Time Eater","floor":50,"turns":5}],"seed_played":"-7821573292854045549","potions_obtained":[{"floor":3,"key":"Adrenaline Potion"},{"floor":16,"key":"Fire Potion"},{"floor":24,"key":"AttackPotion"},{"floor":27,"key":"SneckoOil"},{"floor":31,"key":"Block Potion"},{"floor":47,"key":"AttackPotion"}],"is_trial":false,"path_per_floor":["M","?","M","?","M","R","E","?","T","T","M","R","?","$","R","B",null,"M","$","M","?","$","R","E","M","T","E","R","?","R","E","R","B",null,"M","$","?","$","?","R","?","R","T","M","$","M","M","$","R","B",null,null],"character_chosen":"HERMIT","items_purchased":["hermit:GhostlyPresence","hermit:Ricochet","ClockworkSouvenir","Happy Flower","hermit:Determination","hermit:Determination+1","hermit:Snipe","Strength Potion"],"campfire_rested":4,"item_purchase_floors":[14,14,14,14,19,36,36,48],"current_hp_per_floor":[61,65,56,56,55,55,11,11,11,11,11,33,33,33,33,27,63,63,63,53,53,53,53,28,16,16,14,36,46,46,46,68,5,58,56,56,56,56,56,56,56,56,56,53,53,52,34,34,56,46,46],"gold":0,"neow_bonus":"ONE_RANDOM_RARE_CARD","is_daily":false,"chose_seed":false,"campfire_upgraded":6,"win_rate":0.0,"timestamp":1609405131,"path_taken":["M","?","M","?","?","R","E","?","T","?","?","R","?","$","R","BOSS","M","$","M","?","?","R","E","M","T","E","R","?","R","E","R","BOSS","M","$","?","?","?","R","?","R","T","?","?","M","M","$","R","BOSS"],"items_purchased_type":["Card","Card","Relic","Relic","Card","Card","Card","Potion"],"build_version":"2020-12-22","purchased_purges":2,"victory":true,"max_hp_per_floor":[75,75,75,75,75,75,75,75,75,75,75,75,75,75,75,75,75,75,75,75,75,75,75,75,75,75,75,75,75,75,75,75,75,75,75,75,75,75,75,75,75,75,75,75,75,75,75,75,75,75,75],"card_choices":[{"not_picked":["hermit:TrackingShot","hermit:CalledShot"],"picked":"hermit:Dive","floor":1},{"not_picked":["hermit:ShadowCloak","hermit:TrackingShot","hermit:Spite"],"picked":"SKIP","floor":3},{"not_picked":["hermit:ShadowCloak","hermit:Ricochet"],"picked":"hermit:ItchyTrigger","floor":5},{"not_picked":["hermit:EternalForm","hermit:Cheat"],"picked":"hermit:BigShot","floor":7},{"not_picked":["hermit:Roulette","hermit:Cheat"],"picked":"hermit:LowProfile","floor":11},{"not_picked":["hermit:DeadOrAlive","hermit:OverwhelmingPower"],"picked":"hermit:HeroicBravado","floor":16},{"not_picked":["hermit:HighCaliber","hermit:Feint"],"picked":"hermit:BigShot","floor":20},{"not_picked":["hermit:LoneWolf","hermit:Misfire"],"picked":"hermit:Quickdraw","floor":24},{"not_picked":["hermit:GhostlyPresence","hermit:SprayPray"],"picked":"hermit:Headshot","floor":25},{"not_picked":["hermit:Vantage","hermit:TrackingShot"],"picked":"hermit:EyeOfTheStorm","floor":27},{"not_picked":["hermit:ShadowCloak","hermit:Deadeye"],"picked":"hermit:Brawl+1","floor":31},{"not_picked":["hermit:Reprieve","hermit:FromBeyond"],"picked":"hermit:BlackWind","floor":33},{"not_picked":["hermit:Vantage","hermit:CalledShot"],"picked":"hermit:Dive","floor":35},{"not_picked":["hermit:Glare+1","hermit:CalledShot"],"picked":"hermit:Coalescence","floor":44},{"not_picked":["hermit:Midnight+1","hermit:Dive"],"picked":"hermit:Combo","floor":46},{"not_picked":["hermit:Shortfuse","hermit:Quickdraw+1","hermit:LowProfile"],"picked":"SKIP","floor":47}],"player_experience":3197589,"relics_obtained":[{"floor":1,"key":"LetterFromLob"},{"floor":7,"key":"Lantern"},{"floor":9,"key":"Grinning Jar"},{"floor":10,"key":"Shuriken"},{"floor":24,"key":"Toy Ornithopter"},{"floor":26,"key":"Replay:Bottled Steam"},{"floor":27,"key":"champ:DuelingGlove"},{"floor":31,"key":"Counterbalance"},{"floor":43,"key":"InkBottle"}],"event_choices":[{"damage_healed":0,"gold_gain":275,"player_choice":"Desecrate","damage_taken":0,"max_hp_gain":0,"max_hp_loss":0,"event_name":"Golden Shrine","floor":4,"gold_loss":0,"cards_obtained":["Regret"]},{"damage_healed":0,"gold_gain":0,"player_choice":"Grow","damage_taken":0,"max_hp_gain":0,"max_hp_loss":0,"event_name":"Living Wall","floor":8,"gold_loss":0,"cards_upgraded":["hermit:Dive"]},{"damage_healed":0,"gold_gain":30,"player_choice":"Searched \u00272\u0027 times","damage_taken":0,"max_hp_gain":0,"max_hp_loss":0,"event_name":"Dead Adventurer","floor":13,"gold_loss":0},{"damage_healed":0,"gold_gain":0,"player_choice":"Ignored","damage_taken":0,"max_hp_gain":0,"max_hp_loss":0,"event_name":"SecretPortal","floor":37,"gold_loss":0},{"damage_healed":0,"gold_gain":0,"player_choice":"Paid","damage_taken":0,"relics_obtained":["Red Mask"],"max_hp_gain":0,"max_hp_loss":0,"event_name":"Tomb of Lord Red Mask","floor":41,"gold_loss":27}],"is_beta":false,"boss_relics":[{"not_picked":["Fusion Hammer","Sandwich"],"picked":"Cursed Key"},{"not_picked":["conspire:RoyalGoblet","Empty Cage"],"picked":"construct:WeddingRing"}],"items_purged_floors":[14,36],"is_endless":false,"potions_floor_spawned":[3,16,24,27,31,47],"ascension_level":13}}