{"host":"u7lm8z2rvb4dg2oo","time":1609401767,"event":{"mods":["AchievementEnabler","BaseMod","Colored Map","Colored Powertips","Curses Come First","Googly Eyes","Highlight Path","Minty Spire (QoL Compilation)","Quick Restart","StSLib"],"gold_per_floor":[112,112,132,82,82,114,125,156,182,197,214,214,240,240,240,240,240],"floor_reached":16,"playtime":650,"items_purged":[],"score":181,"play_id":"cb732e79-f515-4b75-bad5-349a797f1229","local_time":"20201231030247","is_ascension_mode":true,"campfire_choices":[{"floor":12,"key":"REST"},{"floor":15,"key":"REST"}],"circlet_count":0,"master_deck":["Strike_P","Strike_P","Strike_P","Defend_P","Defend_P","Defend_P","Defend_P","Eruption","Vigilance","WreathOfFlame","JustLucky","Protect","Wireheading","SpiritShield"],"relics":["PureWater","NeowsBlessing","Ancient Tea Set","Happy Flower","Dream Catcher","Thread and Needle","Golden Idol"],"acts_visited":["Exordium"],"potions_floor_usage":[7,8,13,13],"damage_taken":[{"damage":0,"enemies":"Small Slimes","floor":1,"turns":1},{"damage":0,"enemies":"2 Louse","floor":3,"turns":1},{"damage":0,"enemies":"Gremlin Nob","floor":6,"turns":1},{"damage":2,"enemies":"Jaw Worm","floor":7,"turns":3},{"damage":53,"enemies":"3 Sentries","floor":8,"turns":13},{"damage":3,"enemies":"Blue Slaver","floor":10,"turns":5},{"damage":0,"enemies":"Large Slime","floor":11,"turns":4},{"damage":29,"enemies":"Lagavulin","floor":13,"turns":4},{"damage":36,"enemies":"Hexaghost","floor":16,"turns":9}],"seed_played":"-4137307083356023064","potions_obtained":[{"floor":1,"key":"Fire Potion"},{"floor":6,"key":"BottledMiracle"},{"floor":8,"key":"Fire Potion"},{"floor":10,"key":"Swift Potion"}],"is_trial":false,"path_per_floor":["M","$","M","?","?","E","M","E","T","M","M","R","E","?","R","B"],"character_chosen":"WATCHER","items_purchased":[],"campfire_rested":2,"item_purchase_floors":[],"current_hp_per_floor":[72,72,72,72,77,77,75,22,22,19,19,42,13,13,34,0,0],"gold":240,"neow_bonus":"THREE_ENEMY_KILL","is_daily":false,"chose_seed":false,"campfire_upgraded":0,"win_rate":0.0,"timestamp":1609401767,"path_taken":["M","$","M","?","?","E","M","E","T","M","M","R","E","?","R","BOSS"],"items_purchased_type":[],"build_version":"2020-12-22","purchased_purges":0,"victory":false,"max_hp_per_floor":[72,72,72,72,77,77,77,77,77,77,77,77,77,71,71,71,71],"card_choices":[{"not_picked":["LikeWater","WaveOfTheHand"],"picked":"WreathOfFlame","floor":1},{"not_picked":["SignatureMove","Swivel"],"picked":"JustLucky","floor":3},{"not_picked":["WreathOfFlame","ClearTheMind","ConjureBlade"],"picked":"SKIP","floor":6},{"not_picked":["Consecrate","JustLucky"],"picked":"Protect","floor":7},{"not_picked":["Consecrate","JustLucky","Adaptation"],"picked":"SKIP","floor":8},{"not_picked":["Protect","ClearTheMind","DeceiveReality"],"picked":"SKIP","floor":10},{"not_picked":["LikeWater","FollowUp","BowlingBash"],"picked":"SKIP","floor":11},{"not_picked":["SashWhip","Indignation"],"picked":"Wireheading","floor":12},{"not_picked":["ReachHeaven","InnerPeace"],"picked":"SpiritShield","floor":13}],"player_experience":1016085,"relics_obtained":[{"floor":6,"key":"Ancient Tea Set"},{"floor":8,"key":"Happy Flower"},{"floor":9,"key":"Dream Catcher"},{"floor":13,"key":"Thread and Needle"}],"event_choices":[{"cards_removed":["Strike_P"],"damage_healed":0,"gold_gain":0,"player_choice":"Card Removal","damage_taken":0,"max_hp_gain":0,"max_hp_loss":0,"event_name":"The Cleric","floor":4,"gold_loss":50},{"damage_healed":0,"gold_gain":0,"player_choice":"Donut","damage_taken":0,"max_hp_gain":5,"max_hp_loss":0,"event_name":"Big Fish","floor":5,"gold_loss":0},{"damage_healed":0,"gold_gain":0,"player_choice":"Lose Max HP","damage_taken":0,"relics_obtained":["Golden Idol"],"max_hp_gain":0,"max_hp_loss":6,"event_name":"Golden Idol","floor":14,"gold_loss":0}],"is_beta":false,"boss_relics":[],"items_purged_floors":[],"is_endless":false,"potions_floor_spawned":[1,6,8,10],"killed_by":"Hexaghost","ascension_level":5}}