{"host":"uonldg9uriwfhjjx","time":1609384660,"event":{"mods":["AchievementEnabler","BaseMod","Minty Spire (QoL Compilation)","Relic Stats"],"gold_per_floor":[12,12,32,42,54,54,54,65,88,7,7,7,7,23,23,23,23],"floor_reached":16,"playtime":455,"items_purged":[],"score":161,"play_id":"255b7f1e-e946-46ed-9b3a-dac4e6e224da","local_time":"20201230221740","is_ascension_mode":true,"campfire_choices":[{"data":"Cloak And Dagger","floor":6,"key":"SMITH"},{"data":"Neutralize","floor":11,"key":"SMITH"},{"data":"Blur","floor":13,"key":"SMITH"},{"floor":15,"key":"REST"}],"circlet_count":0,"master_deck":["AscendersBane","Strike_G","Strike_G","Strike_G","Strike_G","Strike_G","Defend_G","Defend_G","Defend_G","Defend_G","Defend_G","Survivor","Neutralize+1","Cloak And Dagger+1","Prepared","Calculated Gamble","Blur+1","Footwork","Sucker Punch","Distraction"],"relics":["Ring of the Snake","Calipers","Toy Ornithopter","Dream Catcher"],"acts_visited":["Exordium"],"potions_floor_usage":[16,16],"damage_taken":[{"damage":1,"enemies":"2 Louse","floor":1,"turns":4},{"damage":3,"enemies":"Cultist","floor":3,"turns":5},{"damage":6,"enemies":"Small Slimes","floor":4,"turns":4},{"damage":9,"enemies":"2 Fungi Beasts","floor":5,"turns":6},{"damage":13,"enemies":"3 Louse","floor":8,"turns":4},{"damage":17,"enemies":"Gremlin Gang","floor":14,"turns":6},{"damage":57,"enemies":"Hexaghost","floor":16,"turns":17}],"seed_played":"-8151710644298334374","potions_obtained":[{"floor":1,"key":"Regen Potion"},{"floor":4,"key":"ColorlessPotion"},{"floor":14,"key":"Dexterity Potion"}],"is_trial":false,"path_per_floor":["M","?","M","M","M","R","T","M","T","$","R","$","R","M","R","B"],"character_chosen":"THE_SILENT","items_purchased":["Footwork"],"campfire_rested":1,"item_purchase_floors":[10],"current_hp_per_floor":[58,58,55,49,40,40,40,27,27,27,27,27,27,10,29,0,0],"gold":23,"neow_bonus":"ONE_RARE_RELIC","is_daily":false,"chose_seed":true,"campfire_upgraded":3,"win_rate":0.0,"timestamp":1609384660,"path_taken":["M","?","?","M","M","R","?","M","T","?","R","$","R","M","R","BOSS"],"items_purchased_type":["Card"],"build_version":"2020-12-22","purchased_purges":0,"victory":false,"max_hp_per_floor":[66,66,66,66,66,66,66,66,66,66,66,66,66,66,66,66,66],"relic_stats":{"Dream Catcher":1,"counters":[7,46],"obtain_stats":[{"Dream Catcher":9,"Calipers":0,"Toy Ornithopter":7,"Ring of the Snake":0},{"Dream Catcher":5,"Calipers":0,"Toy Ornithopter":4,"Ring of the Snake":0},{"Dream Catcher":23,"Calipers":0,"Toy Ornithopter":19,"Ring of the Snake":0}],"Toy Ornithopter":10,"Ring of the Snake":[14]},"card_choices":[{"not_picked":["Predator","Catalyst","All Out Attack"],"picked":"SKIP","floor":1},{"not_picked":["Dodge and Roll","Expertise"],"picked":"Cloak And Dagger","floor":3},{"not_picked":["Outmaneuver","Concentrate"],"picked":"Prepared","floor":4},{"not_picked":["Noxious Fumes","Sucker Punch"],"picked":"Calculated Gamble","floor":5},{"not_picked":["Choke","Crippling Poison"],"picked":"Blur","floor":8},{"not_picked":["Caltrops","Cloak And Dagger"],"picked":"Sucker Punch","floor":14},{"not_picked":["Setup","Choke"],"picked":"Distraction","floor":15}],"player_experience":694464,"relics_obtained":[{"floor":7,"key":"Toy Ornithopter"},{"floor":9,"key":"Dream Catcher"}],"event_choices":[{"damage_healed":0,"gold_gain":0,"player_choice":"0 cards matched","damage_taken":0,"max_hp_gain":0,"max_hp_loss":0,"event_name":"Match and Keep!","floor":2,"gold_loss":0,"cards_obtained":[]}],"is_beta":false,"boss_relics":[],"items_purged_floors":[],"is_endless":false,"potions_floor_spawned":[1,4,14],"killed_by":"Hexaghost","ascension_level":15}}