{"host":"31s8hzukbhz1k6i6","time":1609435858,"event":{"mods":["AchievementEnabler","BaseMod","Bestiary","Colored Map","Filter the Spire","Minty Spire (QoL Compilation)","Relic Stats","UnlockEverythingMod","ojb\u0027s Info Mod"],"gold_per_floor":[20,120,137,154,154,187,207,207,207,207,226,239,239,266,266,369,369,383,383,394,412,43,75,90,90,90],"floor_reached":25,"playtime":1392,"items_purged":["Dagger Spray"],"score":390,"play_id":"5ed8734d-4667-46d5-aaa2-0788fc12afb3","local_time":"20201231093058","is_ascension_mode":true,"campfire_choices":[{"data":"A Thousand Cuts","floor":8.0,"key":"SMITH"},{"data":"Phantasmal Killer","floor":10.0,"key":"SMITH"},{"data":"Cloak And Dagger","floor":13.0,"key":"SMITH"},{"data":"Outmaneuver","floor":15.0,"key":"SMITH"}],"circlet_count":0,"master_deck":["AscendersBane","Defend_G","Defend_G","Defend_G","Defend_G","Survivor","Neutralize","Phantasmal Killer+1","A Thousand Cuts+1","Cloak And Dagger+1","Acrobatics","Unload","Calculated Gamble","Outmaneuver+1","Acrobatics","Infinite Blades+1","Burst","Blade Dance","Backflip"],"relics":["Ring of the Snake","Frozen Egg 2","Gremlin Horn","InkBottle","Empty Cage","Tingsha","Molten Egg 2"],"acts_visited":["Exordium","TheCity"],"potions_floor_usage":[25],"damage_taken":[{"damage":1.0,"enemies":"Small Slimes","floor":1.0,"turns":4.0},{"damage":0.0,"enemies":"Cultist","floor":3.0,"turns":5.0},{"damage":4.0,"enemies":"Jaw Worm","floor":4.0,"turns":4.0},{"damage":24.0,"enemies":"3 Sentries","floor":6.0,"turns":9.0},{"damage":7.0,"enemies":"Lots of Slimes","floor":7.0,"turns":3.0},{"damage":0.0,"enemies":"Blue Slaver","floor":11.0,"turns":2.0},{"damage":4.0,"enemies":"3 Louse","floor":12.0,"turns":2.0},{"damage":0.0,"enemies":"Gremlin Nob","floor":14.0,"turns":2.0},{"damage":8.0,"enemies":"Hexaghost","floor":16.0,"turns":7.0},{"damage":14.0,"enemies":"2 Thieves","floor":18.0,"turns":3.0},{"damage":12.0,"enemies":"Chosen","floor":20.0,"turns":5.0},{"damage":17.0,"enemies":"Snake Plant","floor":21.0,"turns":4.0},{"damage":1.0,"enemies":"Slavers","floor":23.0,"turns":6.0},{"damage":1,"enemies":"Chosen and Byrds","floor":24,"turns":3},{"damage":28,"enemies":"Book of Stabbing","floor":25,"turns":6}],"seed_played":"4629883586082014005","potions_obtained":[{"floor":3.0,"key":"Dexterity Potion"},{"floor":7.0,"key":"CunningPotion"},{"floor":11.0,"key":"EntropicBrew"},{"floor":12.0,"key":"SteroidPotion"},{"floor":18.0,"key":"SkillPotion"},{"floor":23.0,"key":"Explosive Potion"}],"is_trial":false,"path_per_floor":["M","?","M","M","?","E","M","R","T","R","M","M","R","E","R","B",null,"M","?","M","M","$","E","M","E"],"character_chosen":"THE_SILENT","items_purchased":["Tingsha"],"campfire_rested":0,"item_purchase_floors":[22],"current_hp_per_floor":[62,62,62,58,58,34,27,27,27,27,27,23,23,23,23,15,56,42,42,30,13,13,27,26,0,0],"gold":90,"neow_bonus":"TRANSFORM_TWO_CARDS","is_daily":false,"chose_seed":false,"campfire_upgraded":4,"win_rate":0.0,"timestamp":1609435858,"path_taken":["M","?","M","?","?","E","M","R","T","R","M","?","R","E","R","BOSS","M","?","M","M","$","E","M","E"],"items_purchased_type":["Relic"],"build_version":"2020-12-22","purchased_purges":1,"victory":false,"max_hp_per_floor":[70,70,70,70,70,70,70,70,70,70,70,70,70,70,70,70,70,70,70,70,70,70,70,70,70,70],"relic_stats":{"Gremlin Horn":[6,6],"counters":[15,65],"Tingsha":[48],"obtain_stats":[{"Gremlin Horn":9,"Tingsha":22,"Molten Egg 2":23,"Frozen Egg 2":6,"Empty Cage":17,"InkBottle":14,"Ring of the Snake":0},{"Gremlin Horn":5,"Tingsha":12,"Molten Egg 2":13,"Frozen Egg 2":4,"Empty Cage":9,"InkBottle":8,"Ring of the Snake":0},{"Gremlin Horn":25,"Tingsha":50,"Molten Egg 2":56,"Frozen Egg 2":22,"Empty Cage":38,"InkBottle":31,"Ring of the Snake":0}],"InkBottle":[19],"Ring of the Snake":[30]},"card_choices":[{"not_picked":["Dagger Throw","Deflect"],"picked":"Cloak And Dagger","floor":1.0},{"not_picked":["Well Laid Plans","Bane"],"picked":"Acrobatics","floor":3.0},{"not_picked":["Tactician","Expertise"],"picked":"Unload","floor":4.0},{"not_picked":["Slice","Masterful Stab"],"picked":"Dagger Spray","floor":6.0},{"not_picked":["Underhanded Strike","All Out Attack"],"picked":"Outmaneuver","floor":7.0},{"not_picked":["Flying Knee","Outmaneuver"],"picked":"Acrobatics","floor":11.0},{"not_picked":["Backflip","Slice","Distraction"],"picked":"SKIP","floor":12.0},{"not_picked":["Deflect","Choke"],"picked":"Infinite Blades+1","floor":14.0},{"not_picked":["Corpse Explosion","Venomology"],"picked":"Burst","floor":16.0},{"not_picked":["Deadly Poison","Concentrate","Poisoned Stab"],"picked":"SKIP","floor":18.0},{"not_picked":["Expertise","Flying Knee+1","Deadly Poison+1"],"picked":"SKIP","floor":20.0},{"not_picked":["Poisoned Stab","Bouncing Flask"],"picked":"Blade Dance","floor":21.0},{"not_picked":["Slice+1","Setup"],"picked":"Backflip","floor":23.0},{"not_picked":["Slice+1","Prepared","Deadly Poison"],"picked":"SKIP","floor":24}],"player_experience":112417,"relics_obtained":[{"floor":6.0,"key":"Frozen Egg 2"},{"floor":9.0,"key":"Gremlin Horn"},{"floor":14.0,"key":"InkBottle"},{"floor":23.0,"key":"Molten Egg 2"}],"event_choices":[{"damage_healed":0.0,"max_hp_gain":0.0,"max_hp_loss":0.0,"gold_gain":100.0,"event_name":"Wheel of Change","player_choice":"Gold","floor":2.0,"gold_loss":0.0,"damage_taken":0.0},{"damage_healed":0.0,"max_hp_gain":0.0,"max_hp_loss":0.0,"gold_gain":0.0,"cards_transformed":["Strike_G"],"event_name":"Transmorgrifier","player_choice":"Transformed","floor":5.0,"gold_loss":0.0,"damage_taken":0.0,"cards_obtained":["Calculated Gamble"]},{"cards_removed":["Strike_G"],"damage_healed":0.0,"max_hp_gain":0.0,"max_hp_loss":0.0,"gold_gain":0.0,"event_name":"Bonfire Elementals","player_choice":"Offered Basic","floor":19.0,"gold_loss":0.0,"damage_taken":0.0}],"is_beta":false,"boss_relics":[{"not_picked":["Velvet Choker","WristBlade"],"picked":"Empty Cage"}],"items_purged_floors":[22],"is_endless":false,"potions_floor_spawned":[3,7,11,12,18,20,23],"killed_by":"Book of Stabbing","ascension_level":10}}