{"host":"sxnl403xm2xmiyj1","time":1609403353,"event":{"mods":["AchievementEnabler","BaseMod","Colored Map","Keyboard Shortcuts","Minty Spire (QoL Compilation)","Quick Restart","StSLib","SuperFastMode"],"gold_per_floor":[116,133,308,328,38,38,57,83,83,99,99,131,151,180,180,281,281,298,308,328,42,52,81,81,92,116,145,165,165,198,297,297,297,297],"floor_reached":33,"playtime":559,"items_purged":["Doubt","Strike_G"],"score":575,"play_id":"972ee12e-1e99-40a2-a6ca-d895f63a7e12","local_time":"20201231172913","is_ascension_mode":true,"campfire_choices":[{"data":"Envenom","floor":6.0,"key":"SMITH"},{"floor":11.0,"key":"REST"},{"data":"Finisher","floor":15.0,"key":"SMITH"},{"data":"Terror","floor":24.0,"key":"SMITH"},{"data":"Accuracy","floor":32.0,"key":"SMITH"}],"circlet_count":0,"master_deck":["Strike_G","Strike_G","Defend_G","Defend_G","Defend_G","Defend_G","Defend_G","Survivor","Neutralize","Envenom+1","Bane","Acrobatics","Cloak And Dagger","Infinite Blades","Blade Dance","Finisher+1","Slice","Slice","Die Die Die","Backstab","Poisoned Stab","Terror+1","Glass Knife","Cloak And Dagger","Bane","Dash+1","Accuracy+1","Blade Dance","Masterful Stab+1","Slice+1","Accuracy","Dodge and Roll+1","Backstab","Cloak And Dagger","Choke"],"relics":["Ring of the Snake","MealTicket","Centennial Puzzle","Eternal Feather","Pen Nib","Empty Cage","Bottled Flame","Bag of Marbles","Prayer Wheel","MutagenicStrength","Toy Ornithopter"],"acts_visited":["Exordium","TheCity"],"potions_floor_usage":[33],"damage_taken":[{"damage":1.0,"enemies":"Small Slimes","floor":1.0,"turns":5.0},{"damage":1.0,"enemies":"2 Louse","floor":2.0,"turns":3.0},{"damage":5.0,"enemies":"Jaw Worm","floor":4.0,"turns":4.0},{"damage":6.0,"enemies":"2 Fungi Beasts","floor":7.0,"turns":2.0},{"damage":7.0,"enemies":"Lagavulin","floor":8.0,"turns":5.0},{"damage":11.0,"enemies":"Exordium Thugs","floor":10.0,"turns":4.0},{"damage":7.0,"enemies":"3 Sentries","floor":12.0,"turns":5.0},{"damage":0.0,"enemies":"Lots of Slimes","floor":13.0,"turns":2.0},{"damage":16.0,"enemies":"Gremlin Nob","floor":14.0,"turns":3.0},{"damage":0.0,"enemies":"Slime Boss","floor":16.0,"turns":6.0},{"damage":3.0,"enemies":"Spheric Guardian","floor":18.0,"turns":3.0},{"damage":1.0,"enemies":"3 Byrds","floor":19.0,"turns":4.0},{"damage":26.0,"enemies":"Shelled Parasite and Fungi","floor":20.0,"turns":3.0},{"damage":3.0,"enemies":"Centurion and Healer","floor":22.0,"turns":4.0},{"damage":38.0,"enemies":"Book of Stabbing","floor":23.0,"turns":4.0},{"damage":13.0,"enemies":"Snake Plant","floor":25.0,"turns":4.0},{"damage":7.0,"enemies":"Slavers","floor":27.0,"turns":4.0},{"damage":0.0,"enemies":"3 Cultists","floor":28.0,"turns":3.0},{"damage":6.0,"enemies":"Gremlin Leader","floor":30.0,"turns":2.0},{"damage":32,"enemies":"Champ","floor":33,"turns":3}],"seed_played":"5367342353914983955","potions_obtained":[{"floor":1.0,"key":"Swift Potion"},{"floor":4.0,"key":"Explosive Potion"},{"floor":7.0,"key":"Strength Potion"},{"floor":8.0,"key":"LiquidMemories"},{"floor":14.0,"key":"Energy Potion"},{"floor":16.0,"key":"Fire Potion"},{"floor":18.0,"key":"GamblersBrew"},{"floor":20.0,"key":"Weak Potion"},{"floor":22.0,"key":"Swift Potion"},{"floor":27.0,"key":"Swift Potion"}],"is_trial":false,"path_per_floor":["M","M","?","M","$","R","M","E","T","M","R","E","M","E","R","B",null,"M","M","M","$","M","E","R","M","T","E","M","?","E","?","R","B"],"character_chosen":"THE_SILENT","items_purchased":["Infinite Blades","Blade Dance","Finisher","Accuracy","Blade Dance","FairyPotion"],"campfire_rested":1,"item_purchase_floors":[5,5,5,21,21,21],"current_hp_per_floor":[62,61,61,56,56,56,50,43,43,32,50,43,43,27,42,42,58,55,54,28,43,40,2,20,7,7,18,18,18,12,12,33,6,6],"gold":297,"neow_bonus":"THREE_RARE_CARDS","is_daily":false,"chose_seed":false,"campfire_upgraded":4,"win_rate":0.0,"timestamp":1609403353,"path_taken":["M","M","?","M","$","R","M","E","T","M","R","E","M","E","R","BOSS","M","M","M","$","M","E","R","M","T","E","M","?","E","?","R","BOSS"],"items_purchased_type":["Card","Card","Card","Card","Card","Potion"],"build_version":"2020-12-22","purchased_purges":2,"victory":false,"max_hp_per_floor":[63,63,63,63,63,63,63,63,63,63,63,63,63,63,63,63,63,63,63,63,63,63,63,63,63,63,63,63,63,63,63,63,63,63],"card_choices":[{"not_picked":["Tools of the Trade","Wraith Form v2"],"picked":"Envenom","floor":0.0},{"not_picked":["Footwork","Outmaneuver"],"picked":"Bane","floor":1.0},{"not_picked":["Prepared","Flechettes"],"picked":"Acrobatics","floor":2.0},{"not_picked":["Dagger Spray","Sucker Punch"],"picked":"Cloak And Dagger","floor":4.0},{"not_picked":["Flying Knee","Dodge and Roll"],"picked":"Slice","floor":7.0},{"not_picked":["Escape Plan","Flying Knee"],"picked":"Slice","floor":8.0},{"not_picked":["Concentrate","Outmaneuver"],"picked":"Die Die Die","floor":10.0},{"not_picked":["Eviscerate","Masterful Stab"],"picked":"Backstab","floor":12.0},{"not_picked":["Outmaneuver","Dagger Throw"],"picked":"Poisoned Stab","floor":13.0},{"not_picked":["Escape Plan","Dash"],"picked":"Terror","floor":14.0},{"not_picked":["Corpse Explosion","Wraith Form v2"],"picked":"Glass Knife","floor":16.0},{"not_picked":["Deflect","Dagger Throw"],"picked":"Cloak And Dagger","floor":18.0},{"not_picked":["Setup+1","Blade Dance"],"picked":"Bane","floor":19.0},{"not_picked":["PiercingWail","Setup"],"picked":"Dash+1","floor":20.0},{"not_picked":["Riddle With Holes","Flying Knee"],"picked":"Masterful Stab+1","floor":22.0},{"not_picked":["Endless Agony","Quick Slash+1"],"picked":"Slice+1","floor":23.0},{"not_picked":["Choke","Flying Knee"],"picked":"Accuracy","floor":25.0},{"not_picked":["Endless Agony","Sucker Punch"],"picked":"Dodge and Roll+1","floor":27.0},{"not_picked":["Tools of the Trade","Cloak And Dagger"],"picked":"Backstab","floor":28.0},{"not_picked":["Backflip","Underhanded Strike"],"picked":"Cloak And Dagger","floor":28.0},{"not_picked":["Distraction","Caltrops"],"picked":"Choke","floor":30.0}],"player_experience":141099,"relics_obtained":[{"floor":8.0,"key":"MealTicket"},{"floor":9.0,"key":"Centennial Puzzle"},{"floor":12.0,"key":"Eternal Feather"},{"floor":14.0,"key":"Pen Nib"},{"floor":23.0,"key":"Bottled Flame"},{"floor":26.0,"key":"Bag of Marbles"},{"floor":27.0,"key":"Prayer Wheel"},{"floor":30.0,"key":"Toy Ornithopter"}],"event_choices":[{"damage_healed":0.0,"max_hp_gain":0.0,"max_hp_loss":0.0,"gold_gain":175.0,"event_name":"Liars Game","player_choice":"AGREE","floor":3.0,"gold_loss":0.0,"damage_taken":0.0,"cards_obtained":["Doubt"]},{"damage_healed":0.0,"max_hp_gain":0.0,"max_hp_loss":0.0,"gold_gain":0.0,"event_name":"Drug Dealer","player_choice":"Inject Mutagens","floor":29.0,"gold_loss":0.0,"damage_taken":0.0,"relics_obtained":["MutagenicStrength"]},{"damage_healed":0.0,"max_hp_gain":0.0,"max_hp_loss":0.0,"gold_gain":99.0,"event_name":"Nest","player_choice":"Stole From Cult","floor":31.0,"gold_loss":0.0,"damage_taken":0.0}],"is_beta":false,"boss_relics":[{"not_picked":["Tiny House","Pandora\u0027s Box"],"picked":"Empty Cage"}],"items_purged_floors":[5,21],"is_endless":false,"potions_floor_spawned":[1,4,7,8,14,16,18,20,22,23,27],"killed_by":"Champ","ascension_level":9}}