{"host":"6hzrz31j95f2y1pa","time":1609412857,"event":{"mods":["BaseMod","Colored Map","Downfall","Minty Spire (QoL Compilation)","StSLib"],"gold_per_floor":[99,111,111,130,144,161,231,231,242,271,281,281,301,317,328,404,404,329,346,7,22,49,72,72,72,85,98,123,33,66,83,96,171,171,171,253,528,415,432,446,446,296,312,345,357,383,383,78,88,88,88,116,32,32,32],"floor_reached":56,"playtime":3282,"items_purged":["hexamod:Strike","Regret"],"score":1957,"play_id":"21d744bd-601f-45bc-bfec-28a8899d5bc3","local_time":"20201231060737","is_ascension_mode":true,"campfire_choices":[{"data":"expansioncontent:HyperBeam","floor":1.0,"key":"SMITH"},{"floor":12.0,"key":"REST"},{"data":"hexamod:Hexaguard","floor":18.0,"key":"SMITH"},{"floor":35.0,"key":"RECALL"},{"data":"hexamod:ParanormalForm","floor":42.0,"key":"SMITH"},{"data":"hexamod:ApocalypticArmor","floor":47.0,"key":"SMITH"},{"data":"hexamod:Float","floor":54,"key":"SMITH"}],"circlet_count":0,"master_deck":["AscendersBane","hexamod:Strike","hexamod:Strike","hexamod:Strike","hexamod:Defend","hexamod:Defend+1","hexamod:Sear","hexamod:Float+1","expansioncontent:HyperBeam+1","hexamod:RadiantFlame+1","hexamod:Hexaguard+1","hexamod:SpectersWail+1","hexamod:SuperheatedStrike+1","hexamod:WildfireWeapon+1","hexamod:ExtraCrispy+1","hexamod:BurningTouch","hexamod:ThermalTransfer+1","hexamod:ApocalypticArmor+1","hexamod:GhostShield","hexamod:Hexaguard","hexamod:RecurringNightmare+1","hexamod:FastForward+1","hexamod:HauntingEcho+1","hexamod:FourthSeal","hexamod:SpectralAdrenaline","hexamod:HauntingEcho","hexamod:ParanormalForm+1","hexamod:Hexaguard","hexamod:PowerFromBeyond+1","hexamod:SixthSeal","Parasite","hexamod:Incineration","hexamod:SpectralSpark+1","hexamod:VolcanoVisage","hexamod:DynamicBlow+1","Finesse"],"relics":["hexamod:SpiritBrand","Ornamental Fan","PreservedInsect","hexamod:IceCube","downfall:HeartBlessingGreen","HornCleat","hexamod:TheBrokenSeal","White Beast Statue","Akabeko","Turnip","Cursed Key","Bird Faced Urn","downfall:HeartBlessingRed","downfall:HeartBlessingBlue","Bottled Tornado","Potion Belt","Medical Kit","Bronze Scales","Anchor"],"acts_visited":["Exordium","TheCity","TheBeyond","TheEnding"],"potions_floor_usage":[49,50,52,55,55,55,55,55],"damage_taken":[{"damage":0.0,"enemies":"Jaw Worm","floor":2.0,"turns":3.0},{"damage":0.0,"enemies":"Cultist","floor":4.0,"turns":4.0},{"damage":0.0,"enemies":"2 Louse","floor":5.0,"turns":2.0},{"damage":25.0,"enemies":"Gremlin Gang","floor":6.0,"turns":3.0},{"damage":3.0,"enemies":"Blue Slaver","floor":9.0,"turns":3.0},{"damage":17.0,"enemies":"Lagavulin","floor":10.0,"turns":7.0},{"damage":0.0,"enemies":"Lots of Slimes","floor":11.0,"turns":1.0},{"damage":7.0,"enemies":"Red Slaver","floor":13.0,"turns":4.0},{"damage":15.0,"enemies":"Blue Slaver","floor":14.0,"turns":3.0},{"damage":2.0,"enemies":"3 Louse","floor":15.0,"turns":2.0},{"damage":17.0,"enemies":"downfall:Watcher","floor":16.0,"turns":8.0},{"damage":42.0,"enemies":"Chosen","floor":19.0,"turns":8.0},{"damage":6.0,"enemies":"downfall:FleeingMerchant","floor":20.0,"turns":4.0},{"damage":12.0,"enemies":"Shell Parasite","floor":21.0,"turns":7.0},{"damage":6.0,"enemies":"Snake Plant","floor":22.0,"turns":5.0},{"damage":10.0,"enemies":"Sentry and Sphere","floor":23.0,"turns":8.0},{"damage":8.0,"enemies":"Cultist and Chosen","floor":26.0,"turns":7.0},{"damage":0.0,"enemies":"Centurion and Healer","floor":27.0,"turns":5.0},{"damage":27.0,"enemies":"Book of Stabbing","floor":28.0,"turns":4.0},{"damage":0.0,"enemies":"downfall:FleeingMerchant","floor":29.0,"turns":4.0},{"damage":28.0,"enemies":"Slavers","floor":30.0,"turns":5.0},{"damage":0.0,"enemies":"Snecko","floor":31.0,"turns":4.0},{"damage":2.0,"enemies":"Cultist and Chosen","floor":32.0,"turns":3.0},{"damage":12.0,"enemies":"downfall:Silent","floor":33.0,"turns":7.0},{"damage":5.0,"enemies":"downfall:FleeingMerchant","floor":38.0,"turns":3.0},{"damage":10.0,"enemies":"Orb Walker","floor":39.0,"turns":3.0},{"damage":0.0,"enemies":"3 Darklings","floor":40.0,"turns":5.0},{"damage":29.0,"enemies":"Transient","floor":43.0,"turns":5.0},{"damage":1.0,"enemies":"Giant Head","floor":44.0,"turns":7.0},{"damage":8.0,"enemies":"Sphere and 2 Shapes","floor":45.0,"turns":6.0},{"damage":19.0,"enemies":"Nemesis","floor":46.0,"turns":5.0},{"damage":31,"enemies":"3 Darklings","floor":49,"turns":4},{"damage":25,"enemies":"downfall:Ironclad","floor":50,"turns":10},{"damage":12,"enemies":"downfall:CharBossMerchant","floor":52,"turns":7},{"damage":55,"enemies":"downfall:NeowBoss","floor":55,"turns":30}],"seed_played":"-3211548043965376008","potions_obtained":[{"floor":4.0,"key":"sneckomod:MuddlingPotion"},{"floor":6.0,"key":"champ:CounterPotion"},{"floor":11.0,"key":"hexamod:EctoCoolerPotion"},{"floor":13.0,"key":"DistilledChaos"},{"floor":19.0,"key":"Fire Potion"},{"floor":21.0,"key":"Block Potion"},{"floor":22.0,"key":"EssenceOfSteel"},{"floor":26.0,"key":"Fruit Juice"},{"floor":27.0,"key":"Strength Potion"},{"floor":27.0,"key":"Fire Potion"},{"floor":28.0,"key":"Block Potion"},{"floor":28.0,"key":"champ:CounterPotion"},{"floor":29.0,"key":"Strength Potion"},{"floor":30.0,"key":"SmokeBomb"},{"floor":30.0,"key":"Fire Potion"},{"floor":31.0,"key":"GamblersBrew"},{"floor":31.0,"key":"hexamod:DoubleChargePotion"},{"floor":32.0,"key":"LiquidBronze"},{"floor":33.0,"key":"Explosive Potion"},{"floor":33.0,"key":"BlessingOfTheForge"},{"floor":38.0,"key":"LiquidMemories"},{"floor":39.0,"key":"Fire Potion"},{"floor":40.0,"key":"Fruit Juice"},{"floor":40.0,"key":"EntropicBrew"},{"floor":43.0,"key":"champ:CounterPotion"},{"floor":43.0,"key":"Weak Potion"},{"floor":44.0,"key":"Fire Potion"},{"floor":45.0,"key":"Weak Potion"},{"floor":45.0,"key":"Guardian:BlockOnCardUsePotion"},{"floor":46.0,"key":"EntropicBrew"},{"floor":46.0,"key":"ColorlessPotion"},{"floor":49,"key":"DistilledChaos"},{"floor":49,"key":"AttackPotion"},{"floor":52,"key":"PowerPotion"}],"is_trial":false,"path_per_floor":["R","M","?","M","M","M","T","?","M","E","M","R","M","M","M","B",null,"R","M","$","M","M","M","T","?","M","M","E","$","E","M","M","B",null,"R","T","?","$","M","M","T","R","M","E","M","E","R","$","M","B",null,"E","$","R","B",null],"character_chosen":"THE_SPIRIT","items_purchased":["HornCleat","hexamod:RecurringNightmare","Bird Faced Urn","hexamod:Incineration","Medical Kit","Bronze Scales","Finesse"],"campfire_rested":1,"item_purchase_floors":[20,20,38,38,48,48,53],"current_hp_per_floor":[63,63,63,63,63,38,38,38,35,18,18,39,32,24,29,19,57,57,22,16,11,12,80,80,80,77,77,50,50,22,22,20,8,66,66,66,66,61,55,74,74,84,69,80,86,83,83,83,62,53,88,88,88,88,53],"gold":32,"neow_bonus":"RANDOM_COLORLESS","is_daily":false,"chose_seed":false,"campfire_upgraded":5,"win_rate":0.0,"timestamp":1609412857,"path_taken":["R","M","?","M","M","?","T","?","M","E","M","R","M","M","M","BOSS","R","M","$","M","?","M","T","?","M","?","E","$","E","M","M","BOSS","R","?","?","$","M","M","T","R","M","E","?","E","R","$","M","BOSS","E","$","R","BOSS"],"items_purchased_type":["Relic","Card","Relic","Card","Relic","Relic","Card"],"build_version":"2020-12-22","purchased_purges":2,"victory":true,"max_hp_per_floor":[70,70,70,70,70,70,70,70,70,70,70,70,70,70,70,70,70,70,70,70,70,70,80,80,80,85,85,85,85,85,85,85,85,85,85,85,85,85,85,90,90,100,100,100,100,100,100,100,100,100,100,100,100,100,100],"card_choices":[{"not_picked":["expansioncontent:AwakenDeath","Panacea"],"picked":"expansioncontent:HyperBeam","floor":0.0},{"not_picked":["hexamod:ChargedBarrage","hexamod:InspiringFlames"],"picked":"hexamod:RadiantFlame","floor":2.0},{"not_picked":["hexamod:SwordOfDarkness","hexamod:GhostflameBarrier"],"picked":"hexamod:Hexaguard","floor":4.0},{"not_picked":["hexamod:GhostLash","hexamod:Hexaguard"],"picked":"hexamod:SpectersWail","floor":5.0},{"not_picked":["hexamod:InspiringFlames","hexamod:Firestarter"],"picked":"hexamod:SuperheatedStrike","floor":6.0},{"not_picked":["hexamod:HauntingEcho","hexamod:FlamesFromBeyond"],"picked":"hexamod:ThirdSeal","floor":9.0},{"not_picked":["hexamod:RainOfEmbers","hexamod:InspiringFlames"],"picked":"hexamod:WildfireWeapon","floor":10.0},{"not_picked":["hexamod:SwordOfDarkness","hexamod:BacktrackSmack"],"picked":"hexamod:ExtraCrispy","floor":11.0},{"not_picked":["hexamod:FirstSeal","hexamod:FlamesFromBeyond","hexamod:Hexaguard"],"picked":"SKIP","floor":13.0},{"not_picked":["hexamod:Rewind","hexamod:ShieldOfDarkness","hexamod:FlamesFromBeyond"],"picked":"SKIP","floor":13.0},{"not_picked":["hexamod:FlamesFromBeyond","hexamod:Hexaguard"],"picked":"hexamod:FirstSeal","floor":13.0},{"not_picked":["hexamod:Rewind","hexamod:ShieldOfDarkness","hexamod:FlamesFromBeyond"],"picked":"SKIP","floor":13.0},{"not_picked":["hexamod:GhostShield","hexamod:SoulSteal"],"picked":"hexamod:BurningTouch","floor":14.0},{"not_picked":["hexamod:GhostOfSpirePast","hexamod:RainOfEmbers","hexamod:SpectralSpark"],"picked":"SKIP","floor":14.0},{"not_picked":["hexamod:SuperheatedStrike","hexamod:AdvancingGuard","hexamod:ThermalTransfer"],"picked":"SKIP","floor":15.0},{"not_picked":["hexamod:SuperheatedStrike","hexamod:AdvancingGuard"],"picked":"hexamod:ThermalTransfer","floor":15.0},{"not_picked":["hexamod:GhostflameInferno","hexamod:WildfireWeapon"],"picked":"hexamod:ApocalypticArmor","floor":16.0},{"not_picked":["hexamod:VolcanoVisage","hexamod:TurnItUp"],"picked":"hexamod:FifthSeal","floor":16.0},{"not_picked":["hexamod:FirstSeal","hexamod:ThirdSeal"],"picked":"hexamod:SixthSeal","floor":19.0},{"not_picked":["hexamod:SpectersWail","hexamod:GhostOfSpirePresent"],"picked":"hexamod:GhostShield","floor":19.0},{"not_picked":["hexamod:BacktrackSmack","hexamod:SpectersWail","hexamod:HauntingEcho"],"picked":"SKIP","floor":19.0},{"not_picked":["hexamod:RecurringNightmare","hexamod:HauntingEcho"],"picked":"hexamod:Hexaguard","floor":20.0},{"not_picked":["hexamod:SecondSeal","hexamod:FirstSeal"],"picked":"hexamod:FourthSeal","floor":20.0},{"not_picked":["hexamod:FourthSeal","hexamod:SixthSeal"],"picked":"hexamod:SecondSeal","floor":21.0},{"not_picked":["hexamod:SpectralSpark","hexamod:ChargedBarrage"],"picked":"hexamod:FastForward+1","floor":21.0},{"not_picked":["hexamod:PhantomFireball","hexamod:RainOfEmbers","hexamod:Hexaguard"],"picked":"SKIP","floor":21.0},{"not_picked":["hexamod:GhostOfSpirePresent","hexamod:GhostLash+1","hexamod:PhantomCloak"],"picked":"SKIP","floor":22.0},{"not_picked":["hexamod:SixthSeal","hexamod:FirstSeal","hexamod:SecondSeal"],"picked":"SKIP","floor":22.0},{"not_picked":["hexamod:GhostOfSpireFuture","hexamod:ApocalypticArmor","hexamod:SoulSteal"],"picked":"SKIP","floor":22.0},{"not_picked":["hexamod:ShieldOfDarkness+1","hexamod:CatchUp"],"picked":"hexamod:HauntingEcho","floor":23.0},{"not_picked":["hexamod:AdvancingGuard","hexamod:BurningTouch","hexamod:ThermalTransfer"],"picked":"SKIP","floor":23.0},{"not_picked":["hexamod:GhostOfSpirePast","hexamod:HauntingEcho"],"picked":"hexamod:FourthSeal","floor":26.0},{"not_picked":["hexamod:SwordOfDarkness","hexamod:ShieldOfDarkness"],"picked":"hexamod:SpectralAdrenaline","floor":27.0},{"not_picked":["hexamod:GhostflameInferno","hexamod:AdvancingGuard"],"picked":"hexamod:HauntingEcho","floor":28.0},{"not_picked":["hexamod:ThermalTransfer","hexamod:Firestarter","hexamod:InspiringFlames"],"picked":"SKIP","floor":29.0},{"not_picked":["hexamod:ShieldOfDarkness","hexamod:TurnItUp"],"picked":"hexamod:ParanormalForm","floor":30.0},{"not_picked":["hexamod:GhostShield","hexamod:GhostOfSpireFuture"],"picked":"hexamod:Hexaguard","floor":31.0},{"not_picked":["hexamod:SoulSteal","hexamod:HeatCrush"],"picked":"hexamod:PowerFromBeyond+1","floor":32.0},{"not_picked":["hexamod:FifthSeal","hexamod:ApocalypticArmor"],"picked":"hexamod:SixthSeal","floor":33.0},{"not_picked":["hexamod:Hexaguard+1","hexamod:ShieldOfDarkness","hexamod:BurningTouch"],"picked":"SKIP","floor":38.0},{"not_picked":["hexamod:NecessarySacrifice","hexamod:SwordOfDarkness","hexamod:GhostLash"],"picked":"SKIP","floor":39.0},{"not_picked":["hexamod:BacktrackSmack","hexamod:SwordOfDarkness"],"picked":"hexamod:SpectralSpark","floor":40.0},{"not_picked":["hexamod:BacktrackSmack","hexamod:Hexaguard","hexamod:GhostOfSpirePast"],"picked":"SKIP","floor":43.0},{"not_picked":["hexamod:HauntingEcho","hexamod:BacktrackSmack+1"],"picked":"hexamod:VolcanoVisage","floor":44.0},{"not_picked":["hexamod:NightmareStrike","hexamod:CatchUp","hexamod:GhostLash"],"picked":"SKIP","floor":45.0},{"not_picked":["hexamod:SkipABeat","hexamod:InspiringFlames","hexamod:CatchUp"],"picked":"SKIP","floor":46.0},{"not_picked":["hexamod:GhostOfSpirePast","hexamod:GhostLash","hexamod:GhostShield"],"picked":"SKIP","floor":49},{"not_picked":["hexamod:ApocalypticArmor","hexamod:GhostLash"],"picked":"hexamod:DynamicBlow+1","floor":52}],"player_experience":1266362,"relics_obtained":[{"floor":7.0,"key":"Ornamental Fan"},{"floor":10.0,"key":"PreservedInsect"},{"floor":24.0,"key":"White Beast Statue"},{"floor":28.0,"key":"Akabeko"},{"floor":30.0,"key":"Turnip"},{"floor":44.0,"key":"Bottled Tornado"},{"floor":46.0,"key":"Potion Belt"},{"floor":52,"key":"Anchor"}],"event_choices":[{"damage_healed":0.0,"max_hp_gain":0.0,"max_hp_loss":0.0,"gold_gain":0.0,"event_name":"Upgrade Shrine","player_choice":"Upgraded","floor":3.0,"gold_loss":0.0,"damage_taken":0.0,"cards_upgraded":["hexamod:RadiantFlame"]},{"cards_removed":["hexamod:Defend"],"damage_healed":0.0,"max_hp_gain":0.0,"max_hp_loss":0.0,"gold_gain":0.0,"event_name":"Wheel of Change","player_choice":"Card Removal","floor":8.0,"gold_loss":0.0,"damage_taken":0.0},{"cards_removed":["hexamod:Defend"],"damage_healed":0.0,"max_hp_gain":0.0,"max_hp_loss":0.0,"gold_gain":0.0,"event_name":"Bonfire Elementals","player_choice":"Offered Basic","floor":25.0,"gold_loss":0.0,"damage_taken":0.0}],"is_beta":false,"boss_relics":[{"not_picked":["Tiny House","SlaversCollar"],"picked":"hexamod:IceCube"},{"not_picked":["Fusion Hammer","Black Star"],"picked":"Cursed Key"}],"items_purged_floors":[29,38],"is_endless":false,"potions_floor_spawned":[4,6,9,11,13,19,26,27,28,29,30,31,32,33,38,39,40,43,44,45,46,49,52],"ascension_level":13}}