{"host":"dpbezu80jg8zk7un","time":1609409764,"event":{"mods":["BaseMod","Colored Map","Colored Powertips","Custom Start","DeckTracker","Minty Spire (QoL Compilation)","Quick Restart","StSLib","SuperFastMode"],"gold_per_floor":[115,132,132,132,144,144,170,184,237,237,251,251,305,325,325,398,398,411,249,260,273,188,188,188,188],"floor_reached":24,"playtime":687,"items_purged":["Strike_P"],"score":396,"play_id":"26a5432c-dd5b-42f1-81bf-c9021b6f386c","local_time":"20201231191604","is_ascension_mode":true,"campfire_choices":[{"data":"Eruption","floor":6.0,"key":"SMITH"},{"floor":10.0,"key":"REST"},{"data":"MentalFortress","floor":12.0,"key":"SMITH"},{"data":"SandsOfTime","floor":15,"key":"SMITH"},{"floor":23,"key":"REST"}],"circlet_count":0,"master_deck":["AscendersBane","Strike_P","Strike_P","Strike_P","Defend_P","Defend_P+1","Defend_P","Eruption+1","Vigilance","MentalFortress+1","EmptyFist","FollowUp","LikeWater","SandsOfTime+1","LessonLearned","Adaptation"],"relics":["PureWater","NeowsBlessing","Kunai","Ancient Tea Set","MealTicket","Runic Pyramid","Dream Catcher"],"acts_visited":["Exordium","TheCity"],"potions_floor_usage":[16,20,20,21],"damage_taken":[{"damage":0.0,"enemies":"Cultist","floor":1.0,"turns":1.0},{"damage":0.0,"enemies":"Small Slimes","floor":2.0,"turns":1.0},{"damage":0.0,"enemies":"Jaw Worm","floor":5.0,"turns":1.0},{"damage":36.0,"enemies":"Gremlin Nob","floor":7.0,"turns":4.0},{"damage":9.0,"enemies":"3 Louse","floor":8.0,"turns":3.0},{"damage":16.0,"enemies":"Large Slime","floor":11.0,"turns":6.0},{"damage":0,"enemies":"2 Fungi Beasts","floor":14,"turns":2},{"damage":4,"enemies":"The Guardian","floor":16,"turns":10},{"damage":0,"enemies":"Chosen","floor":18,"turns":3},{"damage":23,"enemies":"Shell Parasite","floor":20,"turns":4},{"damage":20,"enemies":"Sentry and Sphere","floor":21,"turns":6},{"damage":47,"enemies":"Book of Stabbing","floor":24,"turns":5}],"seed_played":"4627274790706575979","potions_obtained":[{"floor":11.0,"key":"Dexterity Potion"},{"floor":14,"key":"Weak Potion"},{"floor":16,"key":"EntropicBrew"},{"floor":18,"key":"Swift Potion"}],"is_trial":false,"path_per_floor":["M","M","?","?","M","R","E","M","T","R","M","R","T","M","R","B",null,"M","$","M","M","?","R","E"],"character_chosen":"WATCHER","items_purchased":["Adaptation"],"campfire_rested":2,"item_purchase_floors":[19],"current_hp_per_floor":[61,61,61,61,61,61,25,16,16,36,20,20,20,20,20,16,55,55,68,45,25,25,45,0,0],"gold":188,"neow_bonus":"THREE_ENEMY_KILL","is_daily":false,"chose_seed":false,"campfire_upgraded":3,"win_rate":0.0,"timestamp":1609409764,"path_taken":["M","M","?","?","?","R","E","M","T","R","M","R","?","M","R","BOSS","M","$","M","M","?","R","E"],"items_purchased_type":["Card"],"build_version":"2020-12-22","purchased_purges":1,"victory":false,"max_hp_per_floor":[68,68,68,68,68,68,68,68,68,68,68,68,68,68,68,68,68,68,68,68,68,68,68,68,68],"card_choices":[{"not_picked":["JustLucky","ClearTheMind","CutThroughFate"],"picked":"SKIP","floor":1.0},{"not_picked":["FlyingSleeves","Evaluate"],"picked":"MentalFortress","floor":2.0},{"not_picked":["EmptyMind","BattleHymn"],"picked":"EmptyFist","floor":5.0},{"not_picked":["Evaluate","JustLucky","SashWhip"],"picked":"SKIP","floor":7.0},{"not_picked":["Vengeance","JustLucky"],"picked":"FollowUp","floor":8.0},{"not_picked":["Collect","Crescendo"],"picked":"LikeWater","floor":11.0},{"not_picked":["EmptyFist","WreathOfFlame"],"picked":"SandsOfTime","floor":14},{"not_picked":["Scrawl","DeusExMachina"],"picked":"LessonLearned","floor":16},{"not_picked":["EmptyFist","TalkToTheHand","JustLucky+1"],"picked":"SKIP","floor":18},{"not_picked":["SashWhip","BowlingBash","ClearTheMind"],"picked":"SKIP","floor":20},{"not_picked":["BowlingBash","ThirdEye+1","Evaluate"],"picked":"SKIP","floor":21}],"player_experience":2811341,"relics_obtained":[{"floor":7.0,"key":"Kunai"},{"floor":9.0,"key":"Ancient Tea Set"},{"floor":13.0,"key":"MealTicket"}],"event_choices":[{"damage_healed":0.0,"max_hp_gain":0.0,"max_hp_loss":0.0,"gold_gain":0.0,"event_name":"Liars Game","player_choice":"Ignored","floor":3.0,"gold_loss":0.0,"damage_taken":0.0},{"cards_removed":["Defend_P"],"damage_healed":0.0,"max_hp_gain":0.0,"max_hp_loss":0.0,"gold_gain":0.0,"event_name":"Purifier","player_choice":"Purged","floor":4.0,"gold_loss":0.0,"damage_taken":0.0},{"damage_healed":0,"gold_gain":0,"player_choice":"Obtained Relic","damage_taken":0,"relics_obtained":["Dream Catcher"],"max_hp_gain":0,"max_hp_loss":0,"event_name":"Addict","floor":22,"gold_loss":85}],"is_beta":false,"boss_relics":[{"not_picked":["Ectoplasm","HolyWater"],"picked":"Runic Pyramid"}],"items_purged_floors":[19],"is_endless":false,"potions_floor_spawned":[11,14,16,18],"killed_by":"Book of Stabbing","ascension_level":20}}