{"host":"5hj512uv6i1x1iks","time":1609441044,"event":{"mods":["BaseMod","Colored Powertips","Minty Spire (QoL Compilation)","Random Character Button","Rare Cards Sparkle","Relic Stats","StSLib","ojb\u0027s Better Paths Mod","ojb\u0027s Info Mod"],"gold_per_floor":[118,134,134,134,148,148,175,87,87,101,111,126,17,45,45,119,119,131,46,46,46,59,59,59],"floor_reached":23,"playtime":638,"items_purged":[],"score":489,"play_id":"30bca74c-9fdd-44c9-9812-8803d4ce83ae","local_time":"20201231125724","is_ascension_mode":true,"campfire_choices":[{"data":"FlyingSleeves","floor":6.0,"key":"SMITH"},{"data":"Devotion","floor":15.0,"key":"SMITH"}],"circlet_count":0,"master_deck":["AscendersBane","Eruption","Vigilance","FlyingSleeves+1","Halt","Devotion+1","Wallop","EmptyBody","Meditate","CutThroughFate","FollowUp","ReachHeaven","SpiritShield","SandsOfTime","ClearTheMind","Perseverance","SignatureMove","Vengeance","Pray","Prostrate","SandsOfTime","FearNoEvil","Prostrate","Protect"],"relics":["PureWater","Pen Nib","Letter Opener","Mummified Hand","Tiny Chest","Pandora\u0027s Box","StoneCalendar"],"acts_visited":["Exordium","TheCity"],"potions_floor_usage":[23],"damage_taken":[{"damage":5.0,"enemies":"2 Louse","floor":1.0,"turns":4.0},{"damage":1.0,"enemies":"Small Slimes","floor":2.0,"turns":5.0},{"damage":1.0,"enemies":"Cultist","floor":5.0,"turns":3.0},{"damage":16.0,"enemies":"Gremlin Nob","floor":7.0,"turns":3.0},{"damage":0.0,"enemies":"3 Louse","floor":10.0,"turns":2.0},{"damage":0.0,"enemies":"2 Fungi Beasts","floor":11.0,"turns":2.0},{"damage":2.0,"enemies":"Looter","floor":12.0,"turns":2.0},{"damage":3.0,"enemies":"3 Sentries","floor":14.0,"turns":9.0},{"damage":0.0,"enemies":"Slime Boss","floor":16.0,"turns":5.0},{"damage":0.0,"enemies":"Chosen","floor":18.0,"turns":4.0},{"damage":7.0,"enemies":"Spheric Guardian","floor":22.0,"turns":4.0},{"damage":60,"enemies":"Slavers","floor":23,"turns":4}],"seed_played":"3668197602285894512","potions_obtained":[{"floor":1.0,"key":"Dexterity Potion"},{"floor":4.0,"key":"BlessingOfTheForge"},{"floor":5.0,"key":"CultistPotion"}],"is_trial":false,"path_per_floor":["M","M","?","?","M","R","E","$","T","M","M","M","$","E","R","B",null,"M","?","$","?","M","E"],"character_chosen":"WATCHER","items_purchased":["Wallop","CutThroughFate","FollowUp"],"campfire_rested":0,"item_purchase_floors":[8,13,13],"current_hp_per_floor":[56,55,55,55,54,54,38,38,38,38,38,36,36,33,33,33,59,59,59,59,59,52,0,0],"gold":59,"neow_bonus":"RANDOM_COMMON_RELIC","is_daily":false,"chose_seed":false,"campfire_upgraded":2,"win_rate":0.0,"timestamp":1609441044,"path_taken":["M","M","?","?","M","R","E","$","T","M","?","M","$","E","R","BOSS","M","?","$","?","M","E"],"items_purchased_type":["Card","Card","Card"],"build_version":"2020-12-22","purchased_purges":0,"victory":false,"max_hp_per_floor":[68,68,68,68,68,68,68,68,68,68,68,68,68,68,68,68,68,68,68,68,68,68,68,68],"relic_stats":{"counters":[12,47],"Mummified Hand":[8],"Tiny Chest":0,"Pandora\u0027s Box":["SandsOfTime","ClearTheMind","Perseverance","SignatureMove","Vengeance","Pray","Prostrate","SandsOfTime"],"StoneCalendar":[0],"Pen Nib":[7],"Letter Opener":[48],"obtain_stats":[{"Mummified Hand":9,"Tiny Chest":14,"Pandora\u0027s Box":17,"StoneCalendar":19,"Pen Nib":0,"Letter Opener":7,"PureWater":0},{"Mummified Hand":4,"Tiny Chest":8,"Pandora\u0027s Box":9,"StoneCalendar":10,"Pen Nib":0,"Letter Opener":4,"PureWater":0},{"Mummified Hand":15,"Tiny Chest":30,"Pandora\u0027s Box":35,"StoneCalendar":39,"Pen Nib":0,"Letter Opener":15,"PureWater":0}]},"card_choices":[{"not_picked":["Indignation","JustLucky","Adaptation"],"picked":"SKIP","floor":1.0},{"not_picked":["SignatureMove","PathToVictory"],"picked":"FlyingSleeves","floor":2.0},{"not_picked":["DeceiveReality","Collect"],"picked":"Halt","floor":5.0},{"not_picked":["FlurryOfBlows","Adaptation"],"picked":"Devotion","floor":7.0},{"not_picked":["SashWhip","FlurryOfBlows"],"picked":"EmptyBody","floor":10.0},{"not_picked":["Evaluate","Nirvana","ClearTheMind"],"picked":"SKIP","floor":11.0},{"not_picked":["Wallop","Collect"],"picked":"Meditate","floor":12.0},{"not_picked":["WaveOfTheHand","Study"],"picked":"ReachHeaven","floor":14.0},{"not_picked":["Establishment","Alpha"],"picked":"SpiritShield","floor":16.0},{"not_picked":["SashWhip","Crescendo"],"picked":"FearNoEvil","floor":18.0},{"not_picked":["Tantrum","InnerPeace"],"picked":"Protect","floor":22.0}],"player_experience":534088,"relics_obtained":[{"floor":7.0,"key":"Letter Opener"},{"floor":9.0,"key":"Mummified Hand"},{"floor":14.0,"key":"Tiny Chest"}],"event_choices":[{"damage_healed":0.0,"max_hp_gain":0.0,"max_hp_loss":0.0,"gold_gain":0.0,"event_name":"The Cleric","player_choice":"Leave","floor":3.0,"gold_loss":0.0,"damage_taken":0.0},{"damage_healed":0.0,"max_hp_gain":0.0,"max_hp_loss":0.0,"gold_gain":0.0,"event_name":"Lab","player_choice":"Got Potions","floor":4.0,"gold_loss":0.0,"damage_taken":0.0},{"damage_healed":0.0,"max_hp_gain":0.0,"max_hp_loss":0.0,"gold_gain":0.0,"event_name":"Addict","player_choice":"Obtained Relic","floor":19.0,"gold_loss":85.0,"damage_taken":0.0,"relics_obtained":["StoneCalendar"]},{"damage_healed":0.0,"max_hp_gain":0.0,"max_hp_loss":0.0,"gold_gain":0.0,"event_name":"The Library","player_choice":"Read","floor":21.0,"gold_loss":0.0,"damage_taken":0.0,"cards_obtained":["Prostrate"]}],"is_beta":false,"boss_relics":[{"not_picked":["HolyWater","Runic Dome"],"picked":"Pandora\u0027s Box"}],"items_purged_floors":[],"is_endless":false,"potions_floor_spawned":[1,5,14,16,18],"killed_by":"Slavers","ascension_level":19}}