{"host":"1sep654oresgee70","time":1609375027,"event":{"mods":["2.2 Compatiblity","Aspiration","BaseMod","Better Altar","Better Match","Better Note","Better Sensory Stone","Better Skull","Better Third Choice","Better Vampires","Better-Laid Plans","BetterRewards","Block Reminder","Conspire","Curses Come First","Displayed Cursed Tome","Gold Saver","Hubris","Infinite Spire","Minty Spire (QoL Compilation)","Potion Indicator Mod","Red Circlet Mod","Replay The Spire","Shop Mod","Spicy Shops","StSLib","Thieving Mod","Transform Curses","UnlockEverythingMod"],"gold_per_floor":[1039,1054,1054,1069,20,20,35,35,60,75,75,75,75,90,90,190,190,205,9,24,24,1,1,1,1],"floor_reached":24,"playtime":718,"items_purged":[],"score":186,"play_id":"ac31ade5-1279-4ae4-bac7-8a002079b5b2","local_time":"20201231013707","daily_mods":["Heirloom","Time Dilation","Lethality"],"is_ascension_mode":false,"campfire_choices":[{"floor":6,"key":"REST"},{"floor":8,"key":"REST"},{"floor":13,"key":"REST"},{"data":"Apotheosis","floor":15,"key":"SMITH"},{"floor":23,"key":"REST"}],"circlet_count":0,"master_deck":["Strike_B","Strike_B","Strike_B","Strike_B","Defend_B","Defend_B","Defend_B","Zap","Dualcast","ReplayTheSpireMod:Dual Polarity","hubris:Ukulele+1","Crystallizer","Apotheosis+1","Turbo","Ball Lightning","Madness","Beam Cell","Leap","Mayhem","Violence","Swift Strike","Coolheaded","Steam","Self Repair","Mirror Shield","FTL","Ball Lightning","Auto Shields","Go for the Eyes"],"relics":["Cracked Core","Replay:Towering Pillar of Hats","ReplayTheSpireMod:ShopPack","hubris:ToyBattleship","Regal Pillow","aspiration:StickyExplosives_weak","aspiration:TomeofQuesting","Replay:WaspNest","Snecko Eye","Raider\u0027s Mask"],"acts_visited":["Exordium","TheCity"],"potions_floor_usage":[7,18,18,24],"damage_taken":[{"damage":0,"enemies":"Cultist","floor":1,"turns":4},{"damage":8,"enemies":"2 Louse","floor":2,"turns":2},{"damage":9,"enemies":"Jaw Worm","floor":4,"turns":2},{"damage":13,"enemies":"Exordium Thugs","floor":7,"turns":2},{"damage":0,"enemies":"Blue Slaver","floor":10,"turns":1},{"damage":0,"enemies":"Exordium Wildlife","floor":14,"turns":2},{"damage":38,"enemies":"Hexaghost","floor":16,"turns":5},{"damage":26,"enemies":"3 Byrds","floor":18,"turns":2},{"damage":40,"enemies":"Spheric Guardian","floor":20,"turns":5},{"damage":54,"enemies":"Slavers","floor":24,"turns":3}],"seed_played":"-5051420239723459148","potions_obtained":[{"floor":1,"key":"SkillPotion"},{"floor":4,"key":"DistilledChaos"},{"floor":10,"key":"SpeedPotion"},{"floor":16,"key":"LiquidMemories"}],"is_trial":false,"path_per_floor":["M","M","?","M","$","R","M","R","T","M","T","?","R","M","R","B",null,"M","$","M","$","$","R","E"],"character_chosen":"DEFECT","items_purchased":["Apotheosis","Turbo","ReplayTheSpireMod:ShopPack","hubris:ToyBattleship","Ball Lightning","Regal Pillow","aspiration:StickyExplosives_weak","Madness","Beam Cell","Leap","Raider\u0027s Mask","Ball Lightning","Go for the Eyes"],"campfire_rested":4,"item_purchase_floors":[5,5,5,5,5,5,5,5,5,5,19,19,22],"current_hp_per_floor":[75,67,67,58,58,75,62,75,75,75,75,75,75,75,75,47,75,56,56,16,16,16,53,0,0],"gold":1,"neow_bonus":"","is_daily":true,"chose_seed":false,"campfire_upgraded":1,"win_rate":0.0,"timestamp":1609375027,"path_taken":["M","?","?","M","$","R","M","R","T","?","?","?","R","M","R","BOSS","M","$","M","?","$","R","E"],"items_purchased_type":["Card","Card","Relic","Relic","Card","Relic","Relic","Card","Card","Card","Relic","Card","Card"],"build_version":"2020-12-22","purchased_purges":0,"victory":false,"max_hp_per_floor":[75,75,75,75,75,75,75,75,75,75,75,75,75,75,75,75,75,75,75,75,75,75,75,75,75],"card_choices":[{"not_picked":["ReplayTheSpireMod:Calculation Training","Compile Driver"],"picked":"ReplayTheSpireMod:Dual Polarity","floor":1},{"not_picked":["Sweeping Beam","Blizzard"],"picked":"hubris:Ukulele","floor":2},{"not_picked":["Blizzard","Stack"],"picked":"Crystallizer","floor":4},{"not_picked":["Master of Strategy","Apotheosis"],"picked":"Mayhem","floor":5},{"not_picked":["Specialist","hubris:Ssssneak"],"picked":"Violence","floor":5},{"not_picked":["Impatience","Madness"],"picked":"Swift Strike","floor":5},{"not_picked":["Go for the Eyes","Melter"],"picked":"Coolheaded","floor":7},{"not_picked":["Blizzard","Panic Button"],"picked":"Steam","floor":10},{"not_picked":["White Noise","Chill"],"picked":"Self Repair","floor":14},{"not_picked":["ReplayTheSpireMod:Fabricate Wheel","Seek"],"picked":"Mirror Shield","floor":16},{"not_picked":["ReplayTheSpireMod:Reroute Power","Compile Driver"],"picked":"FTL","floor":18},{"not_picked":["Melter","Ball Lightning"],"picked":"Auto Shields","floor":20}],"player_experience":2411814,"relics_obtained":[{"floor":9,"key":"aspiration:TomeofQuesting"},{"floor":11,"key":"Replay:WaspNest"}],"event_choices":[{"damage_healed":0,"gold_gain":0,"player_choice":"Upgraded","damage_taken":0,"max_hp_gain":0,"max_hp_loss":0,"event_name":"Upgrade Shrine","floor":3,"gold_loss":0,"cards_upgraded":["hubris:Ukulele"]},{"cards_removed":["Defend_B"],"damage_healed":0,"gold_gain":0,"player_choice":"Offered Basic","damage_taken":0,"max_hp_gain":0,"max_hp_loss":0,"event_name":"Bonfire Elementals","floor":12,"gold_loss":0}],"is_beta":false,"boss_relics":[{"not_picked":["hubris:CrackedHourglass","hubris:RunicObelisk"],"picked":"Snecko Eye"}],"items_purged_floors":[],"is_endless":false,"potions_floor_spawned":[1,4,10,16],"killed_by":"Slavers","ascension_level":0}}