{"host":"mvz90ilxx8epviq1","time":1609384754,"event":{"mods":["2.2 Compatiblity","Act Like it!","BaseMod","Better Note","Better Third Choice","Better Vampires","Clockwork Mod","Colored Map","Colored Powertips","Gensokyo","Hallownest","Hermit","Hubris","Marisa????????","Minty Spire (QoL Compilation)","Replay The Spire","Shop Mod","Spicy Shops","StSLib","The Alterego","The Bug Knight","The Construct","The Cursed","The Mystic","The Senshi","The Servant 0.9.4","The Wild Card","slay the spire mod where everything is the same but ironclad has a cowboy hat"],"gold_per_floor":[113,124,124,141,161,186,196,196,219,233,3,29,45,64,64,64,64],"floor_reached":16,"playtime":3198,"items_purged":["Defend_MRS"],"score":141,"play_id":"ecb4523c-2020-4e3e-b3f0-85653ec5bf80","local_time":"20201230221914","is_ascension_mode":false,"campfire_choices":[{"data":"FairyDestructionRay","floor":8,"key":"SMITH"},{"floor":15,"key":"REST"}],"circlet_count":0,"master_deck":["Strike_MRS","Strike_MRS","Strike_MRS","Strike_MRS","Defend_MRS","Defend_MRS","Defend_MRS","MasterSpark","UpSweep","ManaConvection","MysteriousBeam","DarkMatter","DoubleSpark","DarkSpark","FairyDestructionRay+1","MaximisePower","AlicesGift","GrandCross","DragonMeteor","IllusionStar","IllusionStar"],"relics":["MiniHakkero","Replay:Accelerometer","Omamori","MerchantsRug","Bag of Preparation"],"acts_visited":["Gensokyo:Gensokyo"],"potions_floor_usage":[7,14,16,16],"damage_taken":[{"damage":0,"enemies":"Gensokyo:3_Fairies","floor":1,"turns":4},{"damage":6,"enemies":"Gensokyo:Python","floor":2,"turns":3},{"damage":3,"enemies":"Gensokyo:2_Kodama","floor":4,"turns":2},{"damage":15,"enemies":"Gensokyo:CorruptedTreant","floor":5,"turns":3},{"damage":0,"enemies":"Gensokyo:Cirno","floor":6,"turns":4},{"damage":4,"enemies":"Gensokyo:Gryphon_and_Rabbit","floor":7,"turns":3},{"damage":0,"enemies":"Gensokyo:Kitsune","floor":10,"turns":2},{"damage":32,"enemies":"Gensokyo:Aya","floor":12,"turns":7},{"damage":0,"enemies":"Gensokyo:LivingMonolith","floor":13,"turns":2},{"damage":4,"enemies":"Gensokyo:3_Kodama","floor":14,"turns":3},{"damage":43,"enemies":"Gensokyo:Reimu","floor":16,"turns":4}],"seed_played":"4166205176477515262","potions_obtained":[{"floor":2,"key":"Elixir"},{"floor":5,"key":"AttackPotion"},{"floor":10,"key":"Strength Potion"},{"floor":13,"key":"Strength Potion"},{"floor":14,"key":"Toxic Potion"}],"is_trial":false,"path_per_floor":["M","M","?","M","M","E","M","R","T","M","$","E","M","M","R","B"],"character_chosen":"MARISA","items_purchased":["MerchantsRug"],"campfire_rested":1,"item_purchase_floors":[11],"current_hp_per_floor":[82,76,76,73,58,58,54,54,54,54,54,22,22,18,42,0,0],"gold":64,"neow_bonus":"TEN_PERCENT_HP_BONUS","is_daily":false,"chose_seed":false,"campfire_upgraded":1,"win_rate":0.0,"timestamp":1609384754,"path_taken":["M","M","?","?","M","E","M","R","T","?","?","E","M","M","R","BOSS"],"items_purchased_type":["Relic"],"build_version":"2020-12-22","purchased_purges":1,"victory":false,"max_hp_per_floor":[82,82,82,82,82,82,82,82,82,82,82,82,82,82,82,82,82],"card_choices":[{"not_picked":["IllusionStar","SporeBomb"],"picked":"ManaConvection","floor":1},{"not_picked":["EventHorizon","NonDirectionalLaser"],"picked":"MysteriousBeam","floor":2},{"not_picked":["ShootingEcho","NonDirectionalLaser"],"picked":"DarkMatter","floor":3},{"not_picked":["PowerUp","AsteroidBelt"],"picked":"DoubleSpark","floor":3},{"not_picked":["NonDirectionalLaser","PropBag"],"picked":"DarkSpark","floor":4},{"not_picked":["StarlightTyphoon","6A"],"picked":"FairyDestructionRay","floor":5},{"not_picked":["SuperPerseids","GrandCross"],"picked":"MaximisePower","floor":6},{"not_picked":["PropBag","DarkMatter"],"picked":"AlicesGift","floor":7},{"not_picked":["MilkyWay","LuminesStrike"],"picked":"GrandCross","floor":10},{"not_picked":["Acceleration","SuperPerseids"],"picked":"DragonMeteor","floor":12},{"not_picked":["DarkSpark","MeteoricShower"],"picked":"IllusionStar","floor":13},{"not_picked":["DC","PowerUp"],"picked":"IllusionStar","floor":14}],"player_experience":406518,"relics_obtained":[{"floor":6,"key":"Replay:Accelerometer"},{"floor":9,"key":"Omamori"},{"floor":12,"key":"Bag of Preparation"}],"event_choices":[],"is_beta":false,"boss_relics":[],"items_purged_floors":[11],"is_endless":false,"potions_floor_spawned":[2,5,10,13,14],"killed_by":"Gensokyo:Reimu","ascension_level":0}}