{"host":"640uue19m79c7wbt","time":1609394792,"event":{"mods":["BaseMod","Colored Map","Googly Eyes","Highlight Path","Minty Spire (QoL Compilation)","Quick Restart","StSLib"],"gold_per_floor":[118,68,68,68,68,104,118,118,163,179,218,233,233,248,248,376,439,455,475,22,40,58,58,102,102,102,117,117,140,171,2,2,2,2],"floor_reached":33,"playtime":1895,"items_purged":[],"score":382,"play_id":"c634c713-2453-40b1-9c45-adf1ac0afd1c","local_time":"20201231010632","is_ascension_mode":true,"campfire_choices":[{"data":"Adrenaline","floor":8.0,"key":"SMITH"},{"data":"Bouncing Flask","floor":13.0,"key":"SMITH"},{"data":"Endless Agony","floor":15.0,"key":"SMITH"},{"floor":23.0,"key":"REST"},{"floor":25,"key":"REST"},{"floor":28,"key":"REST"},{"data":"Secret Technique","floor":32,"key":"SMITH"}],"circlet_count":0,"master_deck":["Strike_G","Strike_G","Strike_G","Strike_G","Defend_G","Defend_G","Defend_G+1","Defend_G","Defend_G","Survivor","Neutralize","Backstab","Adrenaline+1","Well Laid Plans","Endless Agony+1","Blur","Bouncing Flask+1","Backstab","Burst","Underhanded Strike","Caltrops+1","Slice","Poisoned Stab","Backstab","Glass Knife","PiercingWail","Prepared+1","Grand Finale","Secret Technique+1"],"relics":["Ring of the Snake","NeowsBlessing","Golden Idol","Tough Bandages","Bag of Marbles","PreservedInsect","Tiny House","Vajra","Strange Spoon","Bronze Scales","Bottled Lightning","Smiling Mask"],"acts_visited":["Exordium","TheCity"],"potions_floor_usage":[27],"damage_taken":[{"damage":0.0,"enemies":"Jaw Worm","floor":1.0,"turns":1.0},{"damage":0.0,"enemies":"Lagavulin","floor":6.0,"turns":1.0},{"damage":0.0,"enemies":"2 Louse","floor":7.0,"turns":1.0},{"damage":0.0,"enemies":"Cultist","floor":10.0,"turns":2.0},{"damage":21.0,"enemies":"3 Sentries","floor":11.0,"turns":12.0},{"damage":0.0,"enemies":"Large Slime","floor":12.0,"turns":4.0},{"damage":0.0,"enemies":"Gremlin Gang","floor":14.0,"turns":3.0},{"damage":14.0,"enemies":"Slime Boss","floor":16.0,"turns":11.0},{"damage":12.0,"enemies":"Chosen","floor":18.0,"turns":3.0},{"damage":3.0,"enemies":"Shell Parasite","floor":19.0,"turns":2.0},{"damage":38.0,"enemies":"Chosen and Byrds","floor":21.0,"turns":4.0},{"damage":26.0,"enemies":"Centurion and Healer","floor":22.0,"turns":4.0},{"damage":17.0,"enemies":"Gremlin Leader","floor":24.0,"turns":5.0},{"damage":2,"enemies":"Shelled Parasite and Fungi","floor":27,"turns":3},{"damage":0,"enemies":"3 Cultists","floor":29,"turns":4},{"damage":0,"enemies":"Slavers","floor":30,"turns":2},{"damage":67,"enemies":"Collector","floor":33,"turns":7}],"seed_played":"-5055263456217876615","potions_obtained":[{"floor":1.0,"key":"Swift Potion"},{"floor":4.0,"key":"Regen Potion"},{"floor":4.0,"key":"Block Potion"},{"floor":14.0,"key":"Block Potion"},{"floor":16.0,"key":"FearPotion"},{"floor":17.0,"key":"Fruit Juice"},{"floor":18.0,"key":"LiquidMemories"},{"floor":21.0,"key":"Regen Potion"},{"floor":24,"key":"PowerPotion"},{"floor":29,"key":"Explosive Potion"}],"is_trial":false,"path_per_floor":["M","?","?","?","$","E","M","R","T","M","E","M","R","M","R","B",null,"M","M","$","M","M","R","E","R","T","M","R","M","E","$","R","B"],"character_chosen":"THE_SILENT","items_purchased":["Vajra","Strange Spoon","Bronze Scales","Secret Technique"],"campfire_rested":3,"item_purchase_floors":[20,20,20,31],"current_hp_per_floor":[70,70,53,53,53,53,53,53,53,53,47,47,47,47,47,33,80,68,65,65,27,13,37,20,44,44,42,66,66,66,66,66,0,0],"gold":2,"neow_bonus":"THREE_ENEMY_KILL","is_daily":false,"chose_seed":false,"campfire_upgraded":4,"win_rate":0.0,"timestamp":1609394792,"path_taken":["M","?","?","?","$","E","M","R","T","M","E","M","R","M","R","BOSS","M","M","$","?","M","R","E","R","T","M","R","M","E","$","R","BOSS"],"items_purchased_type":["Relic","Relic","Relic","Card"],"build_version":"2020-12-22","purchased_purges":0,"victory":false,"max_hp_per_floor":[70,70,70,70,70,70,70,70,70,70,70,70,70,70,70,70,80,80,80,80,80,80,80,80,80,80,80,80,80,80,80,80,80,80],"card_choices":[{"not_picked":["Flechettes","Infinite Blades"],"picked":"Backstab","floor":1.0},{"not_picked":["Dodge and Roll","All Out Attack"],"picked":"Adrenaline","floor":6.0},{"not_picked":["Setup","Outmaneuver"],"picked":"Well Laid Plans","floor":7.0},{"not_picked":["Quick Slash","Deflect"],"picked":"Endless Agony","floor":10.0},{"not_picked":["Flying Knee","Endless Agony"],"picked":"Blur","floor":11.0},{"not_picked":["Bane","Flying Knee"],"picked":"Bouncing Flask","floor":12.0},{"not_picked":["Skewer","Concentrate"],"picked":"Backstab","floor":14.0},{"not_picked":["Wraith Form v2","Envenom"],"picked":"Burst","floor":16.0},{"not_picked":["Quick Slash","Footwork"],"picked":"Underhanded Strike","floor":17.0},{"not_picked":["Deadly Poison","Concentrate+1"],"picked":"Caltrops+1","floor":18.0},{"not_picked":["Setup","Sucker Punch"],"picked":"Slice","floor":19.0},{"not_picked":["Deflect","Bane"],"picked":"Poisoned Stab","floor":21.0},{"not_picked":["Expertise+1","Blade Dance"],"picked":"Backstab","floor":22.0},{"not_picked":["Flying Knee","PiercingWail"],"picked":"Glass Knife","floor":24},{"not_picked":["Slice","All Out Attack"],"picked":"PiercingWail","floor":27},{"not_picked":["Masterful Stab","Cloak And Dagger"],"picked":"Prepared+1","floor":29},{"not_picked":["Choke","PiercingWail"],"picked":"Grand Finale","floor":30}],"player_experience":528034,"relics_obtained":[{"floor":6.0,"key":"Tough Bandages"},{"floor":9.0,"key":"Bag of Marbles"},{"floor":11.0,"key":"PreservedInsect"},{"floor":24,"key":"Bottled Lightning"},{"floor":30,"key":"Smiling Mask"}],"event_choices":[{"cards_removed":["Strike_G"],"damage_healed":0.0,"max_hp_gain":0.0,"max_hp_loss":0.0,"gold_gain":0.0,"event_name":"The Cleric","player_choice":"Card Removal","floor":2.0,"gold_loss":50.0,"damage_taken":0.0},{"damage_healed":0.0,"max_hp_gain":0.0,"max_hp_loss":0.0,"gold_gain":0.0,"event_name":"Golden Idol","player_choice":"Take Damage","floor":3.0,"gold_loss":0.0,"damage_taken":17.0,"relics_obtained":["Golden Idol"]},{"damage_healed":0.0,"max_hp_gain":0.0,"max_hp_loss":0.0,"gold_gain":0.0,"event_name":"Lab","player_choice":"Got Potions","floor":4.0,"gold_loss":0.0,"damage_taken":0.0}],"is_beta":false,"boss_relics":[{"not_picked":["Philosopher\u0027s Stone","Pandora\u0027s Box"],"picked":"Tiny House"}],"items_purged_floors":[],"is_endless":false,"potions_floor_spawned":[1,6,14,16,18,21,24,29],"killed_by":"Collector","ascension_level":2}}