{"host":"cgv4xfjbrthxr81g","time":1609376057,"event":{"mods":["2.2 Compatiblity","Act Like it!","BaseMod","Bestiary","Better Altar","Better Match","Better Note","Better Sensory Stone","Better Skull","Better Third Choice","BetterRewards","Block Reminder","Card Forge","Clawfect","Colored Map","Colored Powertips","Curses Come First","DeckTracker","Defuse TimeMaze Blight","Downfall","Energized Spire","Evolution","Friendly Minions","Hallownest","Highlight Path","Hubris","Infinite Spire","Mimic Mod","Minty Spire (QoL Compilation)","Permanent Neow","Quick Restart","Rare Cards Sparkle","Relic Sorter","Relic Stats","Replay The Spire","Robot Space Explorer","Shop Mod","Spicy Shops","StSLib","SuperFastMode","The Bug Knight","The Caster","The Construct","The Jungle","TheVacant","Uncapped","Wandering Minibosses"],"gold_per_floor":[111,126,126,138,162,174,221,233,294,324,261,273,285,297,21,47,47,47,47],"floor_reached":18,"playtime":566,"items_purged":[],"score":113,"play_id":"4983abb1-e676-4eff-95b3-9cf891c64785","local_time":"20201230195417","is_ascension_mode":true,"campfire_choices":[{"data":"construct:AttackMode","floor":6,"key":"SMITH"},{"floor":8,"key":"REST"},{"floor":17,"key":"DIG"}],"circlet_count":0,"master_deck":["construct:SweepLaser","construct:Strike_Gold","construct:Strike_Gold","construct:Strike_Gold","construct:Strike_Gold","construct:Defend_Gold","construct:Defend_Gold","construct:Defend_Gold","construct:Defend_Gold","construct:Defend_Gold","construct:AttackMode+1","construct:DefenseMode","construct:ShiftStrike","construct:Reinforce","construct:Hazardproof","construct:Reinforce"],"relics":["construct:Cogwheel","Seething Fire","hubris:Icosahedron","construct:Challenge1","Hammer of Thor","Anvil of the Gods","EVO:Axolotl","Torii","Centennial Puzzle","hubris:Towel","MerchantsRug","Replay:WaspNest","Odd Mushroom","HollowMod:PaleOreRelic"],"acts_visited":["Exordium"],"potions_floor_usage":[],"damage_taken":[{"damage":2,"enemies":"Jaw Worm","floor":1,"turns":4},{"damage":0,"enemies":"2 Louse","floor":2,"turns":3},{"damage":16,"enemies":"Cultist","floor":5,"turns":5},{"damage":26,"enemies":"Lagavulin","floor":7,"turns":5},{"damage":14,"enemies":"Large Slime","floor":10,"turns":7},{"damage":30,"enemies":"The Mushroom Lair","floor":16,"turns":6},{"damage":18,"enemies":"Fading Forest","floor":18,"turns":4}],"seed_played":"-5668463167451633207","potions_obtained":[{"floor":1,"key":"Adrenaline Potion"},{"floor":2,"key":"Dexterity Potion"},{"floor":10,"key":"AttackPotion"}],"is_trial":false,"path_per_floor":["M","M","?","?","M","R","E","R","T","M","?","?","PTL","PTL","$","?","R_BF","B"],"character_chosen":"THE_CONSTRUCT_MOD","items_purchased":["MerchantsRug","Replay:WaspNest"],"campfire_rested":1,"item_purchase_floors":[15,15],"current_hp_per_floor":[83,83,76,76,60,60,34,59,59,45,45,45,45,45,45,15,15,0,0],"gold":47,"neow_bonus":"ONE_RARE_RELIC","is_daily":false,"chose_seed":false,"campfire_upgraded":1,"win_rate":0.0,"timestamp":1609376057,"path_taken":["M","M","?","?","?","R","E","R","T","M","?","?","PTL","PTL","$","?","R_BF","BOSS"],"items_purchased_type":["Relic","Relic"],"build_version":"2020-12-22","purchased_purges":0,"victory":false,"max_hp_per_floor":[85,85,85,85,85,85,85,85,85,85,85,85,85,85,85,85,85,85,85],"relic_stats":{"Centennial Puzzle":[6],"Torii":7,"counters":[7,34],"obtain_stats":[{"MerchantsRug":15,"Torii":0,"Hammer of Thor":0,"Replay:WaspNest":15,"EVO:Axolotl":0,"Seething Fire":0,"hubris:Towel":12,"Odd Mushroom":16,"MawBank":3,"construct:Challenge1":0,"Centennial Puzzle":7,"Replay:Baseball":9,"hubris:Icosahedron":4,"Anvil of the Gods":0,"construct:Cogwheel":0,"HollowMod:PaleOreRelic":17},{"MerchantsRug":5,"Torii":0,"Hammer of Thor":0,"Replay:WaspNest":5,"EVO:Axolotl":0,"Seething Fire":0,"hubris:Towel":5,"Odd Mushroom":6,"MawBank":2,"construct:Challenge1":0,"Centennial Puzzle":4,"Replay:Baseball":4,"hubris:Icosahedron":2,"Anvil of the Gods":0,"construct:Cogwheel":0,"HollowMod:PaleOreRelic":6},{"MerchantsRug":24,"Torii":0,"Hammer of Thor":0,"Replay:WaspNest":24,"EVO:Axolotl":0,"Seething Fire":0,"hubris:Towel":24,"Odd Mushroom":30,"MawBank":7,"construct:Challenge1":0,"Centennial Puzzle":17,"Replay:Baseball":17,"hubris:Icosahedron":7,"Anvil of the Gods":0,"construct:Cogwheel":0,"HollowMod:PaleOreRelic":30}]},"card_choices":[{"not_picked":["construct:Isolate","construct:ScrapCannon","construct:ElectricArmor"],"picked":"SKIP","floor":1},{"not_picked":["construct:Analyze","construct:VentSteam","construct:Stasis"],"picked":"SKIP","floor":2},{"not_picked":["construct:CripplingShot","construct:Forcefield"],"picked":"construct:ShiftStrike","floor":5},{"not_picked":["construct:PowerUp","construct:Tumble"],"picked":"construct:Reinforce","floor":7},{"not_picked":["construct:SuppressiveFire","construct:ClusterMines"],"picked":"construct:Hazardproof","floor":10},{"not_picked":["construct:BatteryAcid","construct:UnbalancingBlast"],"picked":"construct:Reinforce","floor":16}],"player_experience":86186,"relics_obtained":[{"floor":7,"key":"Centennial Puzzle"},{"floor":9,"key":"Replay:Baseball"},{"floor":16,"key":"Odd Mushroom"},{"floor":17,"key":"HollowMod:PaleOreRelic"}],"event_choices":[{"damage_healed":0,"gold_gain":0,"player_choice":"Relic ","damage_taken":7,"max_hp_gain":0,"max_hp_loss":0,"event_name":"betterThird:BetterScrap","floor":3,"gold_loss":0,"cards_obtained":["Sever Soul"]},{"damage_healed":0,"gold_gain":0,"player_choice":"3","damage_taken":0,"max_hp_gain":0,"max_hp_loss":0,"event_name":"betterMatch:BetterMatch","floor":11,"gold_loss":0,"cards_obtained":[]},{"damage_healed":0,"gold_gain":0,"player_choice":"Fought Mushrooms","damage_taken":0,"max_hp_gain":0,"max_hp_loss":0,"event_name":"Mushrooms","floor":16,"gold_loss":0}],"is_beta":false,"boss_relics":[],"items_purged_floors":[],"is_endless":false,"potions_floor_spawned":[1,2,10],"killed_by":"Fading Forest","ascension_level":1}}