{"host":"hkfd27larxvbrzdx","time":1609423159,"event":{"mods":["AchievementEnabler","BaseMod","Colored Map","Colored Powertips","DeckTracker","Minty Spire (QoL Compilation)"],"gold_per_floor":[114,114,133,147,147,147,181,192,192,192,217,237,113,125,125,227,227,241,241,256,256,256],"floor_reached":21,"playtime":1580,"items_purged":["Strike_B"],"score":210,"play_id":"9df1626e-7893-4a2b-b049-71a1f7731748","local_time":"20201231215919","is_ascension_mode":true,"campfire_choices":[{"data":"Apotheosis","floor":6,"key":"SMITH"},{"data":"Zap","floor":10,"key":"SMITH"},{"floor":15,"key":"REST"}],"circlet_count":0,"master_deck":["Strike_B","Strike_B","Defend_B","Defend_B","Defend_B","Defend_B","Zap+1","Dualcast","Apotheosis+1","Melter","Leap","Redo","Compile Driver","Biased Cognition+1","Steam","Barrage","Conserve Battery","Hyperbeam","Hologram+1"],"relics":["Cracked Core","Sundial","Shuriken","Frozen Egg 2","Philosopher\u0027s Stone"],"acts_visited":["Exordium","TheCity"],"potions_floor_usage":[7],"damage_taken":[{"damage":0,"enemies":"Small Slimes","floor":1,"turns":4},{"damage":7,"enemies":"Jaw Worm","floor":3,"turns":3},{"damage":0,"enemies":"Cultist","floor":4,"turns":3},{"damage":18,"enemies":"Gremlin Nob","floor":7,"turns":4},{"damage":0,"enemies":"Looter","floor":8,"turns":2},{"damage":12,"enemies":"3 Sentries","floor":11,"turns":6},{"damage":6,"enemies":"Lots of Slimes","floor":12,"turns":3},{"damage":0,"enemies":"2 Fungi Beasts","floor":14,"turns":2},{"damage":32,"enemies":"Hexaghost","floor":16,"turns":11},{"damage":33,"enemies":"3 Byrds","floor":18,"turns":4},{"damage":11,"enemies":"2 Thieves","floor":20,"turns":4},{"damage":30,"enemies":"Snake Plant","floor":21,"turns":2}],"seed_played":"-5500411672145385256","potions_obtained":[{"floor":3,"key":"Swift Potion"},{"floor":4,"key":"Regen Potion"},{"floor":8,"key":"Strength Potion"},{"floor":11,"key":"SneckoOil"},{"floor":14,"key":"FearPotion"},{"floor":18,"key":"FocusPotion"}],"is_trial":false,"path_per_floor":["M","?","M","M","?","R","E","M","T","R","E","M","$","M","R","B",null,"M","?","M","M"],"character_chosen":"DEFECT","items_purchased":["Barrage"],"campfire_rested":1,"item_purchase_floors":[13],"current_hp_per_floor":[68,61,54,54,59,59,50,50,50,50,38,32,32,32,53,21,73,40,40,29,0,0],"gold":256,"neow_bonus":"RANDOM_COLORLESS_2","is_daily":false,"chose_seed":false,"campfire_upgraded":2,"win_rate":0.0,"timestamp":1609423159,"path_taken":["M","?","M","M","?","R","E","M","T","R","E","M","$","M","R","BOSS","M","?","M","?"],"items_purchased_type":["Card"],"build_version":"2020-12-22","purchased_purges":1,"victory":false,"max_hp_per_floor":[68,68,68,68,73,73,73,73,73,73,73,73,73,73,73,73,73,73,73,73,73,73],"card_choices":[{"not_picked":["Mayhem","Thinking Ahead"],"picked":"Apotheosis","floor":0},{"not_picked":["Redo","Gash"],"picked":"Melter","floor":1},{"not_picked":["Force Field","Ball Lightning"],"picked":"Leap","floor":3},{"not_picked":["Machine Learning","Hello World","Tempest"],"picked":"SKIP","floor":4},{"not_picked":["Scrape","Rebound"],"picked":"Redo","floor":7},{"not_picked":["Leap","Static Discharge"],"picked":"Compile Driver","floor":8},{"not_picked":["Reprogram","Fusion"],"picked":"Biased Cognition+1","floor":11},{"not_picked":["Scrape","Redo"],"picked":"Steam","floor":12},{"not_picked":["Steam","Gash"],"picked":"Conserve Battery","floor":14},{"not_picked":["Amplify","Thunder Strike"],"picked":"Hyperbeam","floor":16},{"not_picked":["Steam+1","Compile Driver","Beam Cell"],"picked":"SKIP","floor":18},{"not_picked":["Recycle","Rebound"],"picked":"Hologram+1","floor":20}],"player_experience":181655,"relics_obtained":[{"floor":7,"key":"Sundial"},{"floor":9,"key":"Shuriken"},{"floor":11,"key":"Frozen Egg 2"}],"event_choices":[{"cards_removed":["Strike_B"],"damage_healed":0,"gold_gain":0,"player_choice":"Card Removal","damage_taken":7,"max_hp_gain":0,"max_hp_loss":0,"event_name":"Golden Wing","floor":2,"gold_loss":0},{"damage_healed":0,"gold_gain":0,"player_choice":"Donut","damage_taken":0,"max_hp_gain":5,"max_hp_loss":0,"event_name":"Big Fish","floor":5,"gold_loss":0},{"damage_healed":0,"gold_gain":0,"player_choice":"Ignored","damage_taken":0,"max_hp_gain":0,"max_hp_loss":0,"event_name":"Duplicator","floor":19,"gold_loss":0}],"is_beta":false,"boss_relics":[{"not_picked":["Coffee Dripper","SlaversCollar"],"picked":"Philosopher\u0027s Stone"}],"items_purged_floors":[13],"is_endless":false,"potions_floor_spawned":[3,4,8,11,14,18,20],"killed_by":"Snake Plant","ascension_level":2}}