{"host":"qc268ltokmxwqyrx","time":1609381599,"event":{"mods":["BaseMod","Colored Map","Colored Powertips","Minty Spire (QoL Compilation)","Relic Stats","Slay the Relics Exporter","StSLib","ojb\u0027s Info Mod"],"gold_per_floor":[111,111,125,125,144,144,169,179,179,179,191,224,240,54,54,128,128,148,63,63,63,75,109,55,88,134,150,150,150,163,163,163,240,240,253,271,296,41,57,57,86,86,86],"floor_reached":42,"playtime":2228,"items_purged":["Strike_G"],"score":1052,"play_id":"2ccefa1c-96b1-4afb-b9ef-e1a4912f1e84","local_time":"20201230202639","is_ascension_mode":true,"campfire_choices":[{"data":"Poisoned Stab","floor":6.0,"key":"SMITH"},{"floor":10.0,"key":"REST"},{"data":"Bouncing Flask","floor":15.0,"key":"SMITH"},{"data":"Calculated Gamble","floor":29.0,"key":"SMITH"},{"data":"Leg Sweep","floor":32.0,"key":"SMITH"},{"floor":40.0,"key":"REST"}],"circlet_count":0,"master_deck":["AscendersBane","Strike_G","Strike_G+1","Strike_G","Defend_G","Defend_G","Defend_G","Defend_G","Defend_G","Survivor","Neutralize+1","Poisoned Stab+1","PiercingWail","Poisoned Stab","Predator","Calculated Gamble+1","Noxious Fumes+1","Bouncing Flask+1","Prepared","Footwork+1","Deflect","Leg Sweep+1","Backflip","Outmaneuver","Acrobatics","Corpse Explosion","Noxious Fumes+1","Reflex","Footwork+1"],"relics":["Ring of the Serpent","NeowsBlessing","Tough Bandages","Frozen Egg 2","Bottled Flame","Art of War","StoneCalendar","InkBottle","Anchor","Sozu","WingedGreaves","Medical Kit","Meat on the Bone"],"acts_visited":["Exordium","TheCity","TheBeyond"],"potions_floor_usage":[],"damage_taken":[{"damage":0.0,"enemies":"Small Slimes","floor":1.0,"turns":1.0},{"damage":0.0,"enemies":"2 Louse","floor":3.0,"turns":1.0},{"damage":0.0,"enemies":"Cultist","floor":5.0,"turns":1.0},{"damage":22.0,"enemies":"3 Sentries","floor":7.0,"turns":10.0},{"damage":14.0,"enemies":"Red Slaver","floor":8.0,"turns":4.0},{"damage":3.0,"enemies":"Looter","floor":11.0,"turns":3.0},{"damage":0.0,"enemies":"Gremlin Nob","floor":12.0,"turns":3.0},{"damage":0.0,"enemies":"Large Slime","floor":13.0,"turns":4.0},{"damage":15.0,"enemies":"Hexaghost","floor":16.0,"turns":8.0},{"damage":0.0,"enemies":"Chosen","floor":18.0,"turns":4.0},{"damage":3.0,"enemies":"Shell Parasite","floor":22.0,"turns":6.0},{"damage":55.0,"enemies":"Book of Stabbing","floor":23.0,"turns":9.0},{"damage":0.0,"enemies":"Gremlin Leader","floor":25.0,"turns":9.0},{"damage":1.0,"enemies":"Snecko","floor":27.0,"turns":5.0},{"damage":10.0,"enemies":"Centurion and Healer","floor":30.0,"turns":7.0},{"damage":32.0,"enemies":"Champ","floor":33.0,"turns":13.0},{"damage":0.0,"enemies":"3 Darklings","floor":35.0,"turns":5.0},{"damage":10.0,"enemies":"Orb Walker","floor":36.0,"turns":4.0},{"damage":0.0,"enemies":"Mind Bloom Boss Battle","floor":37.0,"turns":7.0},{"damage":30.0,"enemies":"Jaw Worm Horde","floor":39.0,"turns":3.0},{"damage":17.0,"enemies":"Nemesis","floor":41.0,"turns":7.0},{"damage":45,"enemies":"Reptomancer","floor":42,"turns":5}],"seed_played":"2666917305080423134","potions_obtained":[{"floor":3.0,"key":"Poison Potion"},{"floor":8.0,"key":"Strength Potion"},{"floor":16.0,"key":"LiquidMemories"},{"floor":27.0,"key":"PowerPotion"},{"floor":33.0,"key":"Weak Potion"}],"is_trial":false,"path_per_floor":["M","?","M","?","M","R","E","M","T","R","M","E","M","$","R","B",null,"M","?","?","$","M","E","$","E","T","M","?","R","M","?","R","B",null,"M","M","?","$","M","R","E","E"],"character_chosen":"THE_SILENT","items_purchased":["Prepared","Regen Potion","AttackPotion","Footwork+1","Medical Kit"],"campfire_rested":2,"item_purchase_floors":[14,14,24,38,38],"current_hp_per_floor":[59,39,39,39,39,39,17,3,3,22,19,19,19,19,19,4,51,51,51,51,51,48,8,8,8,8,7,76,76,66,66,66,34,66,66,56,56,56,26,48,31,0,0],"gold":86,"neow_bonus":"THREE_ENEMY_KILL","is_daily":false,"chose_seed":false,"campfire_upgraded":4,"win_rate":0.0,"timestamp":1609381599,"path_taken":["M","?","M","?","?","R","E","M","T","R","M","E","M","?","R","BOSS","M","?","?","?","M","E","$","E","T","?","?","R","?","?","R","BOSS","M","M","?","$","M","R","E","E"],"items_purchased_type":["Card","Potion","Potion","Card","Relic"],"build_version":"2020-12-22","purchased_purges":1,"victory":false,"max_hp_per_floor":[66,66,66,66,66,66,66,66,66,66,66,66,66,66,66,66,66,66,66,66,66,66,66,66,66,66,66,76,76,76,76,76,76,76,76,76,76,76,76,76,76,76,76],"relic_stats":{"Sozu":2,"Tough Bandages":[462],"counters":[22,119],"StoneCalendar":[235],"Art of War":[15],"Medical Kit":[7],"obtain_stats":[{"NeowsBlessing":0,"StoneCalendar":23,"Frozen Egg 2":9,"Medical Kit":38,"Sozu":34,"Tough Bandages":7,"Bottled Flame":12,"Anchor":26,"WingedGreaves":37,"Art of War":19,"Ring of the Serpent":17,"InkBottle":25,"Ring of the Snake":0,"Meat on the Bone":41},{"NeowsBlessing":0,"StoneCalendar":12,"Frozen Egg 2":5,"Medical Kit":19,"Sozu":16,"Tough Bandages":4,"Bottled Flame":7,"Anchor":13,"WingedGreaves":19,"Art of War":10,"Ring of the Serpent":9,"InkBottle":13,"Ring of the Snake":0,"Meat on the Bone":21},{"NeowsBlessing":0,"StoneCalendar":54,"Frozen Egg 2":17,"Medical Kit":104,"Sozu":88,"Tough Bandages":13,"Bottled Flame":23,"Anchor":63,"WingedGreaves":104,"Art of War":39,"Ring of the Serpent":35,"InkBottle":63,"Ring of the Snake":0,"Meat on the Bone":114}],"InkBottle":[23],"Meat on the Bone":0},"card_choices":[{"not_picked":["Acrobatics","Dagger Spray"],"picked":"Poisoned Stab","floor":1.0},{"not_picked":["Sucker Punch","Poisoned Stab"],"picked":"PiercingWail","floor":3.0},{"not_picked":["Backflip","Underhanded Strike"],"picked":"Poisoned Stab","floor":5.0},{"not_picked":["Skewer","Finisher","Blur"],"picked":"SKIP","floor":7.0},{"not_picked":["Masterful Stab","Blade Dance"],"picked":"Predator","floor":8.0},{"not_picked":["Dagger Spray","Sucker Punch"],"picked":"Calculated Gamble","floor":11.0},{"not_picked":["Bane","Infinite Blades+1"],"picked":"Noxious Fumes+1","floor":12.0},{"not_picked":["Dagger Spray","Deadly Poison"],"picked":"Bouncing Flask","floor":13.0},{"not_picked":["Die Die Die","Glass Knife"],"picked":"Grand Finale","floor":16.0},{"not_picked":["Distraction","Bane","Flying Knee"],"picked":"SKIP","floor":18.0},{"not_picked":["Bane","Deflect","Riddle With Holes"],"picked":"SKIP","floor":22.0},{"not_picked":["Bane","Riddle With Holes"],"picked":"Deflect","floor":22.0},{"not_picked":["Predator","Deadly Poison"],"picked":"Leg Sweep","floor":23.0},{"not_picked":["Dodge and Roll","Quick Slash"],"picked":"Backflip","floor":25.0},{"not_picked":["Dodge and Roll","Underhanded Strike"],"picked":"Outmaneuver","floor":27.0},{"not_picked":["Dodge and Roll","Phantasmal Killer"],"picked":"Acrobatics","floor":30.0},{"not_picked":["Grand Finale","Unload"],"picked":"Corpse Explosion","floor":33.0},{"not_picked":["Quick Slash","Bane"],"picked":"Noxious Fumes+1","floor":35.0},{"not_picked":["Deflect","Masterful Stab"],"picked":"Reflex","floor":36.0},{"not_picked":["Deadly Poison","Flechettes","Prepared"],"picked":"SKIP","floor":39.0},{"not_picked":["Deadly Poison","Flechettes","Prepared"],"picked":"SKIP","floor":39.0},{"not_picked":["Quick Slash","Reflex","Malaise"],"picked":"SKIP","floor":41.0}],"player_experience":1771798,"relics_obtained":[{"floor":7.0,"key":"Tough Bandages"},{"floor":9.0,"key":"Frozen Egg 2"},{"floor":12.0,"key":"Bottled Flame"},{"floor":23.0,"key":"StoneCalendar"},{"floor":25.0,"key":"InkBottle"},{"floor":26.0,"key":"Anchor"},{"floor":37.0,"key":"WingedGreaves"},{"floor":41.0,"key":"Meat on the Bone"}],"event_choices":[{"damage_healed":0.0,"max_hp_gain":0.0,"max_hp_loss":0.0,"gold_gain":0.0,"event_name":"Shining Light","player_choice":"Entered Light","floor":2.0,"gold_loss":0.0,"damage_taken":20.0,"cards_upgraded":["Strike_G","Neutralize"]},{"cards_removed":["Strike_G"],"damage_healed":0.0,"max_hp_gain":0.0,"max_hp_loss":0.0,"gold_gain":0.0,"event_name":"Purifier","player_choice":"Purged","floor":4.0,"gold_loss":0.0,"damage_taken":0.0},{"damage_healed":0.0,"max_hp_gain":0.0,"max_hp_loss":0.0,"gold_gain":0.0,"event_name":"Addict","player_choice":"Obtained Relic","floor":19.0,"gold_loss":85.0,"damage_taken":0.0,"relics_obtained":["Art of War"]},{"damage_healed":0.0,"max_hp_gain":0.0,"max_hp_loss":0.0,"gold_gain":0.0,"event_name":"The Library","player_choice":"Read","floor":20.0,"gold_loss":0.0,"damage_taken":0.0,"cards_obtained":["Footwork"]},{"cards_removed":["Grand Finale"],"damage_healed":59.0,"max_hp_gain":10.0,"max_hp_loss":0.0,"gold_gain":0.0,"event_name":"Bonfire Elementals","player_choice":"Offered Rare","floor":28.0,"gold_loss":0.0,"damage_taken":0.0},{"damage_healed":0.0,"max_hp_gain":0.0,"max_hp_loss":0.0,"gold_gain":0.0,"event_name":"The Mausoleum","player_choice":"Ignored","floor":31.0,"gold_loss":0.0,"damage_taken":0.0},{"damage_healed":0.0,"max_hp_gain":0.0,"max_hp_loss":0.0,"gold_gain":0.0,"event_name":"MindBloom","player_choice":"Fight","floor":37.0,"gold_loss":0.0,"damage_taken":0.0}],"is_beta":false,"boss_relics":[{"not_picked":["HoveringKite","Tiny House"],"picked":"Ring of the Serpent"},{"not_picked":["SacredBark","Calling Bell"],"picked":"Sozu"}],"items_purged_floors":[14],"is_endless":false,"potions_floor_spawned":[3,8,16,18,27,33,35,41],"killed_by":"Reptomancer","ascension_level":20}}