{"host":"5hj512uv6i1x1iks","time":1609380367,"event":{"mods":["BaseMod","Colored Powertips","Minty Spire (QoL Compilation)","Random Character Button","Rare Cards Sparkle","Relic Stats","StSLib","ojb\u0027s Better Paths Mod","ojb\u0027s Info Mod"],"gold_per_floor":[113,131,131,151,165,191,191,209,209,244,209,243,243,258,258,351,351,370,0,0,14,14,14,29,58,58,68,68,68,78,78,78,157,157,167,167,15,33,52,52,81,81,106,123,156,169,179,138,138,138],"floor_reached":51,"playtime":2471,"items_purged":["CarveReality"],"score":1426,"play_id":"c59de53a-2ac8-4bc8-b42b-8909d25bfba8","local_time":"20201230200607","is_ascension_mode":true,"campfire_choices":[{"data":"Vigilance","floor":7.0,"key":"SMITH"},{"data":"TalkToTheHand","floor":15.0,"key":"SMITH"},{"data":"Vengeance","floor":23.0,"key":"SMITH"},{"data":"CrushJoints","floor":28.0,"key":"SMITH"},{"data":"Meditate","floor":32.0,"key":"SMITH"},{"data":"Blasphemy","floor":40.0,"key":"SMITH"},{"data":"TalkToTheHand","floor":42,"key":"SMITH"},{"data":"Vault","floor":49,"key":"SMITH"}],"circlet_count":0,"master_deck":["AscendersBane","Eruption","Vigilance+1","TalkToTheHand+1","FollowUp","BattleHymn+1","ConjureBlade","SashWhip+1","Evaluate","CutThroughFate+1","WaveOfTheHand","EmptyFist+1","SandsOfTime","Swivel","Vengeance+1","LessonLearned+1","EmptyBody","DeceiveReality+1","TalkToTheHand+1","ThirdEye","CrushJoints+1","Meditate+1","FearNoEvil","Blasphemy+1","ThirdEye+1","Conclude","Consecrate","TalkToTheHand+1","Protect","MentalFortress+1","ReachHeaven","Vault+1","Sanctity"],"relics":["Pandora\u0027s Box","Bronze Scales","Boot","Potion Belt","Eternal Feather","Bloody Idol","Coffee Dripper","Oddly Smooth Stone","Sling","Torii","Letter Opener","Black Star","Bag of Preparation","Akabeko","Ancient Tea Set","Frozen Egg 2","Du-Vu Doll"],"acts_visited":["TheCity","TheBeyond"],"potions_floor_usage":[50,50,50],"damage_taken":[{"damage":10.0,"enemies":"Jaw Worm","floor":1.0,"turns":3.0},{"damage":2.0,"enemies":"Small Slimes","floor":2.0,"turns":3.0},{"damage":0.0,"enemies":"2 Louse","floor":4.0,"turns":2.0},{"damage":8.0,"enemies":"Gremlin Gang","floor":5.0,"turns":4.0},{"damage":6.0,"enemies":"Gremlin Nob","floor":6.0,"turns":3.0},{"damage":12.0,"enemies":"Exordium Wildlife","floor":8.0,"turns":3.0},{"damage":4.0,"enemies":"3 Sentries","floor":10.0,"turns":5.0},{"damage":20.0,"enemies":"Gremlin Nob","floor":12.0,"turns":3.0},{"damage":3.0,"enemies":"Looter","floor":14.0,"turns":2.0},{"damage":11.0,"enemies":"The Guardian","floor":16.0,"turns":8.0},{"damage":12.0,"enemies":"3 Byrds","floor":18.0,"turns":3.0},{"damage":6.0,"enemies":"Shell Parasite","floor":21.0,"turns":6.0},{"damage":6.0,"enemies":"Centurion and Healer","floor":24.0,"turns":6.0},{"damage":9.0,"enemies":"Gremlin Leader","floor":25.0,"turns":5.0},{"damage":21.0,"enemies":"3 Cultists","floor":27.0,"turns":3.0},{"damage":0.0,"enemies":"Snecko","floor":30.0,"turns":6.0},{"damage":51.0,"enemies":"Collector","floor":33.0,"turns":10.0},{"damage":41.0,"enemies":"3 Darklings","floor":35.0,"turns":5.0},{"damage":13.0,"enemies":"Orb Walker","floor":38.0,"turns":3.0},{"damage":19.0,"enemies":"Sphere and 2 Shapes","floor":39.0,"turns":6.0},{"damage":15,"enemies":"Giant Head","floor":41,"turns":7},{"damage":31,"enemies":"4 Shapes","floor":44,"turns":12},{"damage":9,"enemies":"Nemesis","floor":45,"turns":3},{"damage":2,"enemies":"Transient","floor":46,"turns":6},{"damage":11,"enemies":"3 Darklings","floor":47,"turns":6},{"damage":46,"enemies":"Awakened One","floor":50,"turns":10}],"seed_played":"-3771179895648787290","potions_obtained":[{"floor":1.0,"key":"LiquidBronze"},{"floor":2.0,"key":"AttackPotion"},{"floor":5.0,"key":"FairyPotion"},{"floor":8.0,"key":"Block Potion"},{"floor":12.0,"key":"EssenceOfSteel"},{"floor":16.0,"key":"Fruit Juice"},{"floor":24.0,"key":"Regen Potion"},{"floor":27.0,"key":"DistilledChaos"},{"floor":39.0,"key":"Explosive Potion"},{"floor":45,"key":"PowerPotion"},{"floor":46,"key":"Block Potion"}],"is_trial":false,"path_per_floor":["M","M","?","M","M","E","R","M","T","E","?","E","?","M","R","B",null,"M","$","?","M","?","R","M","E","T","M","R","?","M","?","R","B",null,"M","?","$","M","M","R","E","R","T","M","E","M","M","$","R","B",null],"character_chosen":"WATCHER","items_purchased":["DeceiveReality","Oddly Smooth Stone","Sling","Conclude","Sanctity"],"campfire_rested":0,"item_purchase_floors":[19,19,19,37,48],"current_hp_per_floor":[51,49,49,49,41,35,35,23,23,19,36,16,16,13,22,11,49,37,37,37,31,31,43,42,38,38,27,39,39,44,44,56,10,53,17,17,17,9,25,40,30,45,50,24,20,23,17,17,35,4],"gold":138,"neow_bonus":"BOSS_RELIC","is_daily":false,"chose_seed":false,"campfire_upgraded":8,"win_rate":0.0,"timestamp":1609380367,"path_taken":["M","M","?","M","M","E","R","M","T","E","?","E","?","M","R","BOSS","M","$","?","?","?","R","M","E","T","M","R","?","M","?","R","BOSS","M","?","$","M","M","R","E","R","T","M","E","M","?","$","R","BOSS"],"items_purchased_type":["Card","Relic","Relic","Card","Card"],"build_version":"2020-12-22","purchased_purges":1,"victory":true,"max_hp_per_floor":[68,68,68,68,68,68,68,68,68,68,68,68,62,62,62,62,62,62,62,62,62,62,62,62,62,62,67,67,67,67,67,67,67,67,67,67,67,67,67,67,67,67,67,67,67,67,67,67,67,67],"relic_stats":{"Torii":25,"counters":[25,130],"Bronze Scales":[328],"Bloody Idol":70,"Pandora\u0027s Box":[],"Eternal Feather":93,"Black Star":2,"Bag of Preparation":[10],"Letter Opener":[102],"Boot":[38],"obtain_stats":[{"Potion Belt":10,"Torii":25,"Golden Idol":13,"Oddly Smooth Stone":19,"Eternal Feather":12,"Bag of Preparation":41,"Letter Opener":26,"Frozen Egg 2":45,"Boot":9,"Sling":19,"Ancient Tea Set":43,"Akabeko":41,"Du-Vu Doll":45,"Bronze Scales":6,"Bloody Idol":22,"Pandora\u0027s Box":0,"Coffee Dripper":17,"Black Star":34},{"Potion Belt":6,"Torii":13,"Golden Idol":7,"Oddly Smooth Stone":10,"Eternal Feather":7,"Bag of Preparation":20,"Letter Opener":13,"Frozen Egg 2":22,"Boot":5,"Sling":10,"Ancient Tea Set":20,"Akabeko":20,"Du-Vu Doll":22,"Bronze Scales":4,"Bloody Idol":11,"Pandora\u0027s Box":0,"Coffee Dripper":9,"Black Star":16},{"Potion Belt":20,"Torii":53,"Golden Idol":23,"Oddly Smooth Stone":36,"Eternal Feather":23,"Bag of Preparation":93,"Letter Opener":53,"Frozen Egg 2":108,"Boot":15,"Sling":36,"Ancient Tea Set":93,"Akabeko":93,"Du-Vu Doll":108,"Bronze Scales":12,"Bloody Idol":42,"Pandora\u0027s Box":0,"Coffee Dripper":33,"Black Star":72}]},"card_choices":[{"not_picked":["DeceiveReality","PathToVictory","ForeignInfluence"],"picked":"SKIP","floor":1.0},{"not_picked":["Worship","ThirdEye"],"picked":"CutThroughFate","floor":2.0},{"not_picked":["BattleHymn","Perseverance","ForeignInfluence"],"picked":"SKIP","floor":4.0},{"not_picked":["FlyingSleeves","ClearTheMind"],"picked":"EmptyFist","floor":5.0},{"not_picked":["EmptyBody","CutThroughFate","BattleHymn"],"picked":"SKIP","floor":6.0},{"not_picked":["FlurryOfBlows","CutThroughFate"],"picked":"SandsOfTime","floor":8.0},{"not_picked":["Evaluate","BattleHymn"],"picked":"Swivel","floor":10.0},{"not_picked":["SpiritShield","Consecrate"],"picked":"Vengeance","floor":12.0},{"not_picked":["FollowUp","Evaluate","SashWhip"],"picked":"SKIP","floor":14.0},{"not_picked":["Devotion","MasterReality"],"picked":"LessonLearned","floor":16.0},{"not_picked":["WreathOfFlame","Evaluate"],"picked":"EmptyBody","floor":18.0},{"not_picked":["Prostrate","FollowUp"],"picked":"ThirdEye","floor":21.0},{"not_picked":["JustLucky+1","EmptyMind","EmptyBody"],"picked":"SKIP","floor":24.0},{"not_picked":["EmptyBody+1","ThirdEye"],"picked":"CrushJoints","floor":25.0},{"not_picked":["JustLucky","CrushJoints","Crescendo"],"picked":"SKIP","floor":27.0},{"not_picked":["Conclude+1","ThirdEye"],"picked":"Meditate","floor":30.0},{"not_picked":["LessonLearned","Scrawl"],"picked":"Blasphemy","floor":33.0},{"not_picked":["EmptyMind+1","SignatureMove+1"],"picked":"ThirdEye+1","floor":35.0},{"not_picked":["Protect","CrushJoints"],"picked":"Consecrate","floor":38.0},{"not_picked":["EmptyMind+1","FearNoEvil","SignatureMove"],"picked":"SKIP","floor":39.0},{"not_picked":["WreathOfFlame","Weave"],"picked":"TalkToTheHand","floor":41},{"not_picked":["Sanctity","JustLucky"],"picked":"Protect","floor":44},{"not_picked":["Wireheading+1","FlurryOfBlows"],"picked":"MentalFortress+1","floor":45},{"not_picked":["ClearTheMind","FlurryOfBlows"],"picked":"ReachHeaven","floor":46},{"not_picked":["CutThroughFate","CrushJoints"],"picked":"Vault","floor":47}],"player_experience":531617,"relics_obtained":[{"floor":6.0,"key":"Bronze Scales"},{"floor":9.0,"key":"Boot"},{"floor":10.0,"key":"Potion Belt"},{"floor":12.0,"key":"Eternal Feather"},{"floor":25.0,"key":"Torii"},{"floor":26.0,"key":"Letter Opener"},{"floor":41,"key":"Bag of Preparation"},{"floor":41,"key":"Akabeko"},{"floor":43,"key":"Ancient Tea Set"},{"floor":45,"key":"Frozen Egg 2"},{"floor":45,"key":"Du-Vu Doll"}],"event_choices":[{"damage_healed":0.0,"max_hp_gain":0.0,"max_hp_loss":0.0,"gold_gain":0.0,"cards_transformed":["Pray"],"event_name":"Living Wall","player_choice":"Change","floor":3.0,"gold_loss":0.0,"damage_taken":0.0,"cards_obtained":["WaveOfTheHand"]},{"damage_healed":17.0,"max_hp_gain":0.0,"max_hp_loss":0.0,"gold_gain":0.0,"event_name":"The Cleric","player_choice":"Healed","floor":11.0,"gold_loss":35.0,"damage_taken":0.0},{"damage_healed":0.0,"max_hp_gain":0.0,"max_hp_loss":6.0,"gold_gain":0.0,"event_name":"Golden Idol","player_choice":"Lose Max HP","floor":13.0,"gold_loss":0.0,"damage_taken":0.0,"relics_obtained":["Golden Idol"]},{"damage_healed":0.0,"max_hp_gain":0.0,"max_hp_loss":0.0,"gold_gain":0.0,"event_name":"Duplicator","player_choice":"Copied","floor":20.0,"gold_loss":0.0,"damage_taken":0.0,"cards_obtained":["TalkToTheHand"]},{"damage_healed":0.0,"max_hp_gain":0.0,"max_hp_loss":0.0,"gold_gain":0.0,"event_name":"Forgotten Altar","player_choice":"Gave Idol","floor":22.0,"relics_lost":["Golden Idol"],"gold_loss":0.0,"damage_taken":0.0,"relics_obtained":["Bloody Idol"]},{"damage_healed":0.0,"max_hp_gain":0.0,"max_hp_loss":0.0,"gold_gain":0.0,"event_name":"Vampires","player_choice":"Ignored","floor":29.0,"gold_loss":0.0,"damage_taken":0.0},{"damage_healed":0.0,"max_hp_gain":0.0,"max_hp_loss":0.0,"gold_gain":0.0,"event_name":"The Library","player_choice":"Read","floor":31.0,"gold_loss":0.0,"damage_taken":0.0,"cards_obtained":["FearNoEvil"]},{"damage_healed":0.0,"max_hp_gain":0.0,"max_hp_loss":0.0,"gold_gain":0.0,"event_name":"SecretPortal","player_choice":"Ignored","floor":36.0,"gold_loss":0.0,"damage_taken":0.0}],"is_beta":false,"boss_relics":[{"not_picked":["Calling Bell","VioletLotus"],"picked":"Coffee Dripper"},{"not_picked":["Runic Dome","Sozu"],"picked":"Black Star"}],"items_purged_floors":[37],"is_endless":false,"potions_floor_spawned":[1,2,5,8,12,16,24,27,30,33,39,45,46,47],"ascension_level":18}}