{"host":"f5gffvlv6a66yqkd","time":1609440377,"event":{"mods":["2.2 Compatiblity","BaseMod","Colored Map","DeckTracker","Keyboard Shortcuts","Minty Spire (QoL Compilation)","Permanent Neow","Quick Restart","Relic Stats","StSLib","SuperFastMode"],"gold_per_floor":[109,109,122,71,84,84,111,111,411,431,441,453,472,472,472,472,472],"floor_reached":16,"playtime":315,"items_purged":[],"score":208,"play_id":"c8292734-33ec-4050-bb72-9651844c19e9","local_time":"20210101034617","is_ascension_mode":true,"campfire_choices":[{"data":"Chaos","floor":6,"key":"SMITH"},{"floor":8,"key":"REST"},{"floor":15,"key":"REST"}],"circlet_count":0,"master_deck":["AscendersBane","Strike_B","Strike_B","Strike_B","Defend_B","Defend_B","Defend_B","Defend_B","Zap","Dualcast","Master of Strategy","Rebound","Gash","Coolheaded","Chaos+1","White Noise","Streamline","Self Repair","Redo"],"relics":["Cracked Core","Turnip","Old Coin"],"acts_visited":["Exordium"],"potions_floor_usage":[7,16],"damage_taken":[{"damage":2,"enemies":"Jaw Worm","floor":1,"turns":4},{"damage":0,"enemies":"Cultist","floor":3,"turns":3},{"damage":8,"enemies":"2 Louse","floor":5,"turns":2},{"damage":19,"enemies":"3 Sentries","floor":7,"turns":9},{"damage":4,"enemies":"Blue Slaver","floor":10,"turns":5},{"damage":9,"enemies":"Large Slime","floor":11,"turns":4},{"damage":10,"enemies":"2 Fungi Beasts","floor":12,"turns":5},{"damage":12,"enemies":"Exordium Wildlife","floor":13,"turns":3},{"damage":36,"enemies":"Slime Boss","floor":16,"turns":3}],"seed_played":"-2560898223732178193","potions_obtained":[{"floor":1,"key":"Block Potion"},{"floor":3,"key":"PotionOfCapacity"},{"floor":10,"key":"Block Potion"}],"is_trial":false,"path_per_floor":["M","?","M","$","M","R","E","R","T","M","M","M","M","?","R","B"],"character_chosen":"DEFECT","items_purchased":["Coolheaded"],"campfire_rested":2,"item_purchase_floors":[4],"current_hp_per_floor":[44,44,44,44,36,36,17,38,38,34,25,22,10,10,31,0,0],"gold":472,"neow_bonus":"RANDOM_COLORLESS_2","is_daily":false,"chose_seed":false,"campfire_upgraded":1,"win_rate":0.0,"timestamp":1609440377,"path_taken":["M","?","?","?","M","R","E","R","T","M","M","M","?","?","R","BOSS"],"items_purchased_type":["Card"],"build_version":"2020-12-22","purchased_purges":0,"victory":false,"max_hp_per_floor":[71,71,71,71,71,71,71,71,71,71,71,71,71,71,71,71,71],"relic_stats":{"counters":[9,38],"Turnip":[0],"obtain_stats":[{"Turnip":7,"Cracked Core":0,"Old Coin":9},{"Turnip":4,"Cracked Core":0,"Old Coin":4},{"Turnip":18,"Cracked Core":0,"Old Coin":18}]},"card_choices":[{"not_picked":["Violence","Secret Technique"],"picked":"Master of Strategy","floor":0},{"not_picked":["Scrape","Storm"],"picked":"Rebound","floor":1},{"not_picked":["Chill","BootSequence"],"picked":"Gash","floor":3},{"not_picked":["Streamline","Double Energy"],"picked":"Chaos","floor":5},{"not_picked":["Go for the Eyes","Hologram"],"picked":"White Noise","floor":7},{"not_picked":["Loop","Melter"],"picked":"Streamline","floor":10},{"not_picked":["Stack","Coolheaded"],"picked":"Self Repair","floor":11},{"not_picked":["Recycle","Loop"],"picked":"Redo","floor":12},{"not_picked":["Coolheaded","Steam","Streamline"],"picked":"SKIP","floor":13}],"player_experience":1517747,"relics_obtained":[{"floor":7,"key":"Turnip"},{"floor":9,"key":"Old Coin"}],"event_choices":[{"cards_removed":["Strike_B"],"damage_healed":0,"gold_gain":0,"player_choice":"Purged","damage_taken":0,"max_hp_gain":0,"max_hp_loss":0,"event_name":"Purifier","floor":2,"gold_loss":0},{"damage_healed":0,"gold_gain":0,"player_choice":"Ignored","damage_taken":0,"max_hp_gain":0,"max_hp_loss":0,"event_name":"Shining Light","floor":14,"gold_loss":0}],"is_beta":false,"boss_relics":[],"items_purged_floors":[],"is_endless":false,"potions_floor_spawned":[1,3,10,12,13],"killed_by":"Slime Boss","ascension_level":20}}