{"host":"naxuom6ec8j3xbph","time":1609383355,"event":{"mods":["BaseMod","Colored Map","Colored Powertips","Highlight Path","Minty Spire (QoL Compilation)","Quick Restart","StSLib"],"gold_per_floor":[335,117,127,127,144,159,159,159,186,186,186,261,261,294,309,309,309,309],"floor_reached":16,"playtime":613,"items_purged":[],"score":100,"play_id":"ea4d6e82-e46d-4b9f-ae0f-cca875bf2881","local_time":"20201231105555","is_ascension_mode":false,"campfire_choices":[{"data":"Neutralize","floor":6,"key":"SMITH"},{"data":"Predator","floor":10,"key":"SMITH"},{"data":"Survivor","floor":12,"key":"SMITH"},{"data":"Well Laid Plans","floor":15,"key":"SMITH"}],"circlet_count":0,"master_deck":["Strike_G","Strike_G","Strike_G","Strike_G","Strike_G","Defend_G","Defend_G","Defend_G","Defend_G","Defend_G","Survivor+1","Neutralize+1","Skewer+1","Regret","Predator+1","Well Laid Plans+1"],"relics":["Ring of the Snake","Unceasing Top","Paper Crane","Odd Mushroom","Sundial","Snake Skull"],"acts_visited":["Exordium"],"potions_floor_usage":[8,8,8],"damage_taken":[{"damage":6,"enemies":"Jaw Worm","floor":1,"turns":7},{"damage":2,"enemies":"Small Slimes","floor":2,"turns":3},{"damage":0,"enemies":"2 Louse","floor":4,"turns":3},{"damage":9,"enemies":"2 Fungi Beasts","floor":5,"turns":3},{"damage":13,"enemies":"The Mushroom Lair","floor":8,"turns":6},{"damage":10,"enemies":"Lagavulin","floor":13,"turns":6},{"damage":13,"enemies":"3 Louse","floor":14,"turns":3},{"damage":5,"enemies":"Hexaghost","floor":16,"turns":2}],"seed_played":"9040612277334988690","potions_obtained":[{"floor":1,"key":"BlessingOfTheForge"},{"floor":2,"key":"Regen Potion"},{"floor":4,"key":"Regen Potion"},{"floor":8,"key":"SpeedPotion"}],"is_trial":false,"path_per_floor":["M","M","?","M","M","R","?","?","T","R","?","R","E","M","R","B"],"character_chosen":"THE_SILENT","items_purchased":[],"campfire_rested":0,"item_purchase_floors":[],"current_hp_per_floor":[20,57,55,55,55,46,46,46,58,58,58,47,47,37,24,24,19,19],"gold":309,"neow_bonus":"ONE_RARE_RELIC","is_daily":false,"chose_seed":false,"campfire_upgraded":4,"win_rate":0.0,"timestamp":1609383355,"path_taken":["M","M","?","M","M","R","?","?","T","R","?","R","E","M","R","BOSS"],"items_purchased_type":[],"build_version":"2020-12-22","purchased_purges":0,"victory":false,"max_hp_per_floor":[77,63,63,63,63,63,63,63,63,63,63,63,63,63,63,63,63,63],"card_choices":[{"not_picked":["Slice","Cloak And Dagger"],"picked":"Skewer","floor":1},{"not_picked":["Dagger Throw","Underhanded Strike","Deadly Poison"],"picked":"SKIP","floor":2},{"not_picked":["Flying Knee","Slice","Deadly Poison"],"picked":"SKIP","floor":4},{"not_picked":["Cloak And Dagger","Quick Slash","Setup"],"picked":"SKIP","floor":5},{"not_picked":["Flying Knee","PiercingWail"],"picked":"Predator","floor":8},{"not_picked":["Masterful Stab","Deadly Poison"],"picked":"Well Laid Plans","floor":13},{"not_picked":["Reflex","Doppelganger","Dodge and Roll"],"picked":"SKIP","floor":14}],"player_experience":354611,"relics_obtained":[{"floor":8,"key":"Odd Mushroom"},{"floor":9,"key":"Sundial"},{"floor":13,"key":"Snake Skull"}],"event_choices":[{"damage_healed":0,"gold_gain":0,"player_choice":"Grow","damage_taken":0,"max_hp_gain":0,"max_hp_loss":0,"event_name":"Living Wall","floor":3,"gold_loss":0,"cards_upgraded":["Skewer"]},{"damage_healed":0,"gold_gain":0,"player_choice":"Box","damage_taken":0,"relics_obtained":["Paper Crane"],"max_hp_gain":0,"max_hp_loss":0,"event_name":"Big Fish","floor":7,"gold_loss":0,"cards_obtained":["Regret"]},{"damage_healed":0,"gold_gain":0,"player_choice":"Fought Mushrooms","damage_taken":0,"max_hp_gain":0,"max_hp_loss":0,"event_name":"Mushrooms","floor":8,"gold_loss":0},{"damage_healed":0,"gold_gain":75,"player_choice":"Gather Gold","damage_taken":11,"max_hp_gain":0,"max_hp_loss":0,"event_name":"World of Goop","floor":11,"gold_loss":0}],"is_beta":false,"boss_relics":[],"items_purged_floors":[],"is_endless":false,"potions_floor_spawned":[1,2,4,8],"killed_by":"Hexaghost","ascension_level":0}}