{"host":"ygfasg9u7olr7skw","time":1609441381,"event":{"mods":["AchievementEnabler","BaseMod","Better Note","Better Vampires","Colored Powertips","Minty Spire (QoL Compilation)","Replay The Spire","Spicy Shops","StSLib","The IronCluck"],"gold_per_floor":[109,109,127,127,141,170,170,182,262,262,437,453,40,53,53,149,149,159,170,70,88,88,88,88,88,101,61,61,31,48,48,48,58,58,58,58],"floor_reached":35,"playtime":2328,"items_purged":["Doubt","Eruption"],"score":284,"play_id":"da7564da-3e63-488f-845e-c6d76a10b53b","local_time":"20201231140301","is_ascension_mode":false,"campfire_choices":[{"floor":7.0,"key":"REST"},{"floor":10,"key":"REST"},{"data":"PathToVictory","floor":15,"key":"SMITH"},{"floor":25,"key":"REST"},{"floor":34,"key":"REST"}],"circlet_count":0,"master_deck":["Strike_P","Strike_P","Strike_P","Defend_P","Defend_P+1","Defend_P","Defend_P","Vigilance","PathToVictory+1","Halt","PathToVictory","PathToVictory+1","Meditate","PathToVictory+1","Fasting2"],"relics":["PureWater","Replay:PocketPolymizer","Molten Egg 2","DollysMirror","Frozen Eye","Black Star","Bag of Preparation","Potion Belt"],"acts_visited":["Exordium","TheCity"],"potions_floor_usage":[26,26,33,35],"damage_taken":[{"damage":6.0,"enemies":"Jaw Worm","floor":1.0,"turns":4.0},{"damage":5.0,"enemies":"Small Slimes","floor":3.0,"turns":6.0},{"damage":0.0,"enemies":"2 Louse","floor":5.0,"turns":2.0},{"damage":33.0,"enemies":"Replay:BlueRogue","floor":6.0,"turns":7.0},{"damage":7,"enemies":"2 Fungi Beasts","floor":8,"turns":7},{"damage":5,"enemies":"Blue Slaver","floor":12,"turns":5},{"damage":0,"enemies":"Large Slime","floor":14,"turns":3},{"damage":18,"enemies":"Slime Boss","floor":16,"turns":12},{"damage":14,"enemies":"3 Byrds","floor":18,"turns":4},{"damage":10,"enemies":"2 Thieves","floor":19,"turns":4},{"damage":49,"enemies":"3 Cultists","floor":21,"turns":6},{"damage":19,"enemies":"Cultist and Chosen","floor":26,"turns":6},{"damage":0,"enemies":"Snecko","floor":30,"turns":3},{"damage":1,"enemies":"Snake Plant","floor":33,"turns":3},{"damage":50,"enemies":"Automaton","floor":35,"turns":6}],"seed_played":"2763749088841759718","potions_obtained":[{"floor":6.0,"key":"ColorlessPotion"},{"floor":12,"key":"SpeedPotion"},{"floor":14,"key":"EssenceOfSteel"},{"floor":29,"key":"Dexterity Potion"},{"floor":29,"key":"StancePotion"}],"is_trial":false,"path_per_floor":["M","?","M","?","M","E","R","M","T","R","?","M","$","M","R","B",null,"M","M","$","M","?","PTL","PTL","R","M","?","T","?","M","?","T","M","R","B"],"character_chosen":"WATCHER","items_purchased":["PathToVictory","DollysMirror","Frozen Eye","CrushJoints+1"],"campfire_rested":4,"item_purchase_floors":[13,13,13,13],"current_hp_per_floor":[66,66,61,66,66,33,56,49,49,72,72,67,67,67,67,49,77,63,53,53,4,4,4,4,27,8,8,8,8,8,8,8,7,30,0,0],"gold":58,"neow_bonus":"ONE_RANDOM_RARE_CARD","is_daily":false,"chose_seed":false,"campfire_upgraded":1,"win_rate":0.0,"timestamp":1609441381,"path_taken":["M","?","M","?","M","E","R","M","T","R","?","M","$","M","R","BOSS","M","M","$","M","?","PTL","PTL","R","M","?","T","?","M","?","?","M","R","BOSS"],"items_purchased_type":["Card","Relic","Relic","Card"],"build_version":"2020-12-22","purchased_purges":2,"victory":false,"max_hp_per_floor":[72,72,72,77,77,77,77,77,77,77,77,77,77,77,77,77,77,77,77,77,77,77,77,77,77,77,77,77,77,77,77,77,77,77,77,77],"card_choices":[{"not_picked":["Replay:ManipulateFuture","SashWhip","Replay:Cycle"],"picked":"SKIP","floor":1.0},{"not_picked":["Replay:ManipulateFuture","SashWhip","Replay:Cycle"],"picked":"SKIP","floor":1.0},{"not_picked":["Conclude","Replay:BluntJabs","FlurryOfBlows"],"picked":"SKIP","floor":3.0},{"not_picked":["Consecrate","ClearTheMind"],"picked":"PathToVictory","floor":5.0},{"not_picked":["Perseverance","Worship","Crescendo"],"picked":"SKIP","floor":6.0},{"not_picked":["Establishment","Collect","Halt"],"picked":"SKIP","floor":8},{"not_picked":["BowlingBash+1","WreathOfFlame","Replay:AtTheReady"],"picked":"SKIP","floor":12},{"not_picked":["LikeWater","FlyingSleeves+1","Nirvana"],"picked":"SKIP","floor":14},{"not_picked":["ClearTheMind+1","Evaluate+1","MentalFortress"],"picked":"SKIP","floor":18},{"not_picked":["ThirdEye+1","TalkToTheHand+1","Halt"],"picked":"SKIP","floor":19},{"not_picked":["Indignation","DeceiveReality","FollowUp+1"],"picked":"SKIP","floor":21},{"not_picked":["JustLucky+1","Sanctity","FlurryOfBlows+1"],"picked":"SKIP","floor":26},{"not_picked":["JustLucky+1","Weave+1","SashWhip+1"],"picked":"SKIP","floor":30},{"not_picked":["Sanctity","Replay:AtTheReady","FlurryOfBlows+1"],"picked":"SKIP","floor":33}],"player_experience":192777,"relics_obtained":[{"floor":6.0,"key":"Replay:PocketPolymizer"},{"floor":9,"key":"Molten Egg 2"},{"floor":28,"key":"Bag of Preparation"},{"floor":32,"key":"Potion Belt"}],"event_choices":[{"damage_healed":0.0,"max_hp_gain":0.0,"max_hp_loss":0.0,"gold_gain":0.0,"event_name":"Shining Light","player_choice":"Ignored","floor":2.0,"gold_loss":0.0,"damage_taken":0.0},{"damage_healed":0.0,"max_hp_gain":5.0,"max_hp_loss":0.0,"gold_gain":0.0,"event_name":"Big Fish","player_choice":"Donut","floor":4.0,"gold_loss":0.0,"damage_taken":0.0},{"damage_healed":0,"gold_gain":175,"player_choice":"AGREE","damage_taken":0,"max_hp_gain":0,"max_hp_loss":0,"event_name":"Liars Game","floor":11,"gold_loss":0,"cards_obtained":["Doubt"]},{"damage_healed":0,"gold_gain":0,"player_choice":"Copied","damage_taken":0,"max_hp_gain":0,"max_hp_loss":0,"event_name":"Duplicator","floor":22,"gold_loss":0,"cards_obtained":["PathToVictory"]},{"damage_healed":0,"gold_gain":0,"player_choice":"Upgraded Two","damage_taken":0,"max_hp_gain":0,"max_hp_loss":0,"event_name":"Designer","floor":27,"gold_loss":40,"cards_upgraded":["Defend_P","PathToVictory"]},{"damage_healed":0,"gold_gain":0,"player_choice":"Bought 2 Potions","damage_taken":0,"max_hp_gain":0,"max_hp_loss":0,"event_name":"The Woman in Blue","floor":29,"gold_loss":0}],"is_beta":false,"boss_relics":[{"not_picked":["Astrolabe","Runic Pyramid"],"picked":"Black Star"}],"items_purged_floors":[13,20],"is_endless":false,"potions_floor_spawned":[6,12,14,16,18],"killed_by":"Automaton","ascension_level":0}}