{"host":"6r341r9cz00j2qc1","time":1609425712,"event":{"mods":["BaseMod","Better Third Choice","Downfall","GungeonMod","Hermit","Lobotomy","LobotomyExtend","Minty Spire (QoL Compilation)","Shop Mod","StSLib"],"gold_per_floor":[118,130,130,130,149,149,149,149,194,194,194,194,205,59,59,59,59],"floor_reached":16,"playtime":700,"items_purged":[],"score":88,"play_id":"4f8e5f32-b015-44df-b94e-4039cd227a3d","local_time":"20201231154152","is_ascension_mode":false,"campfire_choices":[{"data":"hermit:DeadMansHand","floor":6,"key":"SMITH"},{"data":"hermit:Showdown","floor":8,"key":"SMITH"},{"data":"hermit:Snapshot","floor":10,"key":"SMITH"},{"data":"hermit:CursedWeapon","floor":15,"key":"SMITH"}],"circlet_count":0,"master_deck":["hermit:Strike_Hermit","hermit:Strike_Hermit","hermit:Strike_Hermit","hermit:Strike_Hermit","hermit:Defend_Hermit","hermit:Defend_Hermit","hermit:Defend_Hermit","hermit:Defend_Hermit","hermit:Snapshot+1","hermit:Covet","OSAHOGD","hermit:Horror","Bloodbath","hermit:DeadMansHand+1","hermit:Showdown+1","Parasite","Regret","MHz","hermit:CursedWeapon+1"],"relics":["hermit:Momento","CogitoBucket","LetterFromLob","DemoMod:MonsterBlood","White Beast Statue","DemoMod:LamentConfigurum"],"acts_visited":["Exordium"],"potions_floor_usage":[16],"damage_taken":[{"damage":0,"enemies":"Small Slimes","floor":1,"turns":3},{"damage":5,"enemies":"Cultist","floor":2,"turns":4},{"damage":9,"enemies":"Jaw Worm","floor":5,"turns":4},{"damage":14,"enemies":"Blue Slaver","floor":13,"turns":4},{"damage":73,"enemies":"Hexaghost","floor":16,"turns":8}],"seed_played":"8396965706037042090","potions_obtained":[{"floor":13,"key":"SpeedPotion"}],"is_trial":false,"path_per_floor":["M","M","$","?","M","R","$","R","T","R","?","?","M","$","R","B"],"character_chosen":"HERMIT","items_purchased":["DemoMod:LamentConfigurum"],"campfire_rested":0,"item_purchase_floors":[14],"current_hp_per_floor":[75,70,70,75,67,67,67,67,67,67,75,75,62,62,62,0,0],"gold":59,"neow_bonus":"","is_daily":false,"chose_seed":false,"campfire_upgraded":4,"win_rate":0.0,"timestamp":1609425712,"path_taken":["M","M","$","?","?","R","?","R","T","R","?","?","M","$","R","BOSS"],"items_purchased_type":["Relic"],"build_version":"2020-12-22","purchased_purges":0,"victory":false,"max_hp_per_floor":[75,75,75,75,75,75,75,75,75,75,75,75,75,75,75,82,82],"card_choices":[{"not_picked":["SpiderBud","MeatLantern"],"picked":"OSAHOGD","floor":1},{"not_picked":["hermit:Midnight","hermit:Gestalt"],"picked":"hermit:Horror","floor":1},{"not_picked":["GalaxyChild","OldLady"],"picked":"Bloodbath","floor":2},{"not_picked":["hermit:Dive","hermit:ItchyTrigger"],"picked":"hermit:DeadMansHand","floor":2},{"not_picked":["BeautyBeast","UniverseFragment"],"picked":"QueenOfHatred","floor":5},{"not_picked":["hermit:TakeAim","hermit:FlashPowder"],"picked":"hermit:Showdown","floor":5},{"not_picked":["BeautyBeast","LaLuna","Murderer"],"picked":"Singing Bowl","floor":13},{"not_picked":["Freischutz","GalaxyChild"],"picked":"MHz","floor":13},{"not_picked":["hermit:Manifest","hermit:TakeCover"],"picked":"hermit:CursedWeapon","floor":13}],"player_experience":457495,"relics_obtained":[{"floor":1,"key":"LetterFromLob"},{"floor":9,"key":"DemoMod:WeirdEgg"}],"event_choices":[{"damage_healed":5,"gold_gain":0,"player_choice":"Full Heal","damage_taken":0,"max_hp_gain":0,"max_hp_loss":0,"event_name":"Wheel of Change","floor":4,"gold_loss":0},{"damage_healed":18,"gold_gain":0,"player_choice":"Healed and dodged fight","damage_taken":0,"max_hp_gain":0,"max_hp_loss":0,"event_name":"Mushrooms","floor":11,"gold_loss":0,"cards_obtained":["Parasite"]},{"damage_healed":0,"gold_gain":0,"player_choice":"Box","damage_taken":0,"relics_obtained":["White Beast Statue"],"max_hp_gain":0,"max_hp_loss":0,"event_name":"Big Fish","floor":12,"gold_loss":0,"cards_obtained":["Regret"]}],"is_beta":false,"boss_relics":[],"items_purged_floors":[],"is_endless":false,"potions_floor_spawned":[13],"killed_by":"Hexaghost","ascension_level":0}}