{"host":"sum4dy402bbv9y4o","time":1609454182,"event":{"mods":["Aspiration","BaseMod","Conspire","Highlight Path","Minty Spire (QoL Compilation)","StSLib"],"gold_per_floor":[114,114,114,129,146,175,175,194,249,264,298,314,334,30,30,101,101,115,40,60,34,48,75,75,94,94,94,94,94,94,94,94,94,94],"floor_reached":33,"playtime":1173,"items_purged":["Defend_P"],"score":608,"play_id":"606c2cb4-bfd9-4083-b67c-49d37ae82376","local_time":"20210101013622","is_ascension_mode":true,"campfire_choices":[{"data":"Eruption","floor":7,"key":"SMITH"},{"data":"MentalFortress","floor":15,"key":"SMITH"},{"floor":24,"key":"REST"},{"floor":28,"key":"REST"},{"data":"Adaptation","floor":32,"key":"SMITH"}],"circlet_count":0,"master_deck":["AscendersBane","Strike_P","Strike_P","Strike_P","Strike_P","Defend_P","Defend_P+1","Defend_P+1","Eruption+1","Vigilance","BowlingBash","Halt","FlurryOfBlows","FollowUp","MentalFortress+1","Tantrum","Halt","EmptyFist","InnerPeace","SashWhip","Brilliance","FlurryOfBlows","Adaptation+1","FlurryOfBlows","RitualDagger"],"relics":["PureWater","Bag of Preparation","War Paint","Bird Faced Urn","HornCleat","SacredBark","Regal Pillow","StrikeDummy"],"acts_visited":["Exordium","TheCity"],"potions_floor_usage":[6,13,18,23,27],"damage_taken":[{"damage":0.0,"enemies":"Small Slimes","floor":1.0,"turns":2.0},{"damage":1,"enemies":"Cultist","floor":4,"turns":3},{"damage":0,"enemies":"conspire:RoseBush","floor":5,"turns":4},{"damage":0,"enemies":"Gremlin Nob","floor":6,"turns":2},{"damage":11,"enemies":"3 Louse","floor":8,"turns":2},{"damage":3,"enemies":"Gremlin Gang","floor":10,"turns":2},{"damage":2,"enemies":"3 Sentries","floor":11,"turns":3},{"damage":7,"enemies":"Exordium Thugs","floor":12,"turns":4},{"damage":0,"enemies":"Exordium Wildlife","floor":13,"turns":3},{"damage":16,"enemies":"The Guardian","floor":16,"turns":11},{"damage":0,"enemies":"conspire:FuzzyDice","floor":18,"turns":3},{"damage":11,"enemies":"Shell Parasite","floor":20,"turns":4},{"damage":20,"enemies":"Sentry and Sphere","floor":22,"turns":4},{"damage":30,"enemies":"conspire:Head Lice","floor":23,"turns":8},{"damage":16,"enemies":"Snake Plant","floor":25,"turns":4},{"damage":0,"enemies":"Shelled Parasite and Fungi","floor":27,"turns":1},{"damage":75,"enemies":"Automaton","floor":33,"turns":8}],"seed_played":"1303897228877637366","potions_obtained":[{"floor":5,"key":"BlessingOfTheForge"},{"floor":10,"key":"LiquidBronze"},{"floor":12,"key":"Dexterity Potion"},{"floor":13,"key":"FearPotion"},{"floor":23,"key":"SmokeBomb"}],"is_trial":false,"path_per_floor":["M","?","$","M","M","E","R","M","T","M","E","M","M","$","R","B",null,"M","$","M","$","M","E","R","M","T","M","R","?","?","?","R","B"],"character_chosen":"WATCHER","items_purchased":["HornCleat","SashWhip","FlurryOfBlows"],"campfire_rested":2,"item_purchase_floors":[14,14,21],"current_hp_per_floor":[61,61,61,60,60,60,60,49,49,46,44,39,39,39,39,25,57,59,59,50,50,34,6,41,29,29,29,64,64,58,54,54,0,0],"gold":94,"neow_bonus":"THREE_CARDS","is_daily":false,"chose_seed":false,"campfire_upgraded":3,"win_rate":0.0,"timestamp":1609454182,"path_taken":["M","?","$","M","M","E","R","M","T","?","E","M","?","?","R","BOSS","M","?","M","$","M","E","R","M","T","M","R","?","?","?","R","BOSS"],"items_purchased_type":["Relic","Card","Card"],"build_version":"2020-12-22","purchased_purges":1,"victory":false,"max_hp_per_floor":[68,68,68,68,68,68,68,68,68,68,68,68,68,68,68,68,68,68,68,68,68,68,68,68,68,68,68,68,68,68,68,68,68,68],"card_choices":[{"not_picked":["ThirdEye","CarveReality"],"picked":"BowlingBash","floor":0.0},{"not_picked":["Protect","Crescendo"],"picked":"Halt","floor":1.0},{"not_picked":["ThirdEye","Fasting2","Prostrate"],"picked":"SKIP","floor":4},{"not_picked":["Crescendo","Wireheading"],"picked":"FlurryOfBlows","floor":5},{"not_picked":["BattleHymn","Crescendo"],"picked":"FollowUp","floor":6},{"not_picked":["LikeWater","Consecrate"],"picked":"MentalFortress","floor":8},{"not_picked":["SashWhip","EmptyBody"],"picked":"Tantrum","floor":10},{"not_picked":["Prostrate","FollowUp"],"picked":"Halt","floor":11},{"not_picked":["Consecrate","Judgement"],"picked":"EmptyFist","floor":12},{"not_picked":["CarveReality","BowlingBash"],"picked":"InnerPeace","floor":13},{"not_picked":["Scrawl","Establishment"],"picked":"Brilliance","floor":16},{"not_picked":["Prostrate","JustLucky"],"picked":"FlurryOfBlows","floor":18},{"not_picked":["CrushJoints","JustLucky"],"picked":"Adaptation","floor":20},{"not_picked":["CutThroughFate","BowlingBash","Nirvana"],"picked":"SKIP","floor":22},{"not_picked":["DeusExMachina","Halt","Evaluate"],"picked":"SKIP","floor":23},{"not_picked":["CarveReality+1","Indignation+1","BowlingBash"],"picked":"SKIP","floor":25}],"player_experience":2866978,"relics_obtained":[{"floor":6,"key":"Bag of Preparation"},{"floor":9,"key":"War Paint"},{"floor":11,"key":"Bird Faced Urn"},{"floor":23,"key":"Regal Pillow"},{"floor":26,"key":"StrikeDummy"}],"event_choices":[{"damage_healed":0.0,"max_hp_gain":0.0,"max_hp_loss":0.0,"gold_gain":0.0,"event_name":"Match and Keep!","player_choice":"0 cards matched","floor":2.0,"gold_loss":0.0,"damage_taken":0.0,"cards_obtained":[]},{"damage_healed":0,"gold_gain":0,"player_choice":"Ignored","damage_taken":0,"max_hp_gain":0,"max_hp_loss":0,"event_name":"The Mausoleum","floor":29,"gold_loss":0},{"damage_healed":0,"gold_gain":0,"player_choice":"Joined the Cult","damage_taken":6,"max_hp_gain":0,"max_hp_loss":0,"event_name":"Nest","floor":30,"gold_loss":0,"cards_obtained":["RitualDagger"]},{"damage_healed":0,"gold_gain":0,"player_choice":"Leave","damage_taken":0,"max_hp_gain":0,"max_hp_loss":0,"event_name":"conspire:Investor","floor":31,"gold_loss":0}],"is_beta":false,"boss_relics":[{"not_picked":["conspire:RoyalGoblet","Snecko Eye"],"picked":"SacredBark"}],"items_purged_floors":[19],"is_endless":false,"potions_floor_spawned":[5,10,12,13,23],"killed_by":"Automaton","ascension_level":20}}