{"host":"68ryiucqar8jyfi2","time":1609434599,"event":{"mods":["2.2 Compatiblity","Act Like it!","Aspiration","BaseMod","Better Match","Better Note","Better Skull","Better Third Choice","CCEM","CapriCore","Curses Come First","Defuse TimeMaze Blight","Displayed Cursed Tome","Emptier Cage","Energized Spire","Friendly Minions","GifTheSpireLib","HexUI Lib","Hubris","Hyrulean Relics","Infinite Spire","Minty Spire (QoL Compilation)","Permanent Neow","RNG Fix","Replay The Spire","Robot Space Explorer","StSLib","Stuff the Spire","The Blue Laboratory","Trackpad","Transform Curses","Uncapped","Wandering Minibosses"],"gold_per_floor":[110,110,110,122,142,170,170,170,195,226,226,261,62,62,62,62,62],"floor_reached":16,"playtime":332,"items_purged":[],"score":116,"play_id":"b666fff7-7b23-4dcc-ba4d-b02e9c5fd186","local_time":"20201231170959","daily_mods":["Vintage","Heirloom","Flight"],"is_ascension_mode":false,"campfire_choices":[{"floor":8,"key":"DIG"},{"floor":11,"key":"DIG"},{"data":"Conserve Battery","floor":15,"key":"SMITH"}],"circlet_count":0,"master_deck":["Strike_B","Strike_B","Strike_B","Strike_B","Defend_B","Defend_B+1","Defend_B+1","Defend_B","Zap+1","Dualcast+1","Conserve Battery+1"],"relics":["Cracked Core","Shovel","StuffTheSpire:RubySignet","Mirror","War Paint","zeldaRelics:CourageTriforce","Frozen Egg 2","zeldaRelics:WisdomPiece","trackpad:ZombieHeart","Strawberry"],"acts_visited":["Exordium"],"potions_floor_usage":[10,10],"damage_taken":[{"damage":6,"enemies":"Cultist","floor":1,"turns":3},{"damage":6,"enemies":"Jaw Worm","floor":4,"turns":2},{"damage":2,"enemies":"Small Slimes","floor":5,"turns":3},{"damage":22,"enemies":"Lagavulin","floor":6,"turns":8},{"damage":8,"enemies":"Gremlin Nob","floor":10,"turns":4},{"damage":27,"enemies":"3 Sentries","floor":12,"turns":7},{"damage":26,"enemies":"Hexaghost","floor":16,"turns":9}],"seed_played":"7809569215496717878","potions_obtained":[{"floor":5,"key":"blueLaboratory:ImpenetrablePotion"},{"floor":6,"key":"blueLaboratory:FrostheartPotion"}],"is_trial":true,"path_per_floor":["M","?","?","M","M","E","T","R","T","E","R","E","$","?","R","B"],"character_chosen":"DEFECT","items_purchased":["Strawberry","Conserve Battery"],"campfire_rested":0,"item_purchase_floors":[13,13],"current_hp_per_floor":[69,69,69,63,61,39,39,39,39,33,33,9,16,25,25,0,0],"gold":62,"neow_bonus":"","is_daily":false,"chose_seed":false,"campfire_upgraded":1,"win_rate":0.0,"timestamp":1609434599,"path_taken":["M","?","?","M","?","E","?","R","T","E","R","E","$","?","R","BOSS"],"items_purchased_type":["Relic","Card"],"build_version":"2020-12-22","purchased_purges":0,"victory":false,"max_hp_per_floor":[75,75,75,75,75,75,75,75,75,75,75,78,85,85,85,85,85],"card_choices":[{"not_picked":["Turbo","Chill","Go for the Eyes"],"picked":"SKIP","floor":6},{"not_picked":["Rebound","Force Field","Beam Cell"],"picked":"SKIP","floor":10},{"not_picked":["hubris:DoWhile","Panic Button","Rebound"],"picked":"SKIP","floor":12}],"player_experience":190033,"relics_obtained":[{"floor":1,"key":"StuffTheSpire:RubySignet"},{"floor":4,"key":"Mirror"},{"floor":5,"key":"War Paint"},{"floor":6,"key":"zeldaRelics:CouragePiece"},{"floor":7,"key":"zeldaRelics:CouragePiece"},{"floor":8,"key":"Frozen Egg 2"},{"floor":9,"key":"zeldaRelics:CouragePiece"},{"floor":10,"key":"zeldaRelics:WisdomPiece"},{"floor":11,"key":"trackpad:ZombieHeart"},{"floor":12,"key":"zeldaRelics:WisdomPiece"}],"event_choices":[{"damage_healed":0,"gold_gain":0,"player_choice":"Forge","damage_taken":0,"max_hp_gain":0,"max_hp_loss":0,"event_name":"Accursed Blacksmith","floor":3,"gold_loss":0,"cards_upgraded":["Dualcast"]}],"is_beta":false,"boss_relics":[],"items_purged_floors":[],"is_endless":false,"potions_floor_spawned":[5,6],"killed_by":"Hexaghost","ascension_level":0}}