{"host":"6ve8qn5s1am4lo6s","time":1609447940,"event":{"mods":["AchievementEnabler","BaseMod","Better Altar","Better Match","Better Note","Better Vampires","BetterRewards","CapriCore","Displayed Cursed Tome","Evolution","Minty Spire (QoL Compilation)","Permanent Neow","Relic Stats","StSLib","The Animator"],"gold_per_floor":[126,139,139,139,159,187,187,187,261,290,321,321,246,196,196,295,295,318,318,318,318,356,356,369,469,469,483,524,271,271,20,20,118,118,133,146,46,56,56,56],"floor_reached":39,"playtime":4852,"items_purged":["animator:Strike","animator:Strike"],"score":431,"play_id":"0db959bb-e71c-40ab-9ddc-399652cd14c2","local_time":"20201231155220","is_ascension_mode":false,"campfire_choices":[{"floor":8.0,"key":"RECALL"},{"data":"animator:GazelDwargon","floor":12.0,"key":"SMITH"},{"data":"animator:IzunaHatsuse","floor":15.0,"key":"SMITH"},{"data":"animator:Sora","floor":23.0,"key":"SMITH"},{"data":"animator:Patchouli","floor":30.0,"key":"SMITH"},{"data":"animator:Vesta","floor":32.0,"key":"SMITH"}],"circlet_count":0,"master_deck":["animator:Strike_AccelWorld","animator:Defend_AccelWorld","animator:Defend","animator:Kuroyukihime+1","animator:LimeBell","animator:Vesta+1","animator:Shuna","animator:YuiTsuruno","animator:Souei","animator:IzunaHatsuse+1","animator:GazelDwargon+1","animator:Sora+1","animator:DolaCouronne+1","animator:Benimaru","animator:DolaRiku","animator:DolaSchwi+1","animator:YachiyoNanami","animator:Patchouli+1","animator:Albedo","animator:GazelDwargon","animator:IrohaTamaki+1","animator:TukaLunaMarceau+1"],"relics":["animator:LivingPicture","animator:TheMissingPiece","EVO:Axolotl","Ornamental Fan","Philosopher\u0027s Stone","MutagenicStrength","PreservedInsect","Sundial","Mummified Hand","SlaversCollar"],"acts_visited":["Exordium","TheCity","TheBeyond"],"potions_floor_usage":[38],"damage_taken":[{"damage":0.0,"enemies":"2 Louse","floor":1.0,"turns":2.0},{"damage":1.0,"enemies":"Jaw Worm","floor":2.0,"turns":6.0},{"damage":0.0,"enemies":"Cultist","floor":5.0,"turns":5.0},{"damage":0.0,"enemies":"3 Louse","floor":6.0,"turns":4.0},{"damage":6.0,"enemies":"Large Slime","floor":10.0,"turns":7.0},{"damage":19.0,"enemies":"Gremlin Nob","floor":11.0,"turns":5.0},{"damage":0.0,"enemies":"The Guardian","floor":16.0,"turns":11.0},{"damage":6.0,"enemies":"Shell Parasite","floor":18.0,"turns":6.0},{"damage":0.0,"enemies":"Chosen","floor":22.0,"turns":6.0},{"damage":10.0,"enemies":"Shelled Parasite and Fungi","floor":24.0,"turns":4.0},{"damage":5.0,"enemies":"Chosen and Byrds","floor":27.0,"turns":6.0},{"damage":2.0,"enemies":"Snecko","floor":28.0,"turns":5.0},{"damage":42.0,"enemies":"Collector","floor":33.0,"turns":9.0},{"damage":0.0,"enemies":"3 Shapes","floor":35.0,"turns":5.0},{"damage":0.0,"enemies":"Orb Walker","floor":36.0,"turns":5.0},{"damage":54,"enemies":"4 Shapes","floor":38,"turns":4},{"damage":28,"enemies":"Jaw Worm Horde","floor":39,"turns":1}],"seed_played":"3782108235992255943","potions_obtained":[{"floor":1.0,"key":"Dexterity Potion"},{"floor":6.0,"key":"Fire Potion"},{"floor":18.0,"key":"LiquidBronze"},{"floor":24.0,"key":"LiquidBronze"},{"floor":33.0,"key":"Explosive Potion"},{"floor":35.0,"key":"Fruit Juice"}],"is_trial":false,"path_per_floor":["M","M","?","?","M","M","?","R","T","M","E","R","$","?","R","B",null,"M","?","?","?","M","R","M","?","T","M","M","$","R","$","R","B",null,"M","M","$","M","M"],"character_chosen":"THE_ANIMATOR","items_purchased":["animator:YachiyoNanami","animator:Patchouli","Mummified Hand"],"campfire_rested":0,"item_purchase_floors":[29,29,31],"current_hp_per_floor":[66,66,59,59,59,59,59,59,59,53,35,35,35,35,35,36,69,63,63,63,63,63,63,54,54,54,49,47,47,47,47,47,5,70,75,75,75,21,0,0],"gold":56,"neow_bonus":"UPGRADE_CARD","is_daily":false,"chose_seed":false,"campfire_upgraded":5,"win_rate":0.0,"timestamp":1609447940,"path_taken":["M","M","?","?","?","M","?","R","T","M","E","R","?","?","R","BOSS","M","?","?","?","M","R","M","?","T","M","M","$","R","$","R","BOSS","M","M","$","M","?"],"items_purchased_type":["Card","Card","Relic"],"build_version":"2020-12-22","purchased_purges":2,"victory":false,"max_hp_per_floor":[66,67,67,67,67,67,67,67,67,67,68,68,68,68,68,69,69,69,69,69,69,69,69,70,70,70,70,70,70,70,70,70,70,70,75,75,75,75,75,75],"relic_stats":{"counters":[17,91],"Ornamental Fan":[36],"Sundial":[6],"Mummified Hand":[16],"PreservedInsect":0,"obtain_stats":[{"SlaversCollar":34,"Ornamental Fan":11,"Sundial":26,"Mummified Hand":31,"animator:TheMissingPiece":0,"MutagenicStrength":20,"Philosopher\u0027s Stone":17,"animator:LivingPicture":0,"PreservedInsect":21,"EVO:Axolotl":0},{"SlaversCollar":13,"Ornamental Fan":6,"Sundial":10,"Mummified Hand":12,"animator:TheMissingPiece":0,"MutagenicStrength":8,"Philosopher\u0027s Stone":7,"animator:LivingPicture":0,"PreservedInsect":8,"EVO:Axolotl":0},{"SlaversCollar":76,"Ornamental Fan":29,"Sundial":56,"Mummified Hand":67,"animator:TheMissingPiece":0,"MutagenicStrength":46,"Philosopher\u0027s Stone":40,"animator:LivingPicture":0,"PreservedInsect":46,"EVO:Axolotl":0}]},"card_choices":[{"not_picked":["animator:Demiurge","animator:Jibril"],"picked":"animator:Vesta","floor":1.0},{"not_picked":["animator:Kuribayashi","animator:Mitsuba"],"picked":"animator:Shuna","floor":2.0},{"not_picked":["animator:NarberalGamma","animator:Mikaela"],"picked":"animator:YuiTsuruno","floor":5.0},{"not_picked":["animator:Kaijin","animator:Millim"],"picked":"animator:Souei","floor":6.0},{"not_picked":["animator:ChlammyZell","animator:YaoHaDucy"],"picked":"animator:IzunaHatsuse","floor":10.0},{"not_picked":["animator:Albedo","animator:Shuna"],"picked":"animator:GazelDwargon","floor":11.0},{"not_picked":["animator:Shizu","animator:Kyubey"],"picked":"animator:Sora","floor":16.0},{"not_picked":["animator:Mitsuba+1","animator:YaoHaDucy"],"picked":"animator:DolaCouronne+1","floor":18.0},{"not_picked":["animator:GazelDwargon","animator:Hakurou"],"picked":"animator:Benimaru","floor":22.0},{"not_picked":["animator:YaoHaDucy","animator:Shigure+1"],"picked":"animator:DolaRiku","floor":24.0},{"not_picked":["animator:Genos","animator:FielNirvalen","animator:Jibril"],"picked":"SKIP","floor":27.0},{"not_picked":["animator:Tyuule","animator:PandorasActor"],"picked":"animator:DolaSchwi+1","floor":28.0},{"not_picked":["animator:MadokaKaname","animator:HomuraAkemi"],"picked":"animator:Albedo","floor":33.0},{"not_picked":["animator:Hakurou","animator:Shuna"],"picked":"animator:GazelDwargon","floor":35.0},{"not_picked":["animator:DolaRiku","animator:Mikaela+1"],"picked":"animator:IrohaTamaki+1","floor":36.0},{"not_picked":["animator:Kuribayashi+1","animator:SuzuneAmano"],"picked":"animator:TukaLunaMarceau+1","floor":38}],"player_experience":393895,"relics_obtained":[{"floor":11.0,"key":"Ornamental Fan"},{"floor":26.0,"key":"Sundial"}],"event_choices":[{"cards_removed":["animator:Strike"],"damage_healed":0.0,"max_hp_gain":0.0,"max_hp_loss":0.0,"gold_gain":0.0,"event_name":"Golden Wing","player_choice":"Card Removal","floor":3.0,"gold_loss":0.0,"damage_taken":7.0},{"cards_removed":["animator:Defend"],"damage_healed":0.0,"max_hp_gain":0.0,"max_hp_loss":0.0,"gold_gain":0.0,"event_name":"Living Wall","player_choice":"Forget","floor":4.0,"gold_loss":0.0,"damage_taken":0.0},{"damage_healed":0.0,"max_hp_gain":0.0,"max_hp_loss":0.0,"gold_gain":0.0,"event_name":"Liars Game","player_choice":"Ignored","floor":7.0,"gold_loss":0.0,"damage_taken":0.0},{"cards_removed":["animator:Defend"],"damage_healed":0.0,"max_hp_gain":0.0,"max_hp_loss":0.0,"gold_gain":0.0,"event_name":"The Cleric","player_choice":"Card Removal","floor":14.0,"gold_loss":50.0,"damage_taken":0.0},{"cards_removed":["animator:Strike"],"damage_healed":0.0,"max_hp_gain":0.0,"max_hp_loss":0.0,"gold_gain":0.0,"event_name":"betterNote:BetterNote","player_choice":"Give","floor":19.0,"gold_loss":0.0,"damage_taken":0.0,"cards_obtained":["None"]},{"damage_healed":0.0,"max_hp_gain":0.0,"max_hp_loss":0.0,"gold_gain":0.0,"event_name":"Drug Dealer","player_choice":"Inject Mutagens","floor":20.0,"gold_loss":0.0,"damage_taken":0.0,"relics_obtained":["MutagenicStrength"]},{"damage_healed":0.0,"max_hp_gain":0.0,"max_hp_loss":0.0,"gold_gain":0.0,"event_name":"The Mausoleum","player_choice":"Opened","floor":21.0,"gold_loss":0.0,"damage_taken":0.0,"relics_obtained":["PreservedInsect"]},{"damage_healed":0.0,"max_hp_gain":0.0,"max_hp_loss":0.0,"gold_gain":100.0,"event_name":"Golden Shrine","player_choice":"Pray","floor":25.0,"gold_loss":0.0,"damage_taken":0.0}],"is_beta":false,"boss_relics":[{"not_picked":["Busted Crown","SacredBark"],"picked":"Philosopher\u0027s Stone"},{"not_picked":["Fusion Hammer","animator:VividPicture"],"picked":"SlaversCollar"}],"items_purged_floors":[13,37],"is_endless":false,"potions_floor_spawned":[1,6,18,24,27,33,35],"killed_by":"Jaw Worm Horde","ascension_level":0}}