{"host":"Qube","time":1609380482,"event":{"mods":["AchievementEnabler","BaseMod","Colored Map","Colored Powertips","Minty Spire (QoL Compilation)","Quick Restart","Random Character Button","StSLib","The Cursed"],"gold_per_floor":[368,380,392,10,22,53,53,85,85,99,111,111,111],"floor_reached":12,"playtime":550,"items_purged":["Decay"],"score":166,"play_id":"3750950e-144d-44c4-ac61-4081d0dda7b8","local_time":"20201230180802","is_ascension_mode":true,"campfire_choices":[{"floor":7,"key":"REST"}],"circlet_count":0,"master_deck":["AscendersBane","Strike_P","Strike_P","Strike_P","Strike_P","Defend_P","Defend_P","Defend_P","Defend_P","Eruption","Vigilance","PathToVictory","EmptyFist","FollowUp","Protect","WindmillStrike","Wallop","Perseverance","Evaluate"],"relics":["PureWater","Damaru","StrikeDummy","Gremlin Horn","Matryoshka"],"acts_visited":["Exordium"],"potions_floor_usage":[3,6,6],"damage_taken":[{"damage":14,"enemies":"Cultist","floor":1,"turns":3},{"damage":9,"enemies":"Jaw Worm","floor":2,"turns":3},{"damage":5,"enemies":"2 Louse","floor":3,"turns":2},{"damage":1,"enemies":"Looter","floor":5,"turns":4},{"damage":10,"enemies":"Lagavulin","floor":6,"turns":4},{"damage":29,"enemies":"Gremlin Nob","floor":8,"turns":5},{"damage":8,"enemies":"Blue Slaver","floor":10,"turns":4},{"damage":0,"enemies":"3 Louse","floor":11,"turns":1},{"damage":0,"enemies":"Lagavulin","floor":12,"turns":1}],"seed_played":"-5301759576516750338","potions_obtained":[{"floor":1,"key":"DuplicationPotion"},{"floor":3,"key":"Strength Potion"},{"floor":5,"key":"SteroidPotion"}],"is_trial":false,"path_per_floor":["M","M","M","$","M","E","R","E","T","M","M","E"],"character_chosen":"WATCHER","items_purchased":["Damaru","Protect","WindmillStrike"],"campfire_rested":1,"item_purchase_floors":[4,4,4],"current_hp_per_floor":[47,38,33,33,32,22,42,13,13,5,5,5,5],"gold":111,"neow_bonus":"TWO_FIFTY_GOLD","is_daily":false,"chose_seed":false,"campfire_upgraded":0,"win_rate":0.0,"timestamp":1609380482,"path_taken":["M","M","M","$","?","E","R","E","T","M","M","E"],"items_purchased_type":["Relic","Card","Card"],"build_version":"2020-12-18","purchased_purges":1,"victory":false,"max_hp_per_floor":[68,68,68,68,68,68,68,68,68,68,68,68,68],"card_choices":[{"not_picked":["EmptyBody","Halt"],"picked":"PathToVictory","floor":1},{"not_picked":["Meditate","Wireheading"],"picked":"EmptyFist","floor":2},{"not_picked":["BowlingBash","SashWhip"],"picked":"FollowUp","floor":3},{"not_picked":["EmptyBody","FlurryOfBlows","Devotion"],"picked":"SKIP","floor":5},{"not_picked":["Consecrate","EmptyBody"],"picked":"Wallop","floor":6},{"not_picked":["Adaptation","JustLucky"],"picked":"Perseverance","floor":8},{"not_picked":["Prostrate","Protect"],"picked":"Evaluate","floor":10},{"not_picked":["CrushJoints","Worship","InnerPeace"],"picked":"SKIP","floor":11}],"player_experience":742511,"relics_obtained":[{"floor":6,"key":"StrikeDummy"},{"floor":8,"key":"Gremlin Horn"},{"floor":9,"key":"Matryoshka"}],"event_choices":[],"is_beta":true,"boss_relics":[],"items_purged_floors":[4],"is_endless":false,"potions_floor_spawned":[1,3,5],"killed_by":"Lagavulin","ascension_level":16}}