{"host":"i09pxcjttd31eh4q","time":1609441043,"event":{"mods":["AchievementEnabler","BaseMod","Colored Map","Keyboard Shortcuts","Minty Spire (QoL Compilation)","StSLib","SuperFastMode"],"gold_per_floor":[117,128,128,14,33,64,20,33,33,33,50,78,78,78,78,149,149,169,188,203,203,220,220,248,60,60,60,88,46,96,115,115,198,261,279,135,150,171,14,49,49,91,91,101,127,150,150,76,76,76,76,76],"floor_reached":51,"playtime":2411,"items_purged":["Strike_G","Strike_G","Bane"],"score":1408,"play_id":"c0bf571c-d3ce-48c6-bce2-30cf71e1c6cb","local_time":"20210101035723","is_ascension_mode":true,"campfire_choices":[{"data":"Poisoned Stab","floor":15.0,"key":"SMITH"},{"floor":23.0,"key":"REST"},{"data":"Calculated Gamble","floor":27.0,"key":"SMITH"},{"data":"Tactician","floor":32.0,"key":"SMITH"},{"data":"After Image","floor":41.0,"key":"SMITH"},{"floor":49.0,"key":"RECALL"}],"circlet_count":0,"master_deck":["AscendersBane","Survivor","Neutralize","Blade Dance","Deadly Poison+1","Crippling Poison","Acrobatics","Adrenaline","Well Laid Plans","Tactician+1","PiercingWail","Poisoned Stab+1","Storm of Steel","Cloak And Dagger","Backflip","Blade Dance+1","Calculated Gamble+1","Acrobatics","Deflect","Tools of the Trade","After Image+1","Expertise","Backflip","Storm of Steel","Unload","Accuracy","Wraith Form v2","Backflip","Reflex","Footwork","Venomology","Terror","Acrobatics","Blur"],"relics":["Ring of the Snake","NeowsBlessing","Tough Bandages","Oddly Smooth Stone","Odd Mushroom","WristBlade","Shovel","CeramicFish","Pandora\u0027s Box","Medical Kit","Centennial Puzzle","Letter Opener","Meat on the Bone","Singing Bowl"],"acts_visited":["Exordium","TheCity","TheBeyond"],"potions_floor_usage":[50,50,51],"damage_taken":[{"damage":0.0,"enemies":"Small Slimes","floor":1.0,"turns":1.0},{"damage":0.0,"enemies":"Cultist","floor":2.0,"turns":1.0},{"damage":0.0,"enemies":"Jaw Worm","floor":5.0,"turns":1.0},{"damage":35.0,"enemies":"3 Sentries","floor":6.0,"turns":12.0},{"damage":0.0,"enemies":"Red Slaver","floor":8.0,"turns":5.0},{"damage":1.0,"enemies":"3 Louse","floor":11.0,"turns":2.0},{"damage":5.0,"enemies":"The Mushroom Lair","floor":12.0,"turns":5.0},{"damage":9.0,"enemies":"Hexaghost","floor":16.0,"turns":10.0},{"damage":11.0,"enemies":"Shell Parasite","floor":18.0,"turns":5.0},{"damage":0.0,"enemies":"Chosen","floor":19.0,"turns":3.0},{"damage":11.0,"enemies":"Centurion and Healer","floor":20.0,"turns":5.0},{"damage":9.0,"enemies":"Snake Plant","floor":22.0,"turns":4.0},{"damage":10.0,"enemies":"Gremlin Leader","floor":24.0,"turns":7.0},{"damage":3.0,"enemies":"Shelled Parasite and Fungi","floor":28.0,"turns":4.0},{"damage":0.0,"enemies":"3 Cultists","floor":31.0,"turns":4.0},{"damage":14.0,"enemies":"Automaton","floor":33.0,"turns":10.0},{"damage":0.0,"enemies":"3 Shapes","floor":35.0,"turns":5.0},{"damage":0.0,"enemies":"3 Darklings","floor":37.0,"turns":3.0},{"damage":8.0,"enemies":"Spire Growth","floor":38.0,"turns":3.0},{"damage":0.0,"enemies":"Reptomancer","floor":40.0,"turns":5.0},{"damage":13.0,"enemies":"Nemesis","floor":42.0,"turns":8.0},{"damage":0.0,"enemies":"Sphere and 2 Shapes","floor":44.0,"turns":5.0},{"damage":1.0,"enemies":"Maw","floor":45.0,"turns":7.0},{"damage":11.0,"enemies":"Spire Growth","floor":46.0,"turns":4.0},{"damage":35,"enemies":"Awakened One","floor":50,"turns":19},{"damage":21,"enemies":"Time Eater","floor":51,"turns":7}],"seed_played":"-1504128277661339074","potions_obtained":[{"floor":6.0,"key":"SteroidPotion"},{"floor":8.0,"key":"SpeedPotion"},{"floor":11.0,"key":"Weak Potion"},{"floor":16.0,"key":"SneckoOil"},{"floor":20.0,"key":"Strength Potion"},{"floor":28.0,"key":"Regen Potion"},{"floor":38.0,"key":"Strength Potion"},{"floor":46.0,"key":"LiquidBronze"}],"is_trial":false,"path_per_floor":["M","M","?","$","M","E","$","M","T","T","M","?","$","?","R","B",null,"M","M","M","?","M","R","E","$","T","R","M","$","?","M","R","B",null,"M","$","M","M","$","E","R","E","T","M","M","M","?","$","R","B","B"],"character_chosen":"THE_SILENT","items_purchased":["Crippling Poison","Well Laid Plans","Calculated Gamble","Deflect","Backflip","Medical Kit","Blur"],"campfire_rested":1,"item_purchase_floors":[4,7,25,29,36,39,48],"current_hp_per_floor":[59,59,59,59,59,24,24,24,24,24,23,18,18,18,18,9,52,41,41,30,12,3,24,14,14,14,14,11,11,11,23,23,9,56,56,56,56,48,48,48,48,35,35,47,46,47,47,47,47,24,3,3],"gold":76,"neow_bonus":"THREE_ENEMY_KILL","is_daily":false,"chose_seed":false,"campfire_upgraded":4,"win_rate":0.0,"timestamp":1609441043,"path_taken":["M","M","?","?","?","E","$","M","T","?","M","?","$","?","R","BOSS","M","M","M","?","M","R","E","$","T","R","M","$","?","M","R","BOSS","M","$","M","M","$","E","R","E","T","M","M","M","?","?","R","BOSS","BOSS"],"items_purchased_type":["Card","Card","Card","Card","Card","Relic","Card"],"build_version":"2020-12-22","purchased_purges":3,"victory":false,"max_hp_per_floor":[66,66,66,66,66,66,66,66,66,66,66,66,66,66,66,66,66,66,66,66,71,71,71,71,71,71,71,71,71,71,71,71,71,71,71,71,71,71,71,71,71,71,71,71,71,71,71,71,71,71,71,71],"card_choices":[{"not_picked":["Prepared","Skewer"],"picked":"Blade Dance","floor":1.0},{"not_picked":["Quick Slash","Concentrate"],"picked":"Deadly Poison","floor":2.0},{"not_picked":["Prepared","Choke"],"picked":"Acrobatics","floor":5.0},{"not_picked":["Underhanded Strike","Sucker Punch"],"picked":"Adrenaline","floor":6.0},{"not_picked":["Deflect","Footwork"],"picked":"Tactician","floor":8.0},{"not_picked":["Riddle With Holes","Endless Agony"],"picked":"PiercingWail","floor":11.0},{"not_picked":["Infinite Blades","Outmaneuver"],"picked":"Poisoned Stab","floor":12.0},{"not_picked":["Envenom","Wraith Form v2"],"picked":"Storm of Steel","floor":16.0},{"not_picked":["Dodge and Roll","Dagger Spray"],"picked":"Cloak And Dagger","floor":18.0},{"not_picked":["Dodge and Roll","Caltrops","Underhanded Strike"],"picked":"SKIP","floor":19.0},{"not_picked":["Cloak And Dagger","Underhanded Strike","Dagger Spray"],"picked":"SKIP","floor":20.0},{"not_picked":["Dagger Spray","Blur"],"picked":"Backflip","floor":22.0},{"not_picked":["Quick Slash","Cloak And Dagger"],"picked":"Blade Dance+1","floor":24.0},{"not_picked":["Prepared","Quick Slash+1"],"picked":"Acrobatics","floor":28.0},{"not_picked":["Footwork","Dagger Throw"],"picked":"Tools of the Trade","floor":31.0},{"not_picked":["Grand Finale","Bullet Time"],"picked":"After Image","floor":33.0},{"not_picked":["Deflect","Dagger Throw+1","Dodge and Roll+1"],"picked":"SKIP","floor":35.0},{"not_picked":["Deflect","Dagger Throw+1","Dodge and Roll+1"],"picked":"SKIP","floor":35.0},{"not_picked":["Blade Dance+1","Expertise","Noxious Fumes+1"],"picked":"SKIP","floor":37.0},{"not_picked":["Dodge and Roll","Sucker Punch"],"picked":"Reflex","floor":38.0},{"not_picked":["Endless Agony","PiercingWail"],"picked":"Footwork","floor":40.0},{"not_picked":["Venomology","Blade Dance+1","Dagger Throw"],"picked":"SKIP","floor":42.0},{"not_picked":["Blade Dance+1","Dagger Throw"],"picked":"Venomology","floor":42.0},{"not_picked":["Masterful Stab","Flying Knee","Riddle With Holes+1"],"picked":"SKIP","floor":44.0},{"not_picked":["Dagger Spray","Distraction"],"picked":"Terror","floor":45.0},{"not_picked":["Expertise","Prepared"],"picked":"Acrobatics","floor":46.0}],"player_experience":810207,"relics_obtained":[{"floor":6.0,"key":"Tough Bandages"},{"floor":10.0,"key":"Oddly Smooth Stone"},{"floor":12.0,"key":"Odd Mushroom"},{"floor":24.0,"key":"Shovel"},{"floor":26.0,"key":"CeramicFish"},{"floor":40.0,"key":"Centennial Puzzle"},{"floor":42.0,"key":"Letter Opener"},{"floor":43.0,"key":"Meat on the Bone"}],"event_choices":[{"cards_removed":["Strike_G"],"damage_healed":0.0,"max_hp_gain":0.0,"max_hp_loss":0.0,"gold_gain":0.0,"event_name":"Bonfire Elementals","player_choice":"Offered Basic","floor":3.0,"gold_loss":0.0,"damage_taken":0.0},{"damage_healed":0.0,"max_hp_gain":0.0,"max_hp_loss":0.0,"gold_gain":0.0,"event_name":"Mushrooms","player_choice":"Fought Mushrooms","floor":12.0,"gold_loss":0.0,"damage_taken":0.0},{"damage_healed":0.0,"max_hp_gain":0.0,"max_hp_loss":0.0,"gold_gain":0.0,"event_name":"Living Wall","player_choice":"Grow","floor":14.0,"gold_loss":0.0,"damage_taken":0.0,"cards_upgraded":["Deadly Poison"]},{"damage_healed":0.0,"max_hp_gain":5.0,"max_hp_loss":0.0,"gold_gain":0.0,"event_name":"Forgotten Altar","player_choice":"Shed Blood","floor":21.0,"gold_loss":0.0,"damage_taken":23.0},{"damage_healed":0.0,"max_hp_gain":0.0,"max_hp_loss":0.0,"gold_gain":50.0,"event_name":"Nest","player_choice":"Stole From Cult","floor":30.0,"gold_loss":0.0,"damage_taken":0.0},{"damage_healed":0.0,"max_hp_gain":0.0,"max_hp_loss":0.0,"gold_gain":0.0,"event_name":"WeMeetAgain","player_choice":"Gave Potion","floor":47.0,"gold_loss":0.0,"damage_taken":0.0,"relics_obtained":["Singing Bowl"]}],"is_beta":false,"boss_relics":[{"not_picked":["Runic Dome","Philosopher\u0027s Stone"],"picked":"WristBlade"},{"not_picked":["Calling Bell","Cursed Key"],"picked":"Pandora\u0027s Box"}],"items_purged_floors":[4,25,36],"is_endless":false,"potions_floor_spawned":[6,8,11,16,19,20,28,38,45,46],"killed_by":"Time Eater","ascension_level":20}}