{"host":"w1xj5yb993x94b3l","time":1609443549,"event":{"mods":["AchievementEnabler","Act Like it!","Aspiration","BaseMod","Beaked The Cultist","BetterRewards","CCEM","Clockwork Mod","Colored Powertips","Conspire","Downfall","Energized Spire","Friendly Minions","GifTheSpireLib","Glutton Mod","Halation","Hubris","Infinite Spire","Lobotomy","LobotomyExtend","Mad Scientist","Marisa????????","Minty Spire (QoL Compilation)","Relic Sorter","Replay The Spire","Slumbering Mod","Spikes Relics","StSLib","Stuff the Spire","The Bladedancer","The Construct","The Disciple","The Jungle","The Mystic","The Runesmith","The Sage","The Servant 0.9.4","Trackpad","vexMod"],"gold_per_floor":[115,115,81,81,96,171,171,188,259,272,123,143,143,143,143],"floor_reached":14,"playtime":602,"items_purged":[],"score":92,"play_id":"63280550-a92d-4081-b8b3-790713182878","local_time":"20201231203909","is_ascension_mode":true,"campfire_choices":[{"data":"construct:Enhance","floor":7,"key":"SMITH"}],"circlet_count":0,"master_deck":["construct:Strike_Gold","construct:Strike_Gold+1","construct:Strike_Gold","construct:Strike_Gold","construct:Strike_Gold","construct:Defend_Gold","construct:Defend_Gold","construct:Defend_Gold","construct:Defend_Gold","construct:Defend_Gold","construct:AttackMode","construct:DefenseMode","construct:ClockworkEgg","construct:SaveState","construct:SuppressiveFire","construct:SuppressiveFire","construct:Enhance+1","construct:SuppressiveFire","construct:FierceBash","construct:Dampening"],"relics":["construct:ClockworkPhoenix","construct:Challenge1","LetterFromLob","Regal Pillow","Runesmith:Nanobots"],"acts_visited":["Exordium"],"potions_floor_usage":[12],"damage_taken":[{"damage":1,"enemies":"theSlumbering:NewCultist","floor":1,"turns":5},{"damage":8,"enemies":"Jaw Worm","floor":5,"turns":7},{"damage":18,"enemies":"Cultist","floor":8,"turns":6},{"damage":28,"enemies":"Large Slime","floor":10,"turns":8},{"damage":14,"enemies":"Blue Slaver","floor":12,"turns":3},{"damage":17,"enemies":"Replay:BlueRogue","floor":14,"turns":7}],"seed_played":"2649866240373024334","potions_obtained":[{"floor":1,"key":"Adrenaline Potion"},{"floor":5,"key":"SpeedPotion"},{"floor":10,"key":"Strength Potion"}],"is_trial":false,"path_per_floor":["M","?","$","?","M","?","R","M","T","M","$","M","?","E"],"character_chosen":"THE_CONSTRUCT_MOD","items_purchased":["construct:SuppressiveFire","Fruit Juice"],"campfire_rested":0,"item_purchase_floors":[3,11],"current_hp_per_floor":[84,84,84,84,76,68,68,50,50,22,22,16,16,0,0],"gold":143,"neow_bonus":"ONE_RANDOM_RARE_CARD","is_daily":false,"chose_seed":false,"campfire_upgraded":1,"win_rate":0.0,"timestamp":1609443549,"path_taken":["M","?","?","?","M","?","R","M","T","M","$","?","?","E"],"items_purchased_type":["Card","Potion"],"build_version":"2020-12-22","purchased_purges":0,"victory":false,"max_hp_per_floor":[85,85,85,85,85,85,85,85,85,85,85,93,93,93,93],"card_choices":[{"not_picked":["construct:Backfire","construct:ShiftGuard"],"picked":"construct:SaveState","floor":1},{"not_picked":["construct:ScrapCannon","construct:HardReboot"],"picked":"construct:Enhance","floor":5},{"not_picked":["construct:VentSteam","construct:FlakBarrage"],"picked":"construct:SuppressiveFire","floor":8},{"not_picked":["construct:Synchronize","construct:Overcharge"],"picked":"construct:FierceBash","floor":10},{"not_picked":["construct:Boost","construct:ElectricArmor"],"picked":"construct:Dampening","floor":12}],"player_experience":234576,"relics_obtained":[{"floor":1,"key":"LetterFromLob"},{"floor":4,"key":"Regal Pillow"},{"floor":9,"key":"Runesmith:Nanobots"}],"event_choices":[{"damage_healed":0,"gold_gain":0,"player_choice":"Leave","damage_taken":0,"max_hp_gain":0,"max_hp_loss":0,"event_name":"conspire:Investor","floor":2,"gold_loss":0},{"damage_healed":0,"gold_gain":75,"player_choice":"Touch","damage_taken":8,"max_hp_gain":0,"max_hp_loss":0,"event_name":"FaceTrader","floor":6,"gold_loss":0}],"is_beta":false,"boss_relics":[],"items_purged_floors":[],"is_endless":false,"potions_floor_spawned":[1,5,10],"killed_by":"Replay:BlueRogue","ascension_level":3}}