{"host":"1zfbckszmdcrhnfi","time":1609394043,"event":{"mods":["AchievementEnabler","BaseMod","Colored Map","Downfall","Marisa£®ÏF”Í°°ƒß¿Ì…≥£©","Minty Spire (QoL Compilation)","Replay The Spire","Shop Mod","StSLib","The Cursed","The Servant 0.9.4"],"gold_per_floor":[116,129,129,54,74,104,104,138,138,150,161,189,200,212,212,314,314,332,332,8,20,34,34,61,74,99,0,15,66,66,83,83,83,83],"floor_reached":33,"playtime":2013,"items_purged":["Strike_G","Defend_G"],"score":291,"play_id":"7ff409a5-b918-4ce0-b981-ad9cdf69ed98","local_time":"20201231135403","is_ascension_mode":false,"campfire_choices":[{"floor":7.0,"key":"REST"},{"floor":15.0,"key":"REST"},{"floor":23.0,"key":"RECALL"},{"floor":30.0,"key":"REST"},{"floor":32,"key":"REST"}],"circlet_count":0,"master_deck":["Strike_G","Strike_G","Strike_G","Strike_G","Defend_G","Defend_G","Defend_G","Defend_G","Survivor","Neutralize","Deadly Poison","Outmaneuver","Infinite Blades","Envenom","Deadly Poison","Bullet Time","PiercingWail","Terror","Eviscerate","Corpse Explosion","Terror","expansioncontent:StudyTheSpire","Footwork","Prepared+1","Bouncing Flask","Catalyst+1","Deadly Poison+1","Noxious Fumes"],"relics":["Paper Crane","Blood Vial","Pondfish Scales","Fusion Hammer","FaceOfCleric","MerchantsRug","Calipers","Snake Skull"],"acts_visited":["Exordium","TheCity"],"potions_floor_usage":[],"damage_taken":[{"damage":0.0,"enemies":"Small Slimes","floor":1.0,"turns":4.0},{"damage":0.0,"enemies":"Cultist","floor":2.0,"turns":3.0},{"damage":0.0,"enemies":"Jaw Worm","floor":5.0,"turns":4.0},{"damage":35.0,"enemies":"3 Sentries","floor":6.0,"turns":14.0},{"damage":27.0,"enemies":"Gremlin Nob","floor":8.0,"turns":5.0},{"damage":6.0,"enemies":"Exordium Wildlife","floor":10.0,"turns":6.0},{"damage":7.0,"enemies":"Red Slaver","floor":11.0,"turns":4.0},{"damage":4.0,"enemies":"Lagavulin","floor":12.0,"turns":6.0},{"damage":0.0,"enemies":"2 Fungi Beasts","floor":13.0,"turns":5.0},{"damage":2.0,"enemies":"Looter","floor":14.0,"turns":4.0},{"damage":9.0,"enemies":"The Guardian","floor":16.0,"turns":8.0},{"damage":0.0,"enemies":"Chosen","floor":18.0,"turns":6.0},{"damage":18.0,"enemies":"Spheric Guardian","floor":21.0,"turns":5.0},{"damage":0.0,"enemies":"3 Cultists","floor":22.0,"turns":3.0},{"damage":37.0,"enemies":"Gremlin Leader","floor":24.0,"turns":8.0},{"damage":4.0,"enemies":"Centurion and Healer","floor":25.0,"turns":5.0},{"damage":11.0,"enemies":"Snecko","floor":28.0,"turns":4.0},{"damage":19,"enemies":"Shelled Parasite and Fungi","floor":31,"turns":4},{"damage":32,"enemies":"Collector","floor":33,"turns":4}],"seed_played":"760722242980866393","potions_obtained":[{"floor":1.0,"key":"Weak Potion"},{"floor":6.0,"key":"SkillPotion"},{"floor":10.0,"key":"BlessingOfTheForge"},{"floor":13.0,"key":"Strength Potion"},{"floor":14.0,"key":"Explosive Potion"},{"floor":22.0,"key":"SkillPotion"},{"floor":28.0,"key":"Elixir"}],"is_trial":false,"path_per_floor":["M","M","?","$","M","E","R","E","T","M","M","E","M","M","R","B",null,"M","?","$","M","M","R","E","M","T","?","M","$","R","M","R","B"],"character_chosen":"THE_SILENT","items_purchased":["MerchantsRug","expansioncontent:StudyTheSpire","Noxious Fumes"],"campfire_rested":4,"item_purchase_floors":[20,20,29],"current_hp_per_floor":[70,70,70,70,70,35,56,29,29,25,20,18,20,20,41,34,70,70,70,70,53,56,56,22,21,21,21,13,13,35,19,41,11,11],"gold":83,"neow_bonus":"BOSS_RELIC","is_daily":false,"chose_seed":false,"campfire_upgraded":0,"win_rate":0.0,"timestamp":1609394043,"path_taken":["M","M","?","$","M","E","R","E","T","M","M","E","M","?","R","BOSS","M","?","$","M","M","R","E","?","T","?","M","?","R","M","R","BOSS"],"items_purchased_type":["Relic","Card","Card"],"build_version":"2020-12-22","purchased_purges":2,"victory":false,"max_hp_per_floor":[70,70,70,70,70,70,70,70,70,70,70,70,70,70,70,70,70,70,70,70,71,72,72,73,74,74,74,75,75,75,76,76,76,76],"card_choices":[{"not_picked":["Accuracy","Sucker Punch","Backflip"],"picked":"Blade Dance","floor":1.0},{"not_picked":["Dagger Spray","Flechettes","Flying Knee"],"picked":"Deadly Poison","floor":2.0},{"not_picked":["Dash","Masterful Stab","Dagger Throw"],"picked":"Outmaneuver","floor":5.0},{"not_picked":["Flying Knee","Quick Slash","Distraction"],"picked":"Infinite Blades","floor":6.0},{"not_picked":["Endless Agony","Calculated Gamble","Quick Slash"],"picked":"Envenom","floor":8.0},{"not_picked":["Acrobatics","Sneak Up","Quick Slash"],"picked":"Deadly Poison","floor":10.0},{"not_picked":["Backflip","Deadly Poison","Infinite Blades"],"picked":"Bullet Time","floor":11.0},{"not_picked":["Dodge and Roll","Dagger Spray","Choke"],"picked":"PiercingWail","floor":12.0},{"not_picked":["Blade Dance","Cloak And Dagger","Backflip"],"picked":"Terror","floor":13.0},{"not_picked":["ReplayTheSpireMod:Speed Training","ReplayTheSpireMod:Exploit Weakness","Outmaneuver"],"picked":"Eviscerate","floor":14.0},{"not_picked":["Poison Darts","Night Terror","Malaise"],"picked":"Corpse Explosion","floor":16.0},{"not_picked":["Deflect","Cloak And Dagger","Quick Slash"],"picked":"Terror","floor":18.0},{"not_picked":["Acrobatics","Hidden Blade","Finisher"],"picked":"Footwork","floor":21.0},{"not_picked":["Escape Plan","Underhanded Strike","Cloak And Dagger"],"picked":"Prepared+1","floor":22.0},{"not_picked":["Flechettes","Accuracy","Bane"],"picked":"Bouncing Flask","floor":24.0},{"not_picked":["Backflip","Backstab","Deflect"],"picked":"Catalyst+1","floor":25.0},{"not_picked":["Footwork","Distraction","Tools of the Trade"],"picked":"Deadly Poison+1","floor":28.0},{"not_picked":["Catalyst","Hidden Blade","Leg Sweep"],"picked":"SKIP","floor":31}],"player_experience":151506,"relics_obtained":[{"floor":6.0,"key":"Centennial Puzzle"},{"floor":8.0,"key":"Blood Vial"},{"floor":12.0,"key":"Pondfish Scales"},{"floor":24.0,"key":"Calipers"},{"floor":26.0,"key":"Snake Skull"}],"event_choices":[{"cards_removed":["Blade Dance"],"damage_healed":0.0,"max_hp_gain":0.0,"max_hp_loss":0.0,"gold_gain":0.0,"event_name":"WeMeetAgain","player_choice":"Gave Card","floor":3.0,"gold_loss":0.0,"damage_taken":0.0,"relics_obtained":["Paper Crane"]},{"damage_healed":0.0,"max_hp_gain":0.0,"max_hp_loss":0.0,"gold_gain":0.0,"event_name":"FaceTrader","player_choice":"Trade","floor":19.0,"gold_loss":0.0,"damage_taken":0.0,"relics_obtained":["FaceOfCleric"]},{"damage_healed":0.0,"max_hp_gain":0.0,"max_hp_loss":0.0,"gold_gain":0.0,"event_name":"Masked Bandits","player_choice":"Paid Fearfully","floor":27.0,"gold_loss":99.0,"damage_taken":0.0}],"is_beta":false,"boss_relics":[{"not_picked":["Runic Dome","Black Star"],"picked":"Fusion Hammer"}],"items_purged_floors":[4,20],"is_endless":false,"potions_floor_spawned":[1,6,10,13,14,22,28],"killed_by":"Collector","ascension_level":0}}