{"host":"eocn4tduyrehyy81","time":1609438234,"event":{"mods":["AchievementEnabler","Aspiration","BaseMod","BetterRewards","Custom Start","Minty Spire (QoL Compilation)","Replay The Spire","StSLib"],"gold_per_floor":[113,31,31,31,45,74,74,93,120,120,150,170,170,184,184,281,281,298,321,64,82,100,100,126,126,126,142,160,160,160,252,252,252,252],"floor_reached":33,"playtime":4130,"items_purged":[],"score":402,"play_id":"eb85ba70-6fac-48d2-b858-5477321270fc","local_time":"20201231121034","is_ascension_mode":false,"campfire_choices":[{"floor":10,"key":"REST"},{"floor":13,"key":"REST"},{"data":"Electrodynamics","floor":15,"key":"SMITH"},{"data":"Loop","floor":23,"key":"SMITH"},{"data":"Hologram","floor":25,"key":"SMITH"},{"floor":30,"key":"REST"},{"floor":32,"key":"REST"}],"circlet_count":0,"master_deck":["Strike_B","Strike_B","Defend_B","Defend_B","Defend_B","Defend_B","Zap","Dualcast","Leap","Swift Strike+1","BootSequence","Concentrate","Acrobatics","Skewer+1","Iron Wave+1","Loop+1","Go for the Eyes+1","Hologram+1","FTL+1","Streamline+1","Electrodynamics+1","Conserve Battery+1","Redo","Storm","Steam+1","Sweeping Beam+1","Ghostly Armor","ReplayTheSpireMod:Stacked","Pommel Strike+1","Self Repair","BasicCrystalCard","Barrage+1","Run Through+1","Barrage+1","Rampage+1","Capacitor+1"],"relics":["Cracked Core","ReplayTheSpireMod:CursedCoin","Molten Egg 2","Replay:PocketPolymizer","CultistMask","aspiration:ChemicalBlood","aspiration:HiddenCompartment","aspiration:IroncladSkillbook","Orichalcum","Toolbox","Prayer Wheel","Sundial","Pantograph"],"acts_visited":["Exordium","TheCity"],"potions_floor_usage":[6,6,11,16,16,22,24,24,24,24,24,24,27,27,28,33,33,33,33,33],"damage_taken":[{"damage":6,"enemies":"Cultist","floor":1,"turns":3},{"damage":0,"enemies":"Small Slimes","floor":2,"turns":4},{"damage":0,"enemies":"2 Louse","floor":5,"turns":2},{"damage":15,"enemies":"Gremlin Nob","floor":6,"turns":4},{"damage":8,"enemies":"Exordium Thugs","floor":8,"turns":5},{"damage":18,"enemies":"3 Sentries","floor":11,"turns":7},{"damage":4,"enemies":"3 Louse","floor":12,"turns":4},{"damage":0,"enemies":"2 Fungi Beasts","floor":14,"turns":2},{"damage":32,"enemies":"Fading Forest","floor":16,"turns":11},{"damage":5,"enemies":"3 Byrds","floor":18,"turns":3},{"damage":0,"enemies":"Chosen","floor":21,"turns":4},{"damage":21,"enemies":"Shelled Parasite and Fungi","floor":22,"turns":5},{"damage":11,"enemies":"Book of Stabbing","floor":24,"turns":7},{"damage":0,"enemies":"Snake Plant","floor":27,"turns":4},{"damage":22,"enemies":"Centurion and Healer","floor":28,"turns":7},{"damage":82,"enemies":"Automaton","floor":33,"turns":10}],"seed_played":"2370157617034463805","potions_obtained":[{"floor":1,"key":"Block Potion"},{"floor":2,"key":"AttackPotion"},{"floor":8,"key":"SkillPotion"},{"floor":11,"key":"PowerPotion"},{"floor":14,"key":"Weak Potion"},{"floor":21,"key":"Elixir"},{"floor":28,"key":"Explosive Potion"},{"floor":33,"key":"Doom Potion"},{"floor":33,"key":"Doom Potion"}],"is_trial":false,"path_per_floor":["M","M","?","?","M","E","?","M","T","R","E","M","R","M","R","B",null,"M","T","$","M","M","R","E","R","T","M","M","?","R","?","R","B"],"character_chosen":"DEFECT","items_purchased":["ReplayTheSpireMod:CursedCoin","Molten Egg 2","Leap","Swift Strike+1","Toolbox","Redo","Storm"],"campfire_rested":4,"item_purchase_floors":[0,0,0,0,20,20,20],"current_hp_per_floor":[69,69,69,69,69,54,54,46,46,68,50,46,68,68,68,61,75,74,74,74,75,58,58,66,66,66,70,52,52,74,44,66,0,0],"gold":252,"neow_bonus":"","is_daily":false,"chose_seed":false,"campfire_upgraded":3,"win_rate":0.0,"timestamp":1609438234,"path_taken":["M","M","?","?","?","E","?","M","T","R","E","M","R","M","R","BOSS","M","?","$","?","M","R","E","R","T","M","M","?","R","?","R","BOSS"],"items_purchased_type":["Relic","Relic","Card","Card","Relic","Card","Card"],"build_version":"2020-12-22","purchased_purges":0,"victory":false,"max_hp_per_floor":[75,75,75,75,75,75,75,75,75,75,75,75,75,75,75,75,75,75,75,75,75,75,75,75,75,75,75,75,75,75,75,75,75,75],"card_choices":[{"not_picked":["Glacier","Genetic Algorithm"],"picked":"BootSequence","floor":1},{"not_picked":["Fusion","Beam Cell+1"],"picked":"aspiration:Polymerization","floor":2},{"not_picked":["Barrage+1","Reprogram"],"picked":"Loop","floor":5},{"not_picked":["White Noise","Steam"],"picked":"Go for the Eyes+1","floor":6},{"not_picked":["ReplayTheSpireMod:Calculation Training","Time Bomb"],"picked":"Hologram","floor":8},{"not_picked":["Time Bomb","Storm"],"picked":"FTL+1","floor":11},{"not_picked":["Beam Cell+1","Coolheaded"],"picked":"Streamline+1","floor":12},{"not_picked":["Undo","Go for the Eyes+1"],"picked":"Electrodynamics","floor":14},{"not_picked":["Mirror Shield","Fission"],"picked":"ReplayTheSpireMod:Fabricate Wheel","floor":16},{"not_picked":["Thunderclap+1","Metallicize","Perfected Strike+1"],"picked":"Conserve Battery+1","floor":18},{"not_picked":["Reprogram+1","ReplayTheSpireMod:Strike From Hell+1","Pummel+1"],"picked":"Steam+1","floor":21},{"not_picked":["Compile Driver+1","Coolheaded+1","ReplayTheSpireMod:Strike From Hell+1"],"picked":"Sweeping Beam+1","floor":21},{"not_picked":["Redo","Cold Snap+1","Glacier"],"picked":"Ghostly Armor","floor":22},{"not_picked":["Second Wind","Perfected Strike+1","Skim"],"picked":"ReplayTheSpireMod:Stacked","floor":22},{"not_picked":["Flex","Exhume","Clash+1"],"picked":"Pommel Strike+1","floor":24},{"not_picked":["Massacre+1","Wild Strike+1","Sword Boomerang+1"],"picked":"Self Repair","floor":27},{"not_picked":["Reinforced Body","Disarm","Darkness"],"picked":"BasicCrystalCard","floor":27},{"not_picked":["Clothesline+1","Flex","Second Wind"],"picked":"Barrage+1","floor":28},{"not_picked":["Time Bomb","Second Wind+1","Spot Weakness"],"picked":"Run Through+1","floor":28},{"not_picked":["Berserk","Twin Strike+1","Streamline+1"],"picked":"Barrage+1","floor":31},{"not_picked":["Whirlwind+1","ReplayTheSpireMod:Strike From Hell+1","ReplayTheSpireMod:Muscle Training+1"],"picked":"Rampage+1","floor":31},{"not_picked":["Leap","Ball Lightning+1","ReplayTheSpireMod:GoodbyeWorld"],"picked":"Capacitor+1","floor":31}],"player_experience":48290,"relics_obtained":[{"floor":6,"key":"Replay:PocketPolymizer"},{"floor":9,"key":"aspiration:ChemicalBlood"},{"floor":11,"key":"aspiration:HiddenCompartment"},{"floor":19,"key":"Orichalcum"},{"floor":24,"key":"Sundial"},{"floor":26,"key":"Pantograph"}],"event_choices":[{"cards_removed":["Strike_B"],"damage_healed":0,"gold_gain":0,"player_choice":"Took Card","damage_taken":0,"max_hp_gain":0,"max_hp_loss":0,"event_name":"NoteForYourself","floor":4,"gold_loss":0,"cards_obtained":["Iron Wave"]},{"damage_healed":0,"gold_gain":0,"player_choice":"Trade","damage_taken":0,"relics_obtained":["CultistMask"],"max_hp_gain":0,"max_hp_loss":0,"event_name":"FaceTrader","floor":7,"gold_loss":0}],"is_beta":false,"boss_relics":[{"not_picked":["Replay:Wanted Poster","Kintsugi"],"picked":"aspiration:IroncladSkillbook"}],"items_purged_floors":[],"is_endless":false,"potions_floor_spawned":[1,2,8,11,14,21,28],"killed_by":"Automaton","ascension_level":0}}