{"host":"5fasz840ryq7obdf","time":1609376028,"event":{"mods":["AchievementEnabler","BaseMod","Bestiary","Better Altar","Better Skull","Better Third Choice","BetterRewards","Block Reminder","Colored Powertips","Curses Come First","Downfall","Highlight Path","Minty Spire (QoL Compilation)","Quick Restart","Relic Sorter","Relic Stats","Shop Mod","Spicy Shops","StSLib","SuperFastMode"],"gold_per_floor":[99,99,99,31,31,31,79,92,0,20,33,44,44,73,93,93,93,93],"floor_reached":16,"playtime":683,"items_purged":[],"score":110,"play_id":"f7b099e0-57c1-4319-82e6-9f5bb6c95ad0","local_time":"20201231005348","is_ascension_mode":true,"campfire_choices":[{"data":"Slimebound:Split","floor":1.0,"key":"SMITH"},{"data":"Slimebound:CorrosiveSpit","floor":13.0,"key":"SMITH"}],"circlet_count":0,"master_deck":["Slimebound:Strike_Slimebound","Slimebound:Strike_Slimebound","Slimebound:Strike_Slimebound","Slimebound:Tackle","Slimebound:Defend_Slimebound","Slimebound:Defend_Slimebound","Slimebound:Defend_Slimebound","Slimebound:Split+1","Slimebound:CorrosiveSpit+1","Slimebound:Grow","Slimebound:Schlurp","Slimebound:LeechingTouch","Slimebound:Equalize","Slimebound:Schlurp","Slimebound:MassFeed","Slimebound:SplitAcid","Slimebound:FirmFortitude","Slimebound:SamplingLick","Slimebound:LeadByExample","Slimebound:SamplingLick","Slimebound:FinishingTackle","Slimebound:DuplicatedForm"],"relics":["Slimebound:AbsorbEndCombat","downfall:HeartsMalice","Slimebound:GreedOozeRelic","Art of War","StrikeDummy"],"acts_visited":["Exordium"],"potions_floor_usage":[16],"damage_taken":[{"damage":0.0,"enemies":"Cultist","floor":2.0,"turns":1.0},{"damage":0.0,"enemies":"Jaw Worm","floor":3.0,"turns":1.0},{"damage":0.0,"enemies":"downfall:FleeingMerchant","floor":4.0,"turns":1.0},{"damage":23.0,"enemies":"Small Slimes","floor":8.0,"turns":3.0},{"damage":13.0,"enemies":"downfall:FleeingMerchant","floor":9.0,"turns":4.0},{"damage":20.0,"enemies":"3 Louse","floor":10.0,"turns":3.0},{"damage":16.0,"enemies":"Blue Slaver","floor":11.0,"turns":2.0},{"damage":12.0,"enemies":"2 Fungi Beasts","floor":12.0,"turns":2.0},{"damage":21,"enemies":"3 Sentries","floor":14,"turns":4},{"damage":12,"enemies":"Exordium Wildlife","floor":15,"turns":2},{"damage":38,"enemies":"downfall:Watcher","floor":16,"turns":3}],"seed_played":"832760579821331628","potions_obtained":[{"floor":8.0,"key":"AttackPotion"},{"floor":10.0,"key":"Slimebound:SlimedPotion"},{"floor":11.0,"key":"Energy Potion"},{"floor":15,"key":"FearPotion"}],"is_trial":false,"path_per_floor":["R","M","M","$","?","?","T","M","$","M","M","M","R","E","M","B"],"character_chosen":"SLIMEBOUND","items_purchased":["Slimebound:Equalize","Slimebound:FirmFortitude"],"campfire_rested":0,"item_purchase_floors":[4,9],"current_hp_per_floor":[60,60,60,60,60,60,60,49,50,47,44,38,38,34,38,0,0,0],"gold":93,"neow_bonus":"THREE_ENEMY_KILL","is_daily":false,"chose_seed":false,"campfire_upgraded":2,"win_rate":0.0,"timestamp":1609376028,"path_taken":["R","M","M","$","?","?","T","M","?","?","M","M","R","E","M","BOSS"],"items_purchased_type":["Card","Card"],"build_version":"2020-12-22","purchased_purges":0,"victory":false,"max_hp_per_floor":[60,60,60,60,60,60,60,60,60,63,66,66,66,69,69,69,69,69],"relic_stats":{"counters":[11,21],"Art of War":[4],"obtain_stats":[{"Slimebound:GreedOozeRelic":6,"downfall:HeartsMalice":0,"Slimebound:AbsorbEndCombat":0,"Art of War":7,"StrikeDummy":14},{"Slimebound:GreedOozeRelic":3,"downfall:HeartsMalice":0,"Slimebound:AbsorbEndCombat":0,"Art of War":3,"StrikeDummy":9},{"Slimebound:GreedOozeRelic":0,"downfall:HeartsMalice":0,"Slimebound:AbsorbEndCombat":0,"Art of War":0,"StrikeDummy":16}]},"card_choices":[{"not_picked":["Slimebound:LeechEnergy","Slimebound:RollThrough"],"picked":"Slimebound:Grow","floor":2.0},{"not_picked":["Slimebound:DivideAndConquer","Slimebound:SlimeSpikes"],"picked":"Slimebound:Schlurp","floor":3.0},{"not_picked":["Slimebound:RollThrough","Slimebound:GrowthPunch"],"picked":"Slimebound:LeechingTouch","floor":4.0},{"not_picked":["Slimebound:LevelUp","Slimebound:LeechEnergy"],"picked":"Slimebound:MassFeed","floor":8.0},{"not_picked":["Slimebound:FlameTackle","Slimebound:FinishingTackle"],"picked":"Slimebound:SplitAcid","floor":9.0},{"not_picked":["Slimebound:SplitBruiser","Slimebound:SpikyOuterGoop"],"picked":"Slimebound:SamplingLick","floor":10.0},{"not_picked":["Slimebound:SlimeSpikes","Slimebound:LevelUp"],"picked":"Slimebound:LeadByExample","floor":11.0},{"not_picked":["Slimebound:DivideAndConquer","Slimebound:SlimeSpikes"],"picked":"Slimebound:SamplingLick","floor":12.0},{"not_picked":["Slimebound:Schlurp","Slimebound:SlimeBrawl"],"picked":"Slimebound:FinishingTackle","floor":14},{"not_picked":["Slimebound:DisruptingSlam","Slimebound:SlimeSpikes"],"picked":"Slimebound:DuplicatedForm","floor":15}],"player_experience":1323624,"relics_obtained":[{"floor":7.0,"key":"Art of War"},{"floor":14,"key":"StrikeDummy"}],"event_choices":[{"damage_healed":0.0,"max_hp_gain":0.0,"max_hp_loss":0.0,"gold_gain":0.0,"cards_transformed":["Slimebound:Defend_Slimebound"],"event_name":"Living Wall","player_choice":"Change","floor":5.0,"gold_loss":0.0,"damage_taken":0.0,"cards_obtained":["Slimebound:Schlurp"]}],"is_beta":false,"boss_relics":[],"items_purged_floors":[],"is_endless":false,"potions_floor_spawned":[8,10,11,12,15],"killed_by":"downfall:Watcher","ascension_level":2}}