{"host":"pfy6u49v5s5r680p","time":1609430732,"event":{"mods":["BaseMod","Colored Map","DeckTracker","Highlight Path","Keyboard Shortcuts","Minty Spire (QoL Compilation)","Permanent Neow","Quick Restart","StSLib","SuperFastMode","everything is the same but u backflip on backflip"],"gold_per_floor":[114,134,144,162,176,176,195,212,259,333,61,97,97,160,160,259,259,299,343,343,394,414,414,474,474,474,507,57,157,177,214,214,312,312,330,345,345,345,420,450,450,479,502,502,148,148,185,201,201,201],"floor_reached":51,"playtime":3131,"items_purged":["Strike_R","Strike_R","Strike_R"],"score":1119,"play_id":"c97f5b81-fd97-4b9b-87b4-bd0bcee243c8","local_time":"20210101010532","is_ascension_mode":true,"campfire_choices":[{"data":"Blind","floor":6.0,"key":"SMITH"},{"data":"Body Slam","floor":15.0,"key":"SMITH"},{"data":"HandOfGreed","floor":23.0,"key":"SMITH"},{"data":"Juggernaut","floor":25.0,"key":"SMITH"},{"floor":32.0,"key":"REST"},{"floor":41.0,"key":"DIG"},{"floor":44.0,"key":"DIG"},{"floor":46.0,"key":"DIG"},{"floor":49,"key":"DIG"}],"circlet_count":0,"master_deck":["Strike_R","Defend_R","Defend_R","Defend_R","Defend_R","Bash","Blind+1","Sentinel","Infernal Blade","Clash","Body Slam+1","Burning Pact","Armaments","Battle Trance","Juggernaut+1","HandOfGreed+1","Battle Trance","Shrug It Off","Corruption","Pommel Strike+1","Warcry","Body Slam+1","Power Through","Bludgeon","Dark Embrace","Flex+1","Battle Trance","Bludgeon","Entrench","Madness","Madness","Headbutt+1","Power Through+1","Burning Pact","Barricade","Entrench","Shockwave+1","Barricade"],"relics":["Burning Blood","Toy Ornithopter","Pen Nib","Snecko Eye","Enchiridion","Happy Flower","Pantograph","Mercury Hourglass","Shovel","Fusion Hammer","Lizard Tail","Orichalcum","Nunchaku","PreservedInsect","Strawberry","Oddly Smooth Stone","Letter Opener","Sundial"],"acts_visited":["Exordium","TheCity","TheBeyond"],"potions_floor_usage":[50],"damage_taken":[{"damage":2.0,"enemies":"Cultist","floor":1.0,"turns":4.0},{"damage":2.0,"enemies":"Jaw Worm","floor":2.0,"turns":5.0},{"damage":9.0,"enemies":"Small Slimes","floor":3.0,"turns":3.0},{"damage":6.0,"enemies":"3 Louse","floor":4.0,"turns":2.0},{"damage":0.0,"enemies":"Blue Slaver","floor":5.0,"turns":3.0},{"damage":5.0,"enemies":"Red Slaver","floor":7.0,"turns":3.0},{"damage":25.0,"enemies":"Large Slime","floor":8.0,"turns":8.0},{"damage":15.0,"enemies":"3 Sentries","floor":10.0,"turns":6.0},{"damage":9.0,"enemies":"Exordium Thugs","floor":12.0,"turns":4.0},{"damage":17.0,"enemies":"Lots of Slimes","floor":14.0,"turns":5.0},{"damage":26.0,"enemies":"Hexaghost","floor":16.0,"turns":10.0},{"damage":0.0,"enemies":"Chosen","floor":18.0,"turns":3.0},{"damage":1.0,"enemies":"3 Byrds","floor":19.0,"turns":4.0},{"damage":13.0,"enemies":"Centurion and Healer","floor":21.0,"turns":4.0},{"damage":21.0,"enemies":"Snake Plant","floor":22.0,"turns":4.0},{"damage":16.0,"enemies":"Book of Stabbing","floor":24.0,"turns":3.0},{"damage":10.0,"enemies":"Slavers","floor":27.0,"turns":5.0},{"damage":14.0,"enemies":"Chosen and Byrds","floor":30.0,"turns":3.0},{"damage":14.0,"enemies":"Centurion and Healer","floor":31.0,"turns":2.0},{"damage":0.0,"enemies":"Automaton","floor":33.0,"turns":3.0},{"damage":0.0,"enemies":"Orb Walker","floor":35.0,"turns":2.0},{"damage":0.0,"enemies":"3 Darklings","floor":36.0,"turns":2.0},{"damage":1.0,"enemies":"Mind Bloom Boss Battle","floor":39.0,"turns":2.0},{"damage":38.0,"enemies":"Reptomancer","floor":40.0,"turns":4.0},{"damage":7.0,"enemies":"Giant Head","floor":42.0,"turns":3.0},{"damage":6.0,"enemies":"Jaw Worm Horde","floor":47.0,"turns":4.0},{"damage":0,"enemies":"Maw","floor":48,"turns":4},{"damage":36,"enemies":"Time Eater","floor":50,"turns":7}],"seed_played":"-8590787524477561063","potions_obtained":[{"floor":2.0,"key":"ColorlessPotion"},{"floor":3.0,"key":"SpeedPotion"},{"floor":7.0,"key":"PowerPotion"},{"floor":10.0,"key":"Weak Potion"},{"floor":12.0,"key":"Dexterity Potion"},{"floor":21.0,"key":"SpeedPotion"},{"floor":22.0,"key":"DuplicationPotion"},{"floor":24.0,"key":"Explosive Potion"},{"floor":30.0,"key":"SneckoOil"},{"floor":33.0,"key":"FairyPotion"},{"floor":35.0,"key":"ElixirPotion"},{"floor":47.0,"key":"Regen Potion"}],"is_trial":false,"path_per_floor":["M","M","M","M","M","R","M","M","T","E","$","M","?","M","R","B",null,"M","M","?","M","M","R","E","R","T","E","$","?","M","M","R","B",null,"M","M","?","?","?","E","R","E","T","R","$","R","M","M","R","B",null],"character_chosen":"IRONCLAD","items_purchased":["HandOfGreed","Dark Embrace","Shovel","Barricade","Entrench"],"campfire_rested":1,"item_purchase_floors":[11,28,28,45,45],"current_hp_per_floor":[76,80,77,77,80,80,80,61,61,62,62,59,52,51,51,36,69,75,80,64,57,42,42,37,37,37,43,43,43,35,27,51,80,80,80,80,70,70,80,48,48,47,54,54,54,54,54,60,60,65],"gold":201,"neow_bonus":"RANDOM_COLORLESS","is_daily":false,"chose_seed":false,"campfire_upgraded":4,"win_rate":0.0,"timestamp":1609430732,"path_taken":["M","M","M","M","?","R","M","M","T","E","$","?","?","M","R","BOSS","M","M","?","M","M","R","E","R","T","E","$","?","M","M","R","BOSS","M","M","?","?","?","E","R","E","T","R","?","R","M","?","R","BOSS"],"items_purchased_type":["Card","Card","Relic","Card","Card"],"build_version":"2020-12-22","purchased_purges":3,"victory":true,"max_hp_per_floor":[80,80,80,80,80,80,80,80,80,80,80,80,80,80,80,80,80,80,80,80,80,80,80,80,80,80,80,80,80,80,80,80,80,80,80,80,80,80,80,80,80,80,87,87,87,87,87,87,87,87],"card_choices":[{"not_picked":["Deep Breath","Dramatic Entrance"],"picked":"Blind","floor":0.0},{"not_picked":["Dark Embrace","Havoc"],"picked":"Sentinel","floor":1.0},{"not_picked":["Iron Wave","Dropkick"],"picked":"Infernal Blade","floor":2.0},{"not_picked":["Cleave","Berserk"],"picked":"Clash","floor":3.0},{"not_picked":["Twin Strike","Cleave"],"picked":"Body Slam","floor":4.0},{"not_picked":["Hemokinesis","Pommel Strike"],"picked":"Burning Pact","floor":5.0},{"not_picked":["Fire Breathing","Rampage"],"picked":"Armaments","floor":7.0},{"not_picked":["Body Slam","Power Through"],"picked":"Battle Trance","floor":8.0},{"not_picked":["Bloodletting","Shrug It Off"],"picked":"Juggernaut","floor":10.0},{"not_picked":["True Grit","Infernal Blade"],"picked":"Battle Trance","floor":12.0},{"not_picked":["Shockwave","Warcry"],"picked":"Shrug It Off","floor":14.0},{"not_picked":["Double Tap","Bludgeon"],"picked":"Corruption","floor":16.0},{"not_picked":["Twin Strike","Cleave"],"picked":"Pommel Strike+1","floor":18.0},{"not_picked":["Hemokinesis+1","Sever Soul"],"picked":"Warcry","floor":19.0},{"not_picked":["Power Through","Ghostly Armor+1"],"picked":"Body Slam+1","floor":21.0},{"not_picked":["Twin Strike+1","Havoc+1"],"picked":"Power Through","floor":22.0},{"not_picked":["Infernal Blade","Rampage","Thunderclap+1"],"picked":"SKIP","floor":24.0},{"not_picked":["Armaments","Uppercut+1"],"picked":"Bludgeon","floor":27.0},{"not_picked":["Body Slam","Iron Wave+1"],"picked":"Flex+1","floor":30.0},{"not_picked":["Wild Strike","Reckless Charge"],"picked":"Battle Trance","floor":31.0},{"not_picked":["Exhume","Immolate"],"picked":"Bludgeon","floor":33.0},{"not_picked":["Havoc","Shrug It Off+1"],"picked":"Entrench","floor":35.0},{"not_picked":["Pommel Strike+1","Hemokinesis+1","Searing Blow"],"picked":"SKIP","floor":36.0},{"not_picked":["Armaments+1","Iron Wave+1"],"picked":"Headbutt+1","floor":39.0},{"not_picked":["Sword Boomerang","Infernal Blade"],"picked":"Power Through+1","floor":40.0},{"not_picked":["Fire Breathing","Sword Boomerang"],"picked":"Burning Pact","floor":42.0},{"not_picked":["Warcry+1","Body Slam"],"picked":"Shockwave+1","floor":47.0},{"not_picked":["Rampage","Sword Boomerang"],"picked":"Barricade","floor":48}],"player_experience":73538,"relics_obtained":[{"floor":9.0,"key":"Toy Ornithopter"},{"floor":10.0,"key":"Pen Nib"},{"floor":20.0,"key":"Enchiridion"},{"floor":24.0,"key":"Happy Flower"},{"floor":26.0,"key":"Pantograph"},{"floor":27.0,"key":"Mercury Hourglass"},{"floor":39.0,"key":"Lizard Tail"},{"floor":40.0,"key":"Orichalcum"},{"floor":41.0,"key":"Nunchaku"},{"floor":42.0,"key":"PreservedInsect"},{"floor":43.0,"key":"Strawberry"},{"floor":44.0,"key":"Oddly Smooth Stone"},{"floor":46.0,"key":"Letter Opener"},{"floor":49,"key":"Sundial"}],"event_choices":[{"cards_removed":["Strike_R"],"damage_healed":0.0,"max_hp_gain":0.0,"max_hp_loss":0.0,"gold_gain":0.0,"event_name":"Golden Wing","player_choice":"Card Removal","floor":13.0,"gold_loss":0.0,"damage_taken":7.0},{"damage_healed":0.0,"max_hp_gain":0.0,"max_hp_loss":0.0,"gold_gain":0.0,"event_name":"Cursed Tome","player_choice":"Obtained Book","floor":20.0,"gold_loss":0.0,"damage_taken":16.0},{"damage_healed":0.0,"max_hp_gain":0.0,"max_hp_loss":0.0,"gold_gain":100.0,"event_name":"Golden Shrine","player_choice":"Pray","floor":29.0,"gold_loss":0.0,"damage_taken":0.0},{"damage_healed":0.0,"max_hp_gain":0.0,"max_hp_loss":0.0,"gold_gain":0.0,"event_name":"Winding Halls","player_choice":"Embrace Madness","floor":37.0,"gold_loss":0.0,"damage_taken":10.0,"cards_obtained":["Madness","Madness"]},{"damage_healed":0.0,"max_hp_gain":0.0,"max_hp_loss":0.0,"gold_gain":0.0,"event_name":"Tomb of Lord Red Mask","player_choice":"Ignored","floor":38.0,"gold_loss":0.0,"damage_taken":0.0},{"damage_healed":0.0,"max_hp_gain":0.0,"max_hp_loss":0.0,"gold_gain":0.0,"event_name":"MindBloom","player_choice":"Fight","floor":39.0,"gold_loss":0.0,"damage_taken":0.0}],"is_beta":false,"boss_relics":[{"not_picked":["Runic Cube","SlaversCollar"],"picked":"Snecko Eye"},{"not_picked":["Velvet Choker","Calling Bell"],"picked":"Fusion Hammer"}],"items_purged_floors":[11,28,45],"is_endless":false,"potions_floor_spawned":[2,3,7,10,12,21,22,24,30,33,35,47,48],"ascension_level":6}}