{"host":"7mo9b2f9hhzb5x6f","time":1609420367,"event":{"mods":["2.2 Compatiblity","Act Like it!","Arknights The Spire","BaseMod","Better-Laid Plans","LazyManMod","Library of Ruina","Library of Ruina Extra","Marked Mod","Minty Spire (QoL Compilation)","MostiFishMod","Spicy Shops","StSLib","TestMod","The Alterego","The Dragon Tamer","The Hayseed","UnlockEverythingMod","Yakumo Yukari mod","【功能Mod】混沌之环修复补丁"],"gold_per_floor":[118,118,138,156,8,8,35,48,118,127,155,155,174,184,184,287,287,297,307,341,228,228,228,262,262,262,262,296,296,296,306,306,401,401,413,430,430,430,430,430,430],"floor_reached":42,"playtime":1665,"items_purged":["LightDefense","LightDefense","FocusedStrikes"],"score":1365,"play_id":"ccabbcec-617f-442e-8157-a58bca12d807","local_time":"20201231211247","is_ascension_mode":true,"campfire_choices":[{"data":"CleanUp","floor":15,"key":"SMITH"},{"data":"Reload","floor":23,"key":"SMITH"},{"data":"WillOfThePrescript","floor":25,"key":"SMITH"},{"data":"Quickness","floor":27,"key":"SMITH"},{"data":"SilentMist","floor":30,"key":"SMITH"},{"data":"SharpNails","floor":32,"key":"SMITH"}],"circlet_count":0,"master_deck":["Dodge+1","LightAttack+1","LightDefense+1","ChargeAndCover+1","NonstopAssault+1","Diversion+1","PinpointShot+1","Rewind+1","CleanUp+1","Quickness+1","GrazeTheGrass+1","Reload+1","Pound+1","SharpNails+1","WillOfThePrescript+1","Tttonst+1","SunsetBlade+1","Multislash+1","Observe+1","SilentMist+1","SummaryJudgment+1","ViolentFlame+1","FrontalAssault+1","testmod-BloodBlade+1","SuppressingShot+1"],"relics":["PageOfLibrarian","testmod-TestBox","DaveBox","ShadowXiaoBlade","SynthV:TestCard","testmod-Charity","ats:Originium","testmod-EqualTreatment","PageOfQueenBee","PageOfSnowWhitesApple","DiscerningMonocle","Red Mask","PageOfScorchedGirl","Membership Card","Pen Nib","Eternal Feather","Strawberry","Dodecahedron","Ancient Tea Set","ImprovedEquipment","DianDianMeat","Busted Crown","Chemical X","PageOfWrath","PageOfSingingMachine","Frozen Egg 2","MealTicket","BirthdayGift-Tetrahedron"],"acts_visited":["Exordium","TheCity","TheBeyond"],"potions_floor_usage":[],"damage_taken":[{"damage":0,"enemies":"2 Louse","floor":1,"turns":2},{"damage":1,"enemies":"Cultist","floor":3,"turns":3},{"damage":4,"enemies":"Small Slimes","floor":4,"turns":2},{"damage":0,"enemies":"Gremlin Nob","floor":7,"turns":2},{"damage":2,"enemies":"Blue Slaver","floor":8,"turns":2},{"damage":0,"enemies":"Red Slaver","floor":10,"turns":1},{"damage":15,"enemies":"Lagavulin","floor":11,"turns":3},{"damage":0,"enemies":"Exordium Thugs","floor":13,"turns":1},{"damage":0,"enemies":"Lots of Slimes","floor":14,"turns":1},{"damage":0,"enemies":"The Guardian","floor":16,"turns":4},{"damage":0,"enemies":"3 Byrds","floor":18,"turns":2},{"damage":0,"enemies":"Spheric Guardian","floor":19,"turns":1},{"damage":0,"enemies":"Masked Bandits","floor":20,"turns":2},{"damage":11,"enemies":"Book of Stabbing","floor":24,"turns":4},{"damage":0,"enemies":"Slavers","floor":28,"turns":1},{"damage":0,"enemies":"Centurion and Healer","floor":31,"turns":2},{"damage":0,"enemies":"Collector","floor":33,"turns":2},{"damage":8,"enemies":"3 Shapes","floor":35,"turns":2},{"damage":0,"enemies":"3 Darklings","floor":36,"turns":2},{"damage":8,"enemies":"3 Darklings","floor":38,"turns":5},{"damage":14,"enemies":"Time Eater","floor":40,"turns":3}],"seed_played":"-2734504900416070600","potions_obtained":[{"floor":3,"key":"Explosive Potion"},{"floor":14,"key":"Dexterity Potion"},{"floor":16,"key":"FearPotion"}],"is_trial":false,"path_per_floor":["M","?","M","M","$","?","E","M","T","M","E","?","M","M","R","B",null,"M","M","?","$","?","R","E","R","T","R","E","?","R","M","R","B",null,"M","M","$","?","?","B",null,null],"character_chosen":"Librarian","items_purchased":["testmod-Charity","SilentMist","PageOfScorchedGirl","Membership Card","Pen Nib","Eternal Feather","Strawberry","Dodecahedron","ViolentFlame","FrontalAssault","Chemical X","PageOfWrath","PageOfSingingMachine","Frozen Egg 2","MealTicket","testmod-BloodBlade+1","BirthdayGift-Tetrahedron"],"campfire_rested":0,"item_purchase_floors":[5,21,21,21,21,21,21,21,37,37,37,37,37,37,37,37,37],"current_hp_per_floor":[54,54,53,49,49,49,50,49,50,51,37,37,38,39,39,40,73,74,75,76,83,83,94,87,95,95,95,96,96,96,97,97,98,98,99,100,106,110,110,98,98],"gold":430,"neow_bonus":"TRANSFORM_TWO_CARDS","is_daily":false,"chose_seed":false,"campfire_upgraded":6,"win_rate":0.0,"timestamp":1609420367,"path_taken":["M","?","?","M","$","?","E","M","T","M","E","?","M","M","R","BOSS","M","M","?","$","?","R","E","R","T","R","E","?","R","?","R","BOSS","M","?","$","?","?","BOSS"],"items_purchased_type":["Relic","Card","Relic","Relic","Relic","Relic","Relic","Relic","Card","Card","Relic","Relic","Relic","Relic","Relic","Card","Relic"],"build_version":"2020-12-22","purchased_purges":3,"victory":true,"max_hp_per_floor":[62,62,62,62,62,62,63,64,65,68,243,243,244,245,245,84,84,85,86,87,94,94,94,95,95,95,95,96,96,96,97,97,98,98,99,100,106,110,110,110,110],"card_choices":[{"not_picked":["SinglePointStab","FleetEdge","Reload","ViolentFlame","NightInTheBackstreets","SpearedSweep","HighKick","ReadyUp"],"picked":"PinpointShot","floor":1},{"not_picked":["SharpNails","WrathOfTorment","HighKick","Outburst","TheRedNotes","ChopItOff","GuardingStance","NightInTheBackstreets","UnavoidableGaze","DesperateStruggle"],"picked":"Rewind","floor":3},{"not_picked":["UpbeatPerformance","Outburst","ICanCookAnything","Disposal","Overcharge","EndlessBattle","AssaultOrder","GuardingStance","Multislash","Pound","Deflect_lor"],"picked":"SKIP","floor":4},{"not_picked":["GatherIntel","BayonetCombat","SpearedSweep","YoureAHindrance","TendonChords","FeatherShield","Standoff","SearingSword","Bvapour","FlyingSword"],"picked":"CleanUp","floor":7},{"not_picked":["Rewind","UnavoidableGaze","AGoldenOpportunity","SteelKnuckles","SharpSwipe","AsThePrescriptOrders","ViolentFlame","EndlessBattle","SharpenedBlade","CircusKnives"],"picked":"Quickness","floor":8},{"not_picked":["BizarreAttack","BindingArms","Standoff","EnergyShield","Unlock1","Leap_lor","SummaryJudgment","BackAttack","NonstopAssault","Overpower"],"picked":"GrazeTheGrass","floor":10},{"not_picked":["ToWhereThePrescriptPoints","Thirst","LossOfSenses","MindPrepared","TrimTheIngredients","ViolentFlame","BackAttack","Quickness","FlashOfSunup","InkOver"],"picked":"Reload","floor":11},{"not_picked":["IllEndYou","FervidEmotions","Thirst","Tailoring","PreemptiveStrike","BurningFlash","Diversion","GuardingStance","DesperateStruggle","LawAndOrder"],"picked":"SharpNails","floor":13},{"not_picked":["IngredientHunt","Thrust","Multislash","Faith","EnergyShield","Standoff","HighSpeedStabbing","SilentMist","DarkCloud","SinglePointStab"],"picked":"WillOfThePrescript","floor":14},{"not_picked":["EmotionalTurbulence","Transpierce","Eradication","FlamingDragonFist"],"picked":"Tttonst","floor":16},{"not_picked":["PinpointShot","MultiBlock+1","AsThePrescriptOrders","DefenseOrder+1","BladeWhirl","DesperateStruggle","DeepDrag","FleetFootsteps","FlyingSword","SkyClearingCut"],"picked":"SunsetBlade+1","floor":18},{"not_picked":["Struggle","ToWhereThePrescriptPoints","Leap_lor","PinpointShot+1","CrackOfDawn","SmokingPipe+1","HandleRequest+1","GrazeTheGrass","TendonChords","HiddenBlade"],"picked":"Multislash+1","floor":19},{"not_picked":["StructuralAnalysis","HiddenBlade+1","Marionette","LossOfSenses","BackAttack","StrongStrike","EndlessBattle","EnergyConversion","Leap_lor","RulesOfTheBackstreets"],"picked":"Observe","floor":20},{"not_picked":["WaitUp","Slice_lor","MultiHit","DimensionalRift","CircusKnives+1","ForcefulGesture","Standoff","PinpointShot+1","StrongStrike","EmotionalTurbulence"],"picked":"SummaryJudgment","floor":24},{"not_picked":["CircusKnives+1","Unlock1","HandleRequest","CombatPreparation","RipSpace","Leap_lor","EnergyShield","BindingChains","ShockingBlow","MultiHit","CutIn"],"picked":"SKIP","floor":28},{"not_picked":["GutHarvesting","RhinoRam","Outburst","FierceCharge","DefenseOrder","Rewind","SpearedSweep","CookingPrep","GuidanceOfTheGears","Thrust","PinpointShot"],"picked":"SKIP","floor":31},{"not_picked":["MultiHit+1","Punishment","QuickSuppression+1","StructuralAnalysis","UncannyStrike+1","Parry","AsThePrescriptOrders+1","Rampage_lor","DefenseOrder"],"picked":"SKIP","floor":35},{"not_picked":["UnavoidableGaze+1","Feast+1","AGoldenOpportunity+1","GuidanceOfTheGears+1","AsThePrescriptOrders+1","SomberProcuration","Riposte+1","Clone+1","Wallop_lor+1"],"picked":"SKIP","floor":36},{"not_picked":["AssaultOrder+1","Quickness","FlowOfTheSword","SmokingPipe","PinpointShot+1","EnergyStrike+1","Standoff","MultiHit"],"picked":"SuppressingShot+1","floor":38}],"player_experience":93834,"relics_obtained":[{"floor":1,"key":"SynthV:TestCard"},{"floor":7,"key":"ats:Originium"},{"floor":7,"key":"testmod-EqualTreatment"},{"floor":9,"key":"PageOfQueenBee"},{"floor":11,"key":"ats:Originium"},{"floor":11,"key":"PageOfSnowWhitesApple"},{"floor":20,"key":"Red Mask"},{"floor":24,"key":"ats:Originium"},{"floor":24,"key":"Ancient Tea Set"},{"floor":26,"key":"ImprovedEquipment"},{"floor":28,"key":"DianDianMeat"}],"event_choices":[{"damage_healed":0,"gold_gain":0,"player_choice":"Upgraded","damage_taken":0,"max_hp_gain":0,"max_hp_loss":0,"event_name":"Upgrade Shrine","floor":2,"gold_loss":0,"cards_upgraded":["NonstopAssault"]},{"damage_healed":0,"gold_gain":0,"player_choice":"Ignored","damage_taken":0,"max_hp_gain":0,"max_hp_loss":0,"event_name":"Liars Game","floor":6,"gold_loss":0},{"damage_healed":0,"gold_gain":0,"cards_transformed":["LightAttack"],"player_choice":"Change","damage_taken":0,"max_hp_gain":0,"max_hp_loss":0,"event_name":"Living Wall","floor":12,"gold_loss":0,"cards_obtained":["Pound"]},{"damage_healed":0,"gold_gain":0,"player_choice":"Fought Bandits","damage_taken":0,"max_hp_gain":0,"max_hp_loss":0,"event_name":"Masked Bandits","floor":20,"gold_loss":0},{"damage_healed":0,"gold_gain":0,"player_choice":"Ignored","damage_taken":0,"max_hp_gain":0,"max_hp_loss":0,"event_name":"给自己的盒子","floor":22,"gold_loss":0},{"damage_healed":0,"gold_gain":0,"player_choice":"Ignored","damage_taken":0,"max_hp_gain":0,"max_hp_loss":0,"event_name":"Transmorgrifier","floor":29,"gold_loss":0},{"damage_healed":0,"gold_gain":0,"player_choice":"Took Portal","damage_taken":0,"max_hp_gain":0,"max_hp_loss":0,"event_name":"SecretPortal","floor":39,"gold_loss":0}],"is_beta":false,"boss_relics":[{"not_picked":["GreenFoldingFan","testmod-Fanaticism"],"picked":"DiscerningMonocle"},{"not_picked":["FixedStarFall","Pandora\u0027s Box"],"picked":"Busted Crown"}],"items_purged_floors":[5,21,21],"is_endless":false,"potions_floor_spawned":[3,10,14,16,19,28,31,38],"ascension_level":9}}