{"host":"etr9f2q07ig588e0","time":1609415187,"event":{"mods":["BaseMod","Downfall","Googly Eyes","Hubris","Minty Spire (QoL Compilation)","Replay The Spire","StSLib","SuperFastMode"],"gold_per_floor":[115,115,115,139,39,80,80,103,130,130,171,171,184,202,202,322,322,338,21,21,21,21,21,60,37,37,68,8,8,8,8],"floor_reached":30,"playtime":859,"items_purged":[],"score":326,"play_id":"8b3c2789-569e-4b01-ab43-dde1f1f61368","local_time":"20201231144627","is_ascension_mode":true,"campfire_choices":[{"floor":7,"key":"REST"},{"floor":10,"key":"REST"},{"floor":12,"key":"REST"},{"floor":15,"key":"REST"},{"floor":23,"key":"REST"}],"circlet_count":0,"master_deck":["Strike_B","Strike_B","Strike_B","Defend_B","Defend_B","Defend_B","Defend_B","Zap+1","Dualcast","Conserve Battery","Sweeping Beam","Cold Snap","Rip and Tear","Sunder","Go for the Eyes","Ball Lightning","Thunder Strike","Ball Lightning","Loop+1","Gash","Stack+1","Beam Cell+1","Sweeping Beam"],"relics":["Cracked Core","hubris:SlimyHat","Golden Idol","Du-Vu Doll","Blue Doll","PreservedInsect","Inserter","Golden Egg","MutagenicStrength","Bottled Lightning","hubris:TenFootPole","Emotion Chip"],"acts_visited":["Exordium","TheCity"],"potions_floor_usage":[5,16,18,24,24,30],"damage_taken":[{"damage":10,"enemies":"Small Slimes","floor":1,"turns":3},{"damage":0,"enemies":"2 Louse","floor":4,"turns":3},{"damage":15,"enemies":"Replay:BlueRogue","floor":6,"turns":6},{"damage":0,"enemies":"Cultist","floor":8,"turns":3},{"damage":31,"enemies":"Lagavulin","floor":11,"turns":7},{"damage":9,"enemies":"Red Slaver","floor":13,"turns":2},{"damage":16,"enemies":"Exordium Thugs","floor":14,"turns":5},{"damage":53,"enemies":"The Guardian","floor":16,"turns":12},{"damage":18,"enemies":"3 Byrds","floor":18,"turns":5},{"damage":39,"enemies":"Book of Stabbing","floor":24,"turns":4},{"damage":31,"enemies":"Slavers","floor":27,"turns":4},{"damage":12,"enemies":"Shell Parasite","floor":30,"turns":3}],"seed_played":"-1983255647916520779","potions_obtained":[{"floor":4,"key":"EssenceOfSteel"},{"floor":13,"key":"Reflective Coating"},{"floor":14,"key":"SpeedPotion"},{"floor":16,"key":"champ:CounterPotion"},{"floor":18,"key":"Explosive Potion"}],"is_trial":false,"path_per_floor":["M","?","?","M","$","E","R","M","T","R","E","R","M","M","R","B",null,"M","$","?","$","?","R","E","$","T","E","?","$","M"],"character_chosen":"DEFECT","items_purchased":["Fruit Juice","Loop+1","Gash","Golden Egg","Beam Cell+1"],"campfire_rested":5,"item_purchase_floors":[5,19,19,19,25],"current_hp_per_floor":[65,47,47,47,52,37,61,61,61,80,49,73,64,48,72,19,80,62,62,62,62,62,80,41,41,41,10,10,10,0,0],"gold":8,"neow_bonus":"RANDOM_COMMON_RELIC","is_daily":false,"chose_seed":false,"campfire_upgraded":0,"win_rate":0.0,"timestamp":1609415187,"path_taken":["M","?","?","M","$","E","R","?","T","R","E","R","M","M","R","BOSS","M","$","?","?","?","R","E","?","T","E","?","$","M"],"items_purchased_type":["Potion","Card","Card","Relic","Card"],"build_version":"2020-12-22","purchased_purges":0,"victory":false,"max_hp_per_floor":[75,75,75,75,80,80,80,80,80,80,80,80,80,80,80,80,80,80,80,80,80,80,80,80,80,80,80,80,80,80,80],"card_choices":[{"not_picked":["Compile Driver","BootSequence"],"picked":"Conserve Battery","floor":1},{"not_picked":["Stack","Fusion"],"picked":"Sweeping Beam","floor":4},{"not_picked":["Steam","ReplayTheSpireMod:System Scan"],"picked":"Cold Snap","floor":6},{"not_picked":["Aggregate","Turbo"],"picked":"Rip and Tear","floor":8},{"not_picked":["White Noise","ReplayTheSpireMod:GoodbyeWorld"],"picked":"Sunder","floor":11},{"not_picked":["Rebound","ReplayTheSpireMod:Repulse"],"picked":"Go for the Eyes","floor":13},{"not_picked":["Conserve Battery","BasicCrystalCard"],"picked":"Ball Lightning","floor":14},{"not_picked":["Amplify","Hyperbeam"],"picked":"Thunder Strike","floor":16},{"not_picked":["Sunder","Go for the Eyes"],"picked":"Ball Lightning","floor":18},{"not_picked":["Mirror Shield","Auto Shields"],"picked":"Stack+1","floor":24},{"not_picked":["Cold Snap","Gash"],"picked":"Sweeping Beam","floor":27}],"player_experience":421101,"relics_obtained":[{"floor":6,"key":"Du-Vu Doll"},{"floor":9,"key":"Blue Doll"},{"floor":11,"key":"PreservedInsect"},{"floor":24,"key":"Bottled Lightning"},{"floor":26,"key":"hubris:TenFootPole"},{"floor":27,"key":"Emotion Chip"}],"event_choices":[{"damage_healed":0,"gold_gain":0,"player_choice":"Take Damage","damage_taken":18,"relics_obtained":["Golden Idol"],"max_hp_gain":0,"max_hp_loss":0,"event_name":"Golden Idol","floor":2,"gold_loss":0},{"damage_healed":0,"gold_gain":0,"player_choice":"Forge","damage_taken":0,"max_hp_gain":0,"max_hp_loss":0,"event_name":"Accursed Blacksmith","floor":3,"gold_loss":0,"cards_upgraded":["Zap"]},{"cards_removed":["Strike_B"],"damage_healed":0,"gold_gain":0,"player_choice":"Card Removal","damage_taken":0,"max_hp_gain":0,"max_hp_loss":0,"event_name":"Wheel of Change","floor":20,"gold_loss":0},{"damage_healed":0,"gold_gain":0,"player_choice":"Inject Mutagens","damage_taken":0,"relics_obtained":["MutagenicStrength"],"max_hp_gain":0,"max_hp_loss":0,"event_name":"Drug Dealer","floor":22,"gold_loss":0}],"is_beta":false,"boss_relics":[{"not_picked":["SacredBark","Ectoplasm"],"picked":"Inserter"}],"items_purged_floors":[],"is_endless":false,"potions_floor_spawned":[4,13,14,16,18],"killed_by":"Shell Parasite","ascension_level":4}}