{"host":"2461dio7vetlq1z3","time":1609444077,"event":{"mods":["2.2 Compatiblity","AchievementEnabler","BaseMod","Better Third Choice","Friendly Minions","Hubris","Minty Spire (QoL Compilation)","Relic Stats","Spicy Shops","StSLib","Waifu the Spire"],"gold_per_floor":[118,135,145,162,182,182,214,214,214,228,153,188,188,188,188,261,261,271,56,56,56,66,66,82,82,82],"floor_reached":25,"playtime":793,"items_purged":["Strike_B","Strike_B"],"score":426,"play_id":"79a97f44-7b72-4b78-ac8d-f0735b74ff3e","local_time":"20201231204757","is_ascension_mode":true,"campfire_choices":[{"floor":6.0,"key":"REST"},{"floor":8.0,"key":"REST"},{"floor":13.0,"key":"REST"},{"data":"Streamline","floor":15.0,"key":"SMITH"},{"data":"Gash","floor":23,"key":"SMITH"}],"circlet_count":0,"master_deck":["AscendersBane","Strike_B","Defend_B","Defend_B","Defend_B","Defend_B","Zap","Dualcast","Ball Lightning","Gash+1","Melter","Cold Snap","Streamline+1","Melter","Sweeping Beam","Coolheaded","Machine Learning+1","Capacitor+1","Self Repair+1","hubris:PowerSurge+1","FTL","Cold Snap+1"],"relics":["Runic Dome","Art of War","Boot","Frozen Egg 2","hubris:Backtick","hubris:Zylophone"],"acts_visited":["Exordium","TheCity"],"potions_floor_usage":[],"damage_taken":[{"damage":2.0,"enemies":"Jaw Worm","floor":1.0,"turns":4.0},{"damage":7.0,"enemies":"Small Slimes","floor":2.0,"turns":3.0},{"damage":0.0,"enemies":"2 Louse","floor":3.0,"turns":3.0},{"damage":12.0,"enemies":"Large Slime","floor":4.0,"turns":5.0},{"damage":11.0,"enemies":"Exordium Wildlife","floor":5.0,"turns":3.0},{"damage":26.0,"enemies":"Lagavulin","floor":7.0,"turns":4.0},{"damage":13.0,"enemies":"Red Slaver","floor":10.0,"turns":4.0},{"damage":21.0,"enemies":"3 Sentries","floor":12.0,"turns":4.0},{"damage":26.0,"enemies":"Hexaghost","floor":16.0,"turns":9.0},{"damage":9,"enemies":"Spheric Guardian","floor":18,"turns":3},{"damage":20,"enemies":"3 Byrds","floor":22,"turns":6},{"damage":12,"enemies":"Snecko","floor":24,"turns":4},{"damage":43,"enemies":"Gremlin Leader","floor":25,"turns":6}],"seed_played":"1429617853660830832","potions_obtained":[{"floor":2.0,"key":"EntropicBrew"},{"floor":10.0,"key":"AttackPotion"},{"floor":18,"key":"SpeedPotion"}],"is_trial":false,"path_per_floor":["M","M","M","M","M","R","E","R","T","M","?","E","R","?","R","B",null,"M","$","?","?","M","R","M","E"],"character_chosen":"DEFECT","items_purchased":["Self Repair+1"],"campfire_rested":3,"item_purchase_floors":[19],"current_hp_per_floor":[62,55,55,43,32,53,27,48,48,35,35,14,35,35,35,9,56,47,47,47,47,37,37,35,0,0],"gold":82,"neow_bonus":"BOSS_RELIC","is_daily":false,"chose_seed":false,"campfire_upgraded":2,"win_rate":0.0,"timestamp":1609444077,"path_taken":["M","M","M","M","M","R","E","R","T","M","?","E","R","?","R","BOSS","M","$","?","?","M","R","M","E"],"items_purchased_type":["Card"],"build_version":"2020-12-22","purchased_purges":2,"victory":false,"max_hp_per_floor":[71,71,71,71,71,71,71,71,71,71,71,71,71,71,71,71,71,71,71,71,71,71,71,71,71,71],"relic_stats":{"counters":[13,58],"Art of War":[1],"Boot":[29],"obtain_stats":[{"hubris:Zylophone":17,"Runic Dome":0,"hubris:Backtick":17,"Art of War":7,"Frozen Egg 2":12,"Cracked Core":0,"Boot":9},{"hubris:Zylophone":9,"Runic Dome":0,"hubris:Backtick":9,"Art of War":6,"Frozen Egg 2":8,"Cracked Core":0,"Boot":6},{"hubris:Zylophone":39,"Runic Dome":0,"hubris:Backtick":39,"Art of War":22,"Frozen Egg 2":30,"Cracked Core":0,"Boot":22}]},"card_choices":[{"not_picked":["Gash","Hologram"],"picked":"Ball Lightning","floor":1.0},{"not_picked":["Go for the Eyes","Beam Cell"],"picked":"Gash","floor":2.0},{"not_picked":["Storm","Steam"],"picked":"Melter","floor":3.0},{"not_picked":["Streamline","Barrage"],"picked":"Cold Snap","floor":4.0},{"not_picked":["Fission","Reprogram"],"picked":"Streamline","floor":5.0},{"not_picked":["Conserve Battery","Heatsinks"],"picked":"Melter","floor":7.0},{"not_picked":["Force Field","Steam Power"],"picked":"Sweeping Beam","floor":10.0},{"not_picked":["Sweeping Beam","Ball Lightning"],"picked":"Coolheaded","floor":12.0},{"not_picked":["Rainbow","Thunder Strike"],"picked":"Machine Learning+1","floor":16.0},{"not_picked":["Ball Lightning","Cold Snap+1"],"picked":"Capacitor+1","floor":18},{"not_picked":["Barrage","Melter+1"],"picked":"FTL","floor":22},{"not_picked":["Storm+1","Double Energy+1"],"picked":"Cold Snap+1","floor":24}],"player_experience":970413,"relics_obtained":[{"floor":7.0,"key":"Art of War"},{"floor":9.0,"key":"Boot"},{"floor":12.0,"key":"Frozen Egg 2"}],"event_choices":[{"cards_removed":["Strike_B"],"damage_healed":0.0,"max_hp_gain":0.0,"max_hp_loss":0.0,"gold_gain":0.0,"event_name":"The Cleric","player_choice":"Card Removal","floor":11.0,"gold_loss":75.0,"damage_taken":0.0},{"damage_healed":0.0,"max_hp_gain":0.0,"max_hp_loss":0.0,"gold_gain":0.0,"event_name":"betterThird:BetterSerpent","player_choice":"Ignored","floor":14.0,"gold_loss":0.0,"damage_taken":188.0},{"damage_healed":0,"gold_gain":0,"player_choice":"Read","damage_taken":0,"max_hp_gain":0,"max_hp_loss":0,"event_name":"The Library","floor":21,"gold_loss":0,"cards_obtained":["hubris:PowerSurge"]}],"is_beta":false,"boss_relics":[{"not_picked":["hubris:CrackedHourglass","hubris:RunicObelisk"],"picked":"hubris:Backtick"}],"items_purged_floors":[19,19],"is_endless":false,"potions_floor_spawned":[2,5,10,18],"killed_by":"Gremlin Leader","ascension_level":20}}