{"host":"nctfeibkksnaecz5","time":1609452181,"event":{"mods":["2.2 Compatiblity","ATMod(阿瑾Mod)","Act Like it!","Arknights The Spire","BaseMod","CapriCore","Colored Powertips","Decade(王小明)","DeckTracker","Dio Mod","Dota2Spire","Friendly Minions","Gensokyo","HexUI Lib","HololiveMod","Koishi","LagranYue(拉格朗・月)","Lobotomy","Luminous","Minty Spire (QoL Compilation)","Prisma Mod","Reimu（博丽灵梦）","Remilia（蕾米莉亚）","Replay The Spire","Small Relic Pack","StSLib","TestMod","The Administrix","The Immortal","The Wild Card","TheSwordswoman","TheWitcher","Waifu the Spire","WarShipGirlsR/战舰少女R mod","Yakumo Yukari mod","【遗物卡牌】REMEMod"],"gold_per_floor":[113,113,43,54,69,100,116,116,184,194,211,227,257,275,275,374,374,385,399,324,324,337,337,337,349,373,384,384,384,396,408,408,509,509,522,267,277,6,17,17,17,35,35,35,45,56,67,100,100,100,100],"floor_reached":52,"playtime":2246,"items_purged":["ats:Strike G","Amnesia","ats:Strike C"],"score":754,"play_id":"0cb38850-ddea-4048-b27c-653227b8e3df","local_time":"20210101060301","is_ascension_mode":false,"campfire_choices":[{"data":"AT_ShrugMaster","floor":8,"key":"SMITH"},{"data":"ats:Song Of Battle","floor":15,"key":"SMITH"},{"data":"ats:Neurotoxin","floor":24,"key":"SMITH"},{"data":"ats:Nebulous Foxfire","floor":28,"key":"SMITH"},{"data":"ats:Thorns","floor":32,"key":"SMITH"},{"data":"ats:Calcification","floor":40,"key":"SMITH"},{"data":"ats:Consecutive Shot Auto","floor":44,"key":"SMITH"},{"data":"ats:Poison Spread","floor":49,"key":"SMITH"}],"circlet_count":0,"master_deck":["ats:Strike S","ats:Strike V","ats:Armor Crushing Shot","ats:Defend","ats:Defend","ats:Defend","ats:Defend","ats:Emotion Absorption+1","AT_ShrugMaster+1","ats:Steam Pump","ats:Powerful Strike","ats:Mental Burst","ats:Leaping Hammer","ats:Consecutive Shot Auto+1","ats:Song Of Battle+1","ats:Neurotoxin+1","ats:Poison Spread+1","ats:Thorns+1","ats:Nebulous Foxfire+1","ats:Poison Spread+1","ats:Explosion Area Strengthen","ats:Flexible Camouflage+1","ats:Thorns+1","ats:Calcification+1","ats:Powerful Strike+1","ats:Overload+1"],"relics":["ats:Sanity","testmod-TestBox","AT_ATBox","REME_ComplimentaryCards","testmod-FatalChain","ats:Originium","Dota2Spire:Butterfly","ats:Industrial Water Cannon","Oddly Smooth Stone","Hololive_Finger","AT_BladeRuinedKing","Ring of Fangs","testmod-SaigiyounoYou","Hololive_LightStick","AT_ChloranthyRing","testmod-BalancedPeriapt","Iron Hammer"],"acts_visited":["Exordium","TheCity","TheBeyond"],"potions_floor_usage":[6,16,16,16,33,33,50,50],"damage_taken":[{"damage":1,"enemies":"Jaw Worm","floor":1,"turns":5},{"damage":0,"enemies":"Cultist","floor":4,"turns":3},{"damage":0,"enemies":"2 Louse","floor":5,"turns":2},{"damage":30,"enemies":"Gremlin Nob","floor":6,"turns":4},{"damage":3,"enemies":"Exordium Thugs","floor":7,"turns":3},{"damage":0,"enemies":"Looter","floor":10,"turns":3},{"damage":10,"enemies":"Lots of Slimes","floor":11,"turns":3},{"damage":0,"enemies":"Red Slaver","floor":12,"turns":4},{"damage":2,"enemies":"3 Sentries","floor":13,"turns":4},{"damage":2,"enemies":"2 Fungi Beasts","floor":14,"turns":3},{"damage":0,"enemies":"The Guardian","floor":16,"turns":6},{"damage":5,"enemies":"3 Byrds","floor":18,"turns":4},{"damage":2,"enemies":"Chosen","floor":19,"turns":4},{"damage":8,"enemies":"Centurion and Healer","floor":22,"turns":5},{"damage":0,"enemies":"Shelled Parasite and Fungi","floor":25,"turns":5},{"damage":0,"enemies":"Snake Plant","floor":27,"turns":2},{"damage":5,"enemies":"Centurion and Healer","floor":30,"turns":4},{"damage":0,"enemies":"Snecko","floor":31,"turns":3},{"damage":14,"enemies":"Collector","floor":33,"turns":5},{"damage":15,"enemies":"Orb Walker","floor":35,"turns":3},{"damage":11,"enemies":"3 Shapes","floor":37,"turns":5},{"damage":0,"enemies":"Sphere and 2 Shapes","floor":39,"turns":6},{"damage":4,"enemies":"4 Shapes","floor":42,"turns":7},{"damage":22,"enemies":"Jaw Worm Horde","floor":45,"turns":4},{"damage":0,"enemies":"Transient","floor":46,"turns":5},{"damage":0,"enemies":"4 Shapes","floor":47,"turns":3},{"damage":9,"enemies":"Giant Head","floor":48,"turns":7},{"damage":14,"enemies":"Time Eater","floor":50,"turns":8}],"seed_played":"6450533743750386753","potions_obtained":[{"floor":1,"key":"Venom Potion"},{"floor":5,"key":"ats:Top Emergency Sanity Potion"},{"floor":11,"key":"Reflective Coating"},{"floor":14,"key":"GrandPatriotsElixir:ReiMu"},{"floor":19,"key":"Dexterity Potion"},{"floor":27,"key":"CultistPotion"},{"floor":30,"key":"Elixir"},{"floor":33,"key":"Doom Potion"},{"floor":35,"key":"GrandPatriotsElixir:ReiMu"}],"is_trial":false,"path_per_floor":["M","?","$","M","M","E","M","R","T","M","M","M","E","M","R","B",null,"M","M","$","?","M","?","R","M","T","M","R","?","M","M","R","B",null,"M","$","M","$","M","R","?","M","T","R","M","M","M","E","R","B",null,null],"character_chosen":"DOCTOR_CLASS","items_purchased":["ats:Mental Burst","Hololive_LightStick","AT_ChloranthyRing"],"campfire_rested":0,"item_purchase_floors":[3,36,38],"current_hp_per_floor":[71,72,72,72,72,42,39,39,39,39,29,29,27,25,25,25,72,67,68,68,68,62,62,62,65,65,65,65,65,60,62,62,51,72,72,72,72,72,72,72,72,72,72,72,68,72,72,72,72,72,72],"gold":100,"neow_bonus":"UPGRADE_CARD","is_daily":false,"chose_seed":false,"campfire_upgraded":8,"win_rate":0.0,"timestamp":1609452181,"path_taken":["M","?","$","M","M","E","M","R","T","M","M","M","E","?","R","BOSS","M","M","$","?","M","?","R","M","T","M","R","?","?","M","R","BOSS","M","$","M","$","M","R","?","?","T","R","M","M","M","E","R","BOSS"],"items_purchased_type":["Card","Relic","Relic"],"build_version":"2020-12-22","purchased_purges":3,"victory":true,"max_hp_per_floor":[72,72,72,72,72,72,72,72,72,72,72,72,72,72,72,72,72,72,72,72,72,72,72,72,72,72,72,72,72,72,72,72,72,72,72,72,72,72,72,72,72,72,72,72,72,72,72,72,72,72,72],"card_choices":[{"not_picked":["ats:Magnetic Hammer","ats:Charging Defense"],"picked":"ats:Powerful Strike","floor":1},{"not_picked":["ats:Assault Order","ats:Cat Scratch"],"picked":"ats:Leaping Hammer","floor":4},{"not_picked":["ats:Guardian Obelisk","ats:Beaten Up"],"picked":"ats:Consecutive Shot Auto","floor":5},{"not_picked":["ats:Sword Rain","ats:Powerful Strike","ats:Childhood Dance"],"picked":"SKIP","floor":6},{"not_picked":["ats:Ignite","ats:Poison Spread"],"picked":"ats:Song Of Battle","floor":7},{"not_picked":["ats:Rat Pack","ats:Childhood Dance"],"picked":"ats:Neurotoxin","floor":10},{"not_picked":["ats:Thermite Blade","ats:Automatic Cover"],"picked":"ats:Poison Spread","floor":11},{"not_picked":["ats:Childhood Dance","ats:Ignite","ats:Assault Order"],"picked":"SKIP","floor":12},{"not_picked":["ats:Roar Of Ursus","ats:Demon Strength"],"picked":"ats:Thorns","floor":13},{"not_picked":["ats:Powerful Strike","ats:Consecutive Shot Auto","ats:Beaten Up"],"picked":"SKIP","floor":14},{"not_picked":["ats:Rat Pack","ats:Shadow Assault"],"picked":"ats:Nebulous Foxfire","floor":16},{"not_picked":["ats:Apocalypse+1","ats:Healing Strengthening+1"],"picked":"ats:Poison Spread+1","floor":18},{"not_picked":["ats:Ignite","ats:Childhood Dance"],"picked":"ats:Explosion Area Strengthen","floor":19},{"not_picked":["ats:Shell Defense+1","ats:Childhood Dance","ats:Leaping Hammer"],"picked":"SKIP","floor":22},{"not_picked":["ats:Explosion Area Strengthen","ats:Assault Order"],"picked":"ats:Flexible Camouflage+1","floor":25},{"not_picked":["ats:Part Time Job","ats:Cat Scratch","ats:Revitalization"],"picked":"SKIP","floor":27},{"not_picked":["ats:Closed Bolt Burst Fire","ats:Consecutive Shot Auto","ats:Flexible Camouflage"],"picked":"SKIP","floor":30},{"not_picked":["ats:Neurotoxin+1","ats:Powerful Strike"],"picked":"ats:Thorns+1","floor":31},{"not_picked":["ats:Shadow Assault","ats:Durian"],"picked":"ats:Calcification","floor":33},{"not_picked":["ats:Chain Hook","ats:Part Time Job","ats:Flexible Camouflage+1"],"picked":"SKIP","floor":35},{"not_picked":["ats:Ignite","ats:Sunburst","ats:Childhood Dance"],"picked":"SKIP","floor":37},{"not_picked":["ats:Explosion Area Strengthen","ats:Childhood Dance"],"picked":"ats:Powerful Strike+1","floor":39},{"not_picked":["ats:Sword Rain+1","ats:Apocalypse+1","ats:Consecutive Shot Auto"],"picked":"SKIP","floor":42},{"not_picked":["ats:Leaping Hammer+1","ats:Beaten Up","ats:Sunburst"],"picked":"SKIP","floor":45},{"not_picked":["ats:Consecutive Shot Auto","ats:Defend Order","ats:Thorns+1"],"picked":"SKIP","floor":46},{"not_picked":["ats:Flame Of Heaven","ats:Cat Scratch","ats:Revitalization+1"],"picked":"SKIP","floor":47},{"not_picked":["ats:Flame Of Heaven","ats:Ambush"],"picked":"ats:Overload+1","floor":48}],"player_experience":286206,"relics_obtained":[{"floor":6,"key":"ats:Originium"},{"floor":6,"key":"Dota2Spire:Butterfly"},{"floor":9,"key":"ats:Industrial Water Cannon"},{"floor":13,"key":"ats:Originium"},{"floor":13,"key":"Oddly Smooth Stone"},{"floor":26,"key":"AT_BladeRuinedKing"},{"floor":29,"key":"Ring of Fangs"},{"floor":43,"key":"testmod-BalancedPeriapt"},{"floor":48,"key":"ats:Originium"},{"floor":48,"key":"Iron Hammer"}],"event_choices":[{"damage_healed":1,"gold_gain":0,"player_choice":"Full Heal","damage_taken":0,"max_hp_gain":0,"max_hp_loss":0,"event_name":"Wheel of Change","floor":2,"gold_loss":0},{"damage_healed":0,"gold_gain":0,"player_choice":"Ignored","damage_taken":0,"max_hp_gain":0,"max_hp_loss":0,"event_name":"Ghosts","floor":21,"gold_loss":0},{"damage_healed":0,"gold_gain":0,"player_choice":"Ignored","damage_taken":0,"max_hp_gain":0,"max_hp_loss":0,"event_name":"Vampires","floor":23,"gold_loss":0},{"damage_healed":0,"gold_gain":0,"player_choice":"Ignored","damage_taken":0,"max_hp_gain":0,"max_hp_loss":0,"event_name":"NoteForYourself","floor":41,"gold_loss":0}],"is_beta":false,"boss_relics":[{"not_picked":["Replay:Drink Me","REME_ChargedStone"],"picked":"Hololive_Finger"},{"not_picked":["testmod-EnergyCheck","Pandora\u0027s Box"],"picked":"testmod-SaigiyounoYou"}],"items_purged_floors":[20,36,38],"is_endless":false,"potions_floor_spawned":[1,5,11,14,19,27,30,33,35,39,48],"ascension_level":0}}