{"host":"ohysexhjt9sgbosk","time":1609394797,"event":{"mods":["BaseMod","Better Altar","Better Skull","Better Third Choice","BetterRewards","Colored Map","Colored Powertips","Curses Come First","Evolution","Key Reminder","Minty Spire (QoL Compilation)","Rare Cards Sparkle","StSLib"],"gold_per_floor":[111,130,146,161,161,196,196,216,241,241,416,193,212,61,61,164,164,174,186,199,214,67,67,99,99,147,147,178,93,93,93,93],"floor_reached":31,"playtime":1949,"items_purged":["Doubt"],"score":340,"play_id":"81eeb916-c023-4c4e-9e81-c644e6ac870e","local_time":"20201230230637","is_ascension_mode":true,"campfire_choices":[{"floor":7,"key":"RECALL"},{"floor":10,"key":"REST"},{"data":"Chill","floor":15,"key":"SMITH"},{"floor":23,"key":"REST"},{"data":"Recycle","floor":25,"key":"SMITH"},{"floor":27,"key":"REST"}],"circlet_count":0,"master_deck":["Ball Lightning","Ball Lightning","Ball Lightning+1","Ball Lightning","Defend_B","Defend_B","Defend_B","Defend_B","Zap","Dualcast","Steam","Aggregate","Steam","BootSequence","Go for the Eyes","Lockon+1","Chill+1","Amplify","Ball Lightning+1","Turbo+1","Compile Driver+1","Leap+1","Recycle+1","Recycle+1","Cold Snap","Redo"],"relics":["Cracked Core","EVO:Axolotl","Nunchaku","FossilizedHelix","Bronze Scales","Bag of Marbles","Bag of Preparation","Anchor","Philosopher\u0027s Stone","Dream Catcher","Whetstone","Happy Flower","Pen Nib","MealTicket"],"acts_visited":["Exordium","TheCity"],"potions_floor_usage":[16,16,24,24,28,31],"damage_taken":[{"damage":0,"enemies":"Cultist","floor":1,"turns":3},{"damage":0,"enemies":"2 Louse","floor":2,"turns":2},{"damage":0,"enemies":"Jaw Worm","floor":3,"turns":2},{"damage":0,"enemies":"Blue Slaver","floor":4,"turns":3},{"damage":10,"enemies":"Gremlin Nob","floor":6,"turns":4},{"damage":0,"enemies":"2 Fungi Beasts","floor":8,"turns":3},{"damage":0,"enemies":"Looter","floor":13,"turns":1},{"damage":8,"enemies":"Slime Boss","floor":16,"turns":9},{"damage":0,"enemies":"Chosen","floor":18,"turns":3},{"damage":0,"enemies":"2 Thieves","floor":19,"turns":2},{"damage":0,"enemies":"Shelled Parasite and Fungi","floor":20,"turns":4},{"damage":0,"enemies":"Snake Plant","floor":21,"turns":3},{"damage":0,"enemies":"Slavers","floor":24,"turns":4},{"damage":47,"enemies":"Gremlin Leader","floor":28,"turns":6},{"damage":32,"enemies":"Slavers","floor":31,"turns":5}],"seed_played":"-1306750103647645960","potions_obtained":[{"floor":2,"key":"Strength Potion"},{"floor":3,"key":"BlessingOfTheForge"},{"floor":4,"key":"PotionOfCapacity"},{"floor":13,"key":"BlessingOfTheForge"},{"floor":20,"key":"Swift Potion"},{"floor":21,"key":"DistilledChaos"},{"floor":24,"key":"SkillPotion"}],"is_trial":false,"path_per_floor":["M","M","M","M","?","E","R","M","T","R","?","$","M","$","R","B",null,"M","M","M","M","$","R","E","R","T","R","E","?","?","E"],"character_chosen":"DEFECT","items_purchased":["Nunchaku","Bag of Preparation","Anchor","Dream Catcher"],"campfire_rested":3,"item_purchase_floors":[0,12,14,22],"current_hp_per_floor":[51,51,51,51,51,41,41,41,41,63,63,63,63,63,63,55,75,75,75,75,75,75,75,75,75,75,75,28,28,28,0,0],"gold":93,"neow_bonus":"","is_daily":false,"chose_seed":false,"campfire_upgraded":2,"win_rate":0.0,"timestamp":1609394797,"path_taken":["M","?","M","?","?","E","R","M","T","R","?","?","M","$","R","BOSS","M","M","M","M","$","R","E","R","T","R","E","?","?","E"],"items_purchased_type":["Relic","Relic","Relic","Relic"],"build_version":"2020-12-22","purchased_purges":1,"victory":false,"max_hp_per_floor":[75,75,75,75,75,75,75,75,75,75,75,75,75,75,75,75,75,75,75,75,75,75,75,75,75,75,75,75,75,75,75,75],"card_choices":[{"not_picked":["Tempest","Reprogram"],"picked":"Steam","floor":1},{"not_picked":["Undo","Streamline"],"picked":"Aggregate","floor":2},{"not_picked":["Scrape","Beam Cell"],"picked":"Steam","floor":3},{"not_picked":["Stack","Self Repair"],"picked":"BootSequence","floor":4},{"not_picked":["Sunder","Chaos"],"picked":"Go for the Eyes","floor":6},{"not_picked":["Go for the Eyes","Stack"],"picked":"Lockon","floor":8},{"not_picked":["Compile Driver","Darkness"],"picked":"Chill","floor":13},{"not_picked":["Meteor Strike","Thunder Strike"],"picked":"Amplify","floor":16},{"not_picked":["Heatsinks+1","Compile Driver"],"picked":"Ball Lightning+1","floor":18},{"not_picked":["Force Field","Go for the Eyes"],"picked":"Turbo+1","floor":19},{"not_picked":["Barrage","Reprogram"],"picked":"Compile Driver+1","floor":20},{"not_picked":["Auto Shields","Coolheaded"],"picked":"Leap+1","floor":21},{"not_picked":["Machine Learning","Fusion"],"picked":"Recycle","floor":23},{"not_picked":["Ball Lightning","Steam"],"picked":"Recycle+1","floor":24},{"not_picked":["Stack+1","Steam Power"],"picked":"Cold Snap","floor":27},{"not_picked":["Turbo+1","Streamline"],"picked":"Redo","floor":28}],"player_experience":88784,"relics_obtained":[{"floor":6,"key":"Bag of Marbles"},{"floor":24,"key":"Whetstone"},{"floor":26,"key":"Happy Flower"},{"floor":28,"key":"Pen Nib"}],"event_choices":[{"damage_healed":0,"gold_gain":0,"player_choice":"Ignored","damage_taken":0,"max_hp_gain":0,"max_hp_loss":0,"event_name":"Golden Wing","floor":5,"gold_loss":0},{"damage_healed":0,"gold_gain":175,"player_choice":"AGREE","damage_taken":241,"max_hp_gain":0,"max_hp_loss":0,"event_name":"betterThird:BetterSerpent","floor":11,"gold_loss":0},{"damage_healed":0,"gold_gain":0,"player_choice":"Obtained Relic","damage_taken":0,"relics_obtained":["MealTicket"],"max_hp_gain":0,"max_hp_loss":0,"event_name":"Addict","floor":29,"gold_loss":85},{"damage_healed":0,"gold_gain":0,"player_choice":"Ignored","damage_taken":0,"max_hp_gain":0,"max_hp_loss":0,"event_name":"Vampires","floor":30,"gold_loss":0}],"is_beta":false,"boss_relics":[{"not_picked":["Cursed Key","Busted Crown"],"picked":"Philosopher\u0027s Stone"}],"items_purged_floors":[12],"is_endless":false,"potions_floor_spawned":[2,3,4,13,20,21,24],"killed_by":"Slavers","ascension_level":1}}