{"host":"46dxij13gllk3u9t","time":1609434331,"event":{"mods":["BaseMod","Beaked The Cultist","Better Note","BetterRewards","Colored Powertips","Custom Start","Minty Spire (QoL Compilation)","Relic Sorter","Shop Mod","StSLib","The IronCluck","slay the spire mod where everything is the same but ironclad has a cowboy hat"],"gold_per_floor":[110,285,303,303,321,321,220,232,259,259,259,276,276,276,276,375,375,394,394,394,408,96,96,96,96],"floor_reached":24,"playtime":1223,"items_purged":["Pain"],"score":234,"play_id":"8be4a595-dd64-44f5-b205-39d2d3581cc8","local_time":"20201231120531","is_ascension_mode":false,"campfire_choices":[{"data":"beaked:DesperateSwing","floor":6,"key":"SMITH"},{"data":"beaked:FeelMyPain","floor":10,"key":"SMITH"},{"data":"beaked:Foresight","floor":13,"key":"SMITH"},{"data":"beaked:Windmill","floor":15,"key":"SMITH"},{"data":"beaked:WalkersFury","floor":23,"key":"SMITH"}],"circlet_count":0,"master_deck":["beaked:Strike_Y","beaked:Strike_Y","beaked:Strike_Y","beaked:Strike_Y","beaked:Strike_Y","beaked:Strike_Y","beaked:Defend_Y","beaked:Defend_Y","beaked:Defend_Y","beaked:Defend_Y","beaked:Ceremony","beaked:Ceremony","beaked:Ceremony","beaked:Roost","beaked:Foresight+1","beaked:DesperateSwing+1","beaked:Windmill+1","beaked:FeelMyPain+1","beaked:Molting","beaked:WildInstinct","beaked:WalkersFury+1","beaked:WarriorEssence"],"relics":["beaked:MendingPlumage","WarpedTongs","Potion Belt","beaked:SacredDeck","Ornamental Fan","MealTicket","Torii"],"acts_visited":["Exordium","TheCity"],"potions_floor_usage":[18],"damage_taken":[{"damage":7,"enemies":"Small Slimes","floor":1,"turns":4},{"damage":6,"enemies":"Cultist","floor":3,"turns":4},{"damage":10,"enemies":"2 Louse","floor":5,"turns":2},{"damage":2,"enemies":"Red Slaver","floor":8,"turns":4},{"damage":30,"enemies":"2 Fungi Beasts","floor":12,"turns":2},{"damage":34,"enemies":"Hexaghost","floor":16,"turns":6},{"damage":47,"enemies":"3 Byrds","floor":18,"turns":6},{"damage":30,"enemies":"Chosen","floor":21,"turns":5},{"damage":44,"enemies":"Shelled Parasite and Fungi","floor":24,"turns":3}],"seed_played":"-1941912384519430760","potions_obtained":[{"floor":3,"key":"AttackPotion"},{"floor":5,"key":"Dexterity Potion"},{"floor":21,"key":"LiquidBronze"}],"is_trial":false,"path_per_floor":["M","?","M","?","M","R","$","M","T","R","?","M","R","?","R","B",null,"M","T","?","M","$","R","M"],"character_chosen":"BEAKED_THE_CULTIST","items_purchased":["beaked:Windmill","Torii"],"campfire_rested":0,"item_purchase_floors":[7,22],"current_hp_per_floor":[47,47,50,50,45,45,45,56,56,56,56,32,32,32,32,19,60,27,27,27,11,26,26,0,0],"gold":96,"neow_bonus":"TWENTY_PERCENT_HP_BONUS","is_daily":false,"chose_seed":false,"campfire_upgraded":5,"win_rate":0.0,"timestamp":1609434331,"path_taken":["M","?","M","?","?","R","$","M","T","R","?","M","R","?","R","BOSS","M","?","?","M","$","R","?"],"items_purchased_type":["Card","Relic"],"build_version":"2020-12-22","purchased_purges":1,"victory":false,"max_hp_per_floor":[60,60,60,60,60,60,60,60,60,60,60,60,60,60,60,60,60,60,60,60,60,60,60,60,60],"card_choices":[{"not_picked":["beaked:Evade","beaked:RitualOfBody"],"picked":"beaked:Roost","floor":1},{"not_picked":["beaked:CursingBlood","beaked:SacrificialAttack"],"picked":"beaked:Foresight","floor":3},{"not_picked":["beaked:Evade","beaked:Cower"],"picked":"beaked:DesperateSwing","floor":5},{"not_picked":["beaked:WarriorEssence","beaked:CursingBlood"],"picked":"beaked:FeelMyPain","floor":8},{"not_picked":["beaked:Insight","beaked:Tweet"],"picked":"beaked:Molting","floor":12},{"not_picked":["beaked:DarkTribute","beaked:CheekyTricks"],"picked":"beaked:WildInstinct","floor":16},{"not_picked":["beaked:DigDeeper+1","beaked:MachineSpirit"],"picked":"beaked:WarriorEssence","floor":18},{"not_picked":["beaked:WarriorEssence","beaked:CursingBlood","beaked:FakeOut"],"picked":"SKIP","floor":21}],"player_experience":357410,"relics_obtained":[{"floor":9,"key":"Potion Belt"},{"floor":19,"key":"Ornamental Fan"}],"event_choices":[{"damage_healed":0,"gold_gain":175,"player_choice":"AGREE","damage_taken":0,"max_hp_gain":0,"max_hp_loss":0,"event_name":"Liars Game","floor":2,"gold_loss":0,"cards_obtained":["Doubt"]},{"damage_healed":0,"gold_gain":0,"player_choice":"Rummage","damage_taken":0,"relics_obtained":["WarpedTongs"],"max_hp_gain":0,"max_hp_loss":0,"event_name":"Accursed Blacksmith","floor":4,"gold_loss":0,"cards_obtained":["Pain"]},{"cards_removed":["Doubt"],"damage_healed":0,"gold_gain":0,"player_choice":"Forget","damage_taken":0,"max_hp_gain":0,"max_hp_loss":0,"event_name":"Living Wall","floor":11,"gold_loss":0},{"cards_removed":["beaked:Strike_Y"],"damage_healed":0,"gold_gain":0,"player_choice":"Give","damage_taken":0,"max_hp_gain":0,"max_hp_loss":0,"event_name":"betterNote:BetterNote","floor":14,"gold_loss":0,"cards_obtained":["None"]},{"damage_healed":0,"gold_gain":0,"player_choice":"Gave Potion","damage_taken":0,"relics_obtained":["MealTicket"],"max_hp_gain":0,"max_hp_loss":0,"event_name":"WeMeetAgain","floor":20,"gold_loss":0}],"is_beta":false,"boss_relics":[{"not_picked":["Cursed Key","Sozu"],"picked":"beaked:SacredDeck"}],"items_purged_floors":[7],"is_endless":false,"potions_floor_spawned":[3,5,21],"killed_by":"Shelled Parasite and Fungi","ascension_level":0}}