{"host":"rmsq46plbpwfbxcc","time":1609394332,"event":{"mods":["AchievementEnabler","BaseMod","Colored Map","Colored Powertips","DeckTracker","KOR Keyword Fix","Minty Spire (QoL Compilation)","Permanent Neow","SuperFastMode"],"gold_per_floor":[114,131,143,155,168,168,168,168],"floor_reached":7,"playtime":270,"items_purged":[],"score":88,"play_id":"4bd27e21-ccd7-4fc7-9bde-c41222e7de3c","local_time":"20201231145852","is_ascension_mode":true,"campfire_choices":[{"data":"Cloak And Dagger","floor":6.0,"key":"SMITH"}],"circlet_count":0,"master_deck":["AscendersBane","Strike_G","Strike_G","Strike_G","Strike_G","Strike_G","Defend_G","Defend_G","Defend_G","Defend_G","Defend_G","Survivor","Neutralize","Cloak And Dagger+1","Cloak And Dagger","After Image"],"relics":["Coffee Dripper"],"acts_visited":["Exordium"],"potions_floor_usage":[7,7],"damage_taken":[{"damage":1.0,"enemies":"Cultist","floor":1.0,"turns":5.0},{"damage":2.0,"enemies":"Jaw Worm","floor":2.0,"turns":5.0},{"damage":0.0,"enemies":"Small Slimes","floor":3.0,"turns":4.0},{"damage":0.0,"enemies":"Exordium Thugs","floor":4.0,"turns":5.0},{"damage":3.0,"enemies":"2 Fungi Beasts","floor":5.0,"turns":4.0},{"damage":67,"enemies":"Lagavulin","floor":7,"turns":13}],"seed_played":"3774853990488861826","potions_obtained":[{"floor":1.0,"key":"SkillPotion"},{"floor":3.0,"key":"GamblersBrew"},{"floor":5.0,"key":"SteroidPotion"}],"is_trial":false,"path_per_floor":["M","M","M","M","M","R","E"],"character_chosen":"THE_SILENT","items_purchased":[],"campfire_rested":0,"item_purchase_floors":[],"current_hp_per_floor":[58,56,56,56,53,53,0,0],"gold":168,"neow_bonus":"BOSS_RELIC","is_daily":false,"chose_seed":false,"campfire_upgraded":1,"win_rate":0.0,"timestamp":1609394332,"path_taken":["M","M","M","?","?","R","E"],"items_purchased_type":[],"build_version":"2020-12-22","purchased_purges":0,"victory":false,"max_hp_per_floor":[66,66,66,66,66,66,66,66],"card_choices":[{"not_picked":["Noxious Fumes","Deflect","Acrobatics"],"picked":"SKIP","floor":1.0},{"not_picked":["Underhanded Strike","Well Laid Plans"],"picked":"Cloak And Dagger","floor":2.0},{"not_picked":["Distraction","Dagger Throw"],"picked":"Cloak And Dagger","floor":3.0},{"not_picked":["Acrobatics","Slice","Leg Sweep"],"picked":"SKIP","floor":4.0},{"not_picked":["Underhanded Strike","Outmaneuver"],"picked":"After Image","floor":5.0}],"player_experience":1416196,"relics_obtained":[],"event_choices":[],"is_beta":false,"boss_relics":[],"items_purged_floors":[],"is_endless":false,"potions_floor_spawned":[1,3,5],"killed_by":"Lagavulin","ascension_level":19}}