{"host":"pq168dofzzbbmuuf","time":1609424516,"event":{"mods":["BaseMod","Downfall","Friendly Minions","Minty Spire (QoL Compilation)","StSLib"],"gold_per_floor":[118,129,129,114,8,8,8,108,133,151,76,104,104,124,49,153,153,165,265,315,315,315],"floor_reached":20,"playtime":936,"items_purged":[],"score":280,"play_id":"bbfb9106-1c08-40d6-b381-b9bfe85e43c0","local_time":"20201231092156","is_ascension_mode":false,"campfire_choices":[{"floor":6,"key":"REST"},{"floor":11,"key":"REST"},{"floor":13,"key":"RECALL"},{"data":"expansioncontent:CaCaw","floor":15,"key":"SMITH"}],"circlet_count":0,"master_deck":["Slimebound:Strike_Slimebound","Slimebound:Defend_Slimebound","Slimebound:Defend_Slimebound","Slimebound:Defend_Slimebound","Slimebound:Split","Slimebound:CorrosiveSpit","Slimebound:MassFeed+1","Slimebound:DouseInSlime+1","Slimebound:RejuvenatingLick+1","Slimebound:SplitAcid","Slimebound:Grow","Slimebound:Equalize","Slimebound:SplitMire","expansioncontent:CaCaw+1","Slimebound:AcidTongue","Slimebound:ViciousTackle","Slimebound:ComboTackle","Slimebound:CheckThePlaybook"],"relics":["Astrolabe","Bottled Lightning","downfall:HeartBlessingBlue","Shuriken","downfall:HeartBlessingRed","Slimebound:TarBlob","downfall:CloakOfManyFaces","CultistMask","FaceOfCleric","NlothsMask","GremlinMask","SsserpentHead"],"acts_visited":["Exordium","TheCity"],"potions_floor_usage":[14,14],"damage_taken":[{"damage":0,"enemies":"Cultist","floor":1,"turns":2},{"damage":13,"enemies":"Jaw Worm","floor":2,"turns":4},{"damage":13,"enemies":"downfall:FleeingMerchant","floor":4,"turns":4},{"damage":18,"enemies":"downfall:FleeingMerchant","floor":5,"turns":4},{"damage":43,"enemies":"Gremlin Nob","floor":9,"turns":4},{"damage":0,"enemies":"2 Louse","floor":10,"turns":1},{"damage":8,"enemies":"Lagavulin","floor":12,"turns":4},{"damage":18,"enemies":"Exordium Wildlife","floor":14,"turns":4},{"damage":55,"enemies":"downfall:Watcher","floor":16,"turns":6},{"damage":40,"enemies":"Spheric Guardian","floor":18,"turns":4},{"damage":49,"enemies":"downfall:FaceTrader","floor":19,"turns":6},{"damage":47,"enemies":"3 Byrds","floor":20,"turns":2}],"seed_played":"-7947794003966278791","potions_obtained":[{"floor":10,"key":"GamblersBrew"},{"floor":12,"key":"ColorlessPotion"}],"is_trial":false,"path_per_floor":["M","M","?","$","$","R","T","?","E","M","R","E","R","M","R","B",null,"M","?","M"],"character_chosen":"SLIMEBOUND","items_purchased":["expansioncontent:CaCaw"],"campfire_rested":2,"item_purchase_floors":[5],"current_hp_per_floor":[64,63,63,60,56,68,68,68,37,47,82,86,86,84,84,39,94,70,45,0,0,0],"gold":315,"neow_bonus":"BOSS_RELIC","is_daily":false,"chose_seed":false,"campfire_upgraded":1,"win_rate":0.0,"timestamp":1609424516,"path_taken":["M","M","?","?","$","R","T","?","E","M","R","E","R","M","R","BOSS","M","?","?"],"items_purchased_type":["Card"],"build_version":"2020-12-22","purchased_purges":0,"victory":false,"max_hp_per_floor":[64,68,68,68,68,68,68,68,68,76,86,86,86,94,94,94,94,98,98,98,98,98],"card_choices":[{"not_picked":["Slimebound:Schlurp","Slimebound:ComboTackle"],"picked":"Slimebound:SplitAcid","floor":1},{"not_picked":["Slimebound:ViciousTackle","Slimebound:GrowthPunch"],"picked":"Slimebound:Grow","floor":2},{"not_picked":["Slimebound:RollThrough","Slimebound:LeechEnergy"],"picked":"Slimebound:Equalize","floor":4},{"not_picked":["Slimebound:Chomp","Slimebound:RollThrough"],"picked":"Slimebound:SplitMire","floor":5},{"not_picked":["Slimebound:DisruptingSlam","Slimebound:DivideAndConquer"],"picked":"Slimebound:AcidTongue","floor":9},{"not_picked":["Slimebound:ItLooksTasty","Slimebound:MassFeed","Slimebound:FirmFortitude"],"picked":"SKIP","floor":10},{"not_picked":["Slimebound:Schlurp","Slimebound:SplitMire"],"picked":"Slimebound:ViciousTackle","floor":12},{"not_picked":["Slimebound:SlimeSpikes","Slimebound:RollThrough"],"picked":"Slimebound:ComboTackle","floor":14},{"not_picked":["Slimebound:Recycling","Slimebound:DouseInSlime"],"picked":"Slimebound:CheckThePlaybook","floor":16},{"not_picked":["Slimebound:SlimeSpikes","Slimebound:ViciousTackle","Slimebound:ItLooksTasty"],"picked":"SKIP","floor":18}],"player_experience":580800,"relics_obtained":[{"floor":9,"key":"Bottled Lightning"},{"floor":12,"key":"Shuriken"},{"floor":19,"key":"downfall:CloakOfManyFaces"}],"event_choices":[],"is_beta":false,"boss_relics":[{"not_picked":["SacredBark","Runic Pyramid"],"picked":"Slimebound:TarBlob"}],"items_purged_floors":[],"is_endless":false,"potions_floor_spawned":[10,12],"killed_by":"3 Byrds","ascension_level":0}}