{"host":"26mrfot5w7uj2ebc","time":1609419019,"event":{"mods":["AchievementEnabler","BaseMod","Colored Map","Curses Come First","Minty Spire (QoL Compilation)","StSLib"],"gold_per_floor":[116,116,128,146,163,178,213,288,288,288,27,27,0,11,11,109,109,122,139,439,455,455,455,471,85,137,37,48,62,93,110,110,212,212,224,224,224,224],"floor_reached":37,"playtime":1484,"items_purged":["Writhe","Strike_B"],"score":418,"play_id":"524b79e3-269b-4db7-84c0-c9bfc4782694","local_time":"20201231215019","is_ascension_mode":false,"campfire_choices":[{"floor":10.0,"key":"REST"},{"data":"Ball Lightning","floor":12.0,"key":"SMITH"},{"data":"White Noise","floor":15.0,"key":"SMITH"},{"data":"Seek","floor":23,"key":"SMITH"},{"floor":32,"key":"REST"}],"circlet_count":0,"master_deck":["Strike_B","Strike_B","Strike_B","Defend_B","Defend_B","Defend_B","Defend_B","Zap","Dualcast","White Noise+1","Barrage","Ball Lightning+1","Hologram","Streamline","Coolheaded","Stack","Go for the Eyes","Seek+1","Auto Shields","Static Discharge+1","Barrage+1","Skim","Capacitor+1","Consume","Melter","Chaos","Beam Cell+1","Fission","Go for the Eyes+1","Madness","Madness"],"relics":["FrozenCore","NeowsBlessing","Incense Burner","Regal Pillow","Bottled Flame","Frozen Egg 2","Old Coin","Bottled Tornado","ClockworkSouvenir","PreservedInsect","Pen Nib","Black Star"],"acts_visited":["TheCity","TheBeyond"],"potions_floor_usage":[33,33,35,37],"damage_taken":[{"damage":0.0,"enemies":"Jaw Worm","floor":1.0,"turns":1.0},{"damage":0.0,"enemies":"Cultist","floor":3.0,"turns":1.0},{"damage":0.0,"enemies":"2 Louse","floor":4.0,"turns":1.0},{"damage":20.0,"enemies":"Exordium Thugs","floor":5.0,"turns":4.0},{"damage":17.0,"enemies":"Exordium Wildlife","floor":6.0,"turns":4.0},{"damage":0.0,"enemies":"Gremlin Nob","floor":7.0,"turns":2.0},{"damage":10.0,"enemies":"Gremlin Gang","floor":14.0,"turns":4.0},{"damage":30.0,"enemies":"Hexaghost","floor":16.0,"turns":8.0},{"damage":5.0,"enemies":"Chosen","floor":18.0,"turns":5.0},{"damage":0,"enemies":"Shell Parasite","floor":19,"turns":6},{"damage":23,"enemies":"Centurion and Healer","floor":21,"turns":8},{"damage":5,"enemies":"Sentry and Sphere","floor":24,"turns":6},{"damage":0,"enemies":"Snecko","floor":28,"turns":6},{"damage":11,"enemies":"Snake Plant","floor":29,"turns":2},{"damage":10,"enemies":"Gremlin Leader","floor":30,"turns":4},{"damage":11,"enemies":"Shelled Parasite and Fungi","floor":31,"turns":6},{"damage":41,"enemies":"Collector","floor":33,"turns":9},{"damage":20,"enemies":"3 Darklings","floor":35,"turns":4},{"damage":67,"enemies":"2 Orb Walkers","floor":37,"turns":5}],"seed_played":"6112530792175046073","potions_obtained":[{"floor":1.0,"key":"Strength Potion"},{"floor":6.0,"key":"SneckoOil"},{"floor":14.0,"key":"Fire Potion"},{"floor":18.0,"key":"SkillPotion"},{"floor":30,"key":"Dexterity Potion"},{"floor":33,"key":"SkillPotion"}],"is_trial":false,"path_per_floor":["M","?","M","M","M","M","E","?","T","R","$","R","$","M","R","B",null,"M","M","?","M","T","R","M","$","T","$","M","M","E","M","R","B",null,"M","?","?"],"character_chosen":"DEFECT","items_purchased":["Frozen Egg 2","Stack","ClockworkSouvenir","LiquidBronze","Capacitor+1"],"campfire_rested":2,"item_purchase_floors":[11,13,25,25,25],"current_hp_per_floor":[75,75,75,75,55,38,38,27,27,64,64,64,64,54,54,24,75,70,70,70,47,47,47,42,42,42,42,42,31,21,10,47,6,75,55,46,0,0],"gold":224,"neow_bonus":"THREE_ENEMY_KILL","is_daily":false,"chose_seed":false,"campfire_upgraded":3,"win_rate":0.0,"timestamp":1609419019,"path_taken":["M","?","M","?","M","M","E","?","T","R","$","R","$","M","R","BOSS","M","M","?","M","?","R","M","$","T","?","?","M","E","M","R","BOSS","M","?","?"],"items_purchased_type":["Relic","Card","Relic","Potion","Card"],"build_version":"2020-12-22","purchased_purges":2,"victory":false,"max_hp_per_floor":[75,75,75,75,75,75,75,75,75,75,75,75,75,75,75,75,75,75,75,75,75,75,75,75,75,75,75,75,75,75,75,75,75,75,75,75,75,75],"card_choices":[{"not_picked":["Cold Snap","Turbo"],"picked":"White Noise","floor":1.0},{"not_picked":["Hologram","Cold Snap"],"picked":"Barrage","floor":3.0},{"not_picked":["White Noise","Cold Snap"],"picked":"Ball Lightning","floor":4.0},{"not_picked":["Gash","Beam Cell"],"picked":"Hologram","floor":5.0},{"not_picked":["Compile Driver","Blizzard"],"picked":"Streamline","floor":6.0},{"not_picked":["Rebound","Steam"],"picked":"Coolheaded","floor":7.0},{"not_picked":["Sunder","Rebound"],"picked":"Go for the Eyes","floor":14.0},{"not_picked":["Thunder Strike","All For One"],"picked":"Seek","floor":16.0},{"not_picked":["Darkness+1","Cold Snap"],"picked":"Auto Shields","floor":18.0},{"not_picked":["Cold Snap+1","Redo"],"picked":"Static Discharge+1","floor":19},{"not_picked":["Redo","Steam"],"picked":"Barrage+1","floor":21},{"not_picked":["Hologram","Compile Driver"],"picked":"Skim","floor":24},{"not_picked":["Hologram","Sunder"],"picked":"Consume","floor":28},{"not_picked":["Redo","Cold Snap"],"picked":"Melter","floor":29},{"not_picked":["Rainbow","Skim"],"picked":"Chaos","floor":30},{"not_picked":["Compile Driver","Genetic Algorithm"],"picked":"Beam Cell+1","floor":31},{"not_picked":["All For One","Hyperbeam"],"picked":"Fission","floor":33},{"not_picked":["Barrage","Leap+1"],"picked":"Go for the Eyes+1","floor":35}],"player_experience":221976,"relics_obtained":[{"floor":7.0,"key":"Regal Pillow"},{"floor":9.0,"key":"Bottled Flame"},{"floor":22,"key":"Bottled Tornado"},{"floor":26,"key":"PreservedInsect"},{"floor":30,"key":"Pen Nib"}],"event_choices":[{"damage_healed":0.0,"max_hp_gain":0.0,"max_hp_loss":0.0,"gold_gain":0.0,"event_name":"WeMeetAgain","player_choice":"Gave Potion","floor":2.0,"gold_loss":0.0,"damage_taken":0.0,"relics_obtained":["Incense Burner"]},{"damage_healed":0.0,"max_hp_gain":0.0,"max_hp_loss":0.0,"gold_gain":75.0,"event_name":"World of Goop","player_choice":"Gather Gold","floor":8.0,"gold_loss":0.0,"damage_taken":11.0},{"damage_healed":0,"gold_gain":0,"player_choice":"Opened","damage_taken":0,"relics_obtained":["Old Coin"],"max_hp_gain":0,"max_hp_loss":0,"event_name":"The Mausoleum","floor":20,"gold_loss":0,"cards_obtained":["Writhe"]},{"damage_healed":0,"gold_gain":0,"player_choice":"Embrace Madness","damage_taken":9,"max_hp_gain":0,"max_hp_loss":0,"event_name":"Winding Halls","floor":36,"gold_loss":0,"cards_obtained":["Madness","Madness"]},{"damage_healed":0,"gold_gain":0,"player_choice":"Fight","damage_taken":0,"max_hp_gain":0,"max_hp_loss":0,"event_name":"Mysterious Sphere","floor":37,"gold_loss":0}],"is_beta":false,"boss_relics":[{"not_picked":["Fusion Hammer","Busted Crown"],"picked":"FrozenCore"},{"not_picked":["Velvet Choker","Runic Dome"],"picked":"Black Star"}],"items_purged_floors":[25,27],"is_endless":false,"potions_floor_spawned":[1,6,14,18,29,30,33],"killed_by":"2 Orb Walkers","ascension_level":0}}