{"host":"ci7ivtocgfxh0ueo","time":1609383164,"event":{"mods":["BaseMod","GifTheSpireLib","Minty Spire (QoL Compilation)","StSLib"],"gold_per_floor":[118,83,233,288,54,54,89,101,113,143,115,127,1,15,15,92,92,107,107,107,122,69,69,69],"floor_reached":23,"playtime":476,"items_purged":["Doubt"],"score":342,"play_id":"6bf667f7-c0ac-4c12-a57e-5c22c9c7cea2","local_time":"20201231105244","is_ascension_mode":true,"campfire_choices":[{"data":"Reaper","floor":6,"key":"SMITH"},{"data":"Armaments","floor":12,"key":"SMITH"},{"data":"Inflame","floor":15,"key":"SMITH"}],"circlet_count":0,"master_deck":["AscendersBane","Strike_R","Strike_R","Strike_R","Strike_R","Strike_R","Defend_R","Defend_R","Defend_R","Defend_R","Bash","Reaper+1","Whirlwind","Dramatic Entrance","Spot Weakness","Armaments+1","Inflame+1","Heavy Blade","Feed","Inflame+1"],"relics":["Burning Blood","Bag of Marbles","MawBank","Question Card"],"acts_visited":["Exordium","TheCity"],"potions_floor_usage":[7,7,16,16,23,23],"damage_taken":[{"damage":4,"enemies":"2 Louse","floor":1,"turns":3},{"damage":70,"enemies":"Lagavulin","floor":7,"turns":10},{"damage":0,"enemies":"Small Slimes","floor":10,"turns":3},{"damage":12,"enemies":"Jaw Worm","floor":14,"turns":2},{"damage":28,"enemies":"Hexaghost","floor":16,"turns":8},{"damage":30,"enemies":"Spheric Guardian","floor":18,"turns":5},{"damage":48,"enemies":"Shell Parasite","floor":21,"turns":6},{"damage":64,"enemies":"Gremlin Leader","floor":23,"turns":4}],"seed_played":"3526815419191241387","potions_obtained":[{"floor":1,"key":"Regen Potion"},{"floor":7,"key":"Block Potion"},{"floor":16,"key":"CultistPotion"}],"is_trial":false,"path_per_floor":["M","?","?","T","$","R","E","?","T","M","?","R","$","M","R","B",null,"M","?","?","M","$","E"],"character_chosen":"IRONCLAD","items_purchased":["Dramatic Entrance","FearPotion","Inflame","AttackPotion","AttackPotion"],"campfire_rested":0,"item_purchase_floors":[5,5,13,13,22],"current_hp_per_floor":[55,73,73,73,73,73,24,49,49,63,63,63,63,57,57,35,65,41,41,75,33,33,0,0],"gold":69,"neow_bonus":"THREE_RARE_CARDS","is_daily":false,"chose_seed":false,"campfire_upgraded":3,"win_rate":0.0,"timestamp":1609383164,"path_taken":["M","?","?","?","$","R","E","?","T","M","?","R","?","M","R","BOSS","M","?","?","?","$","E"],"items_purchased_type":["Card","Potion","Card","Potion","Potion"],"build_version":"2020-12-22","purchased_purges":1,"victory":false,"max_hp_per_floor":[75,75,75,75,75,75,75,75,75,75,75,75,75,75,75,75,75,75,75,75,75,75,75,75],"card_choices":[{"not_picked":["Juggernaut","Fiend Fire"],"picked":"Reaper","floor":0},{"not_picked":["Intimidate","Body Slam"],"picked":"Whirlwind","floor":1},{"not_picked":["Cleave","Rage"],"picked":"Spot Weakness","floor":7},{"not_picked":["Thunderclap","Warcry","Iron Wave"],"picked":"Armaments","floor":10},{"not_picked":["Clash","Burning Pact","Power Through"],"picked":"Heavy Blade","floor":14},{"not_picked":["Exhume","Juggernaut","Demon Form"],"picked":"Feed","floor":16},{"not_picked":["Second Wind","Dual Wield","Warcry","Fire Breathing"],"picked":"SKIP","floor":18},{"not_picked":["Pommel Strike","Headbutt","Cleave"],"picked":"Inflame+1","floor":21}],"player_experience":1312284,"relics_obtained":[{"floor":4,"key":"Bag of Marbles"},{"floor":7,"key":"MawBank"},{"floor":9,"key":"Question Card"}],"event_choices":[{"damage_healed":18,"gold_gain":0,"player_choice":"Healed","damage_taken":0,"max_hp_gain":0,"max_hp_loss":0,"event_name":"The Cleric","floor":2,"gold_loss":35},{"damage_healed":0,"gold_gain":150,"player_choice":"AGREE","damage_taken":0,"max_hp_gain":0,"max_hp_loss":0,"event_name":"Liars Game","floor":3,"gold_loss":0,"cards_obtained":["Doubt"]},{"damage_healed":25,"gold_gain":0,"player_choice":"Banana","damage_taken":0,"max_hp_gain":0,"max_hp_loss":0,"event_name":"Big Fish","floor":8,"gold_loss":0},{"damage_healed":0,"gold_gain":0,"player_choice":"Left Gold","damage_taken":0,"max_hp_gain":0,"max_hp_loss":0,"event_name":"World of Goop","floor":11,"gold_loss":40},{"damage_healed":0,"gold_gain":0,"player_choice":"Ignored","damage_taken":0,"max_hp_gain":0,"max_hp_loss":0,"event_name":"Cursed Tome","floor":19,"gold_loss":0},{"damage_healed":34,"gold_gain":0,"player_choice":"Full Heal","damage_taken":0,"max_hp_gain":0,"max_hp_loss":0,"event_name":"Wheel of Change","floor":20,"gold_loss":0}],"is_beta":false,"boss_relics":[{"not_picked":["Ectoplasm","Coffee Dripper","Fusion Hammer"]}],"items_purged_floors":[5],"is_endless":false,"potions_floor_spawned":[1,7,16],"killed_by":"Gremlin Leader","ascension_level":17}}