{"host":"y7sd46uq4xlni546","time":1609416568,"event":{"mods":["AchievementEnabler","BaseMod","Colored Map","Colored Powertips","Curses Come First","Filter the Spire","Minty Spire (QoL Compilation)","Quick Restart","Random Character Button","Rare Cards Sparkle","StSLib"],"gold_per_floor":[119,133,133,133,150,150,180,194,194,225,243,253,288,243,243,344,344,357,388,290,290,308,308,333,333,333,333,65,65,97,196,196,196,196],"floor_reached":33,"playtime":4803,"items_purged":["Decay"],"score":416,"play_id":"a1c87426-c675-4f9b-9d08-f2a8cc1b31a5","local_time":"20201231130928","is_ascension_mode":true,"campfire_choices":[{"floor":6.0,"key":"REST"},{"floor":15.0,"key":"REST"},{"floor":23.0,"key":"REST"},{"floor":25.0,"key":"REST"},{"floor":29.0,"key":"REST"},{"floor":32.0,"key":"REST"}],"circlet_count":0,"master_deck":["Strike_R","Strike_R","Strike_R","Strike_R","Defend_R","Defend_R","Defend_R","Defend_R+1","Bash","Headbutt","Armaments+1","Havoc","Cleave","Feed","Heavy Blade","Intimidate","Thunderclap","Bludgeon","Exhume","CurseOfTheBell","Shrug It Off","Combust","Pommel Strike","Infernal Blade","Armaments+1","Sentinel+1"],"relics":["Black Star","War Paint","CaptainsWheel","Sundial","Shuriken","Anchor","Mummified Hand","Pantograph","WingedGreaves","Calling Bell","Happy Flower","Blue Candle","Shovel","Red Mask","Potion Belt","Charon\u0027s Ashes","Toxic Egg 2","The Courier","Eternal Feather","Question Card","Vajra"],"acts_visited":["Exordium","TheCity"],"potions_floor_usage":[33],"damage_taken":[{"damage":1.0,"enemies":"Cultist","floor":1.0,"turns":4.0},{"damage":9.0,"enemies":"2 Louse","floor":2.0,"turns":3.0},{"damage":4.0,"enemies":"Small Slimes","floor":5.0,"turns":4.0},{"damage":28.0,"enemies":"Lagavulin","floor":7.0,"turns":8.0},{"damage":1.0,"enemies":"Looter","floor":8.0,"turns":4.0},{"damage":19.0,"enemies":"Gremlin Nob","floor":10.0,"turns":4.0},{"damage":14.0,"enemies":"3 Louse","floor":11.0,"turns":3.0},{"damage":0.0,"enemies":"Large Slime","floor":12.0,"turns":5.0},{"damage":44.0,"enemies":"Lagavulin","floor":13.0,"turns":9.0},{"damage":31.0,"enemies":"Hexaghost","floor":16.0,"turns":6.0},{"damage":14.0,"enemies":"2 Thieves","floor":18.0,"turns":5.0},{"damage":14.0,"enemies":"Masked Bandits","floor":19.0,"turns":4.0},{"damage":3.0,"enemies":"Chosen","floor":22.0,"turns":4.0},{"damage":73.0,"enemies":"Slavers","floor":24.0,"turns":9.0},{"damage":47.0,"enemies":"Book of Stabbing","floor":30.0,"turns":6.0},{"damage":97,"enemies":"Collector","floor":33,"turns":10}],"seed_played":"-1198169986881911304","potions_obtained":[{"floor":2.0,"key":"CultistPotion"},{"floor":7.0,"key":"FairyPotion"},{"floor":12.0,"key":"EssenceOfSteel"},{"floor":13.0,"key":"Ancient Potion"},{"floor":30.0,"key":"Dexterity Potion"}],"is_trial":false,"path_per_floor":["M","M","?","?","M","R","E","M","T","E","M","M","E","?","R","B",null,"M","?","$","?","M","R","E","R","T","?","$","R","E","?","R","B"],"character_chosen":"IRONCLAD","items_purchased":["Combust","Pommel Strike","Eternal Feather"],"campfire_rested":6,"item_purchase_floors":[20,20,28],"current_hp_per_floor":[71,62,55,48,44,68,40,39,39,20,9,13,6,6,33,27,75,65,51,51,51,48,76,3,31,31,31,31,74,27,27,70,0,0],"gold":196,"neow_bonus":"BOSS_RELIC","is_daily":false,"chose_seed":false,"campfire_upgraded":0,"win_rate":0.0,"timestamp":1609416568,"path_taken":["M","M","?","?","M","R","E","M","T","E","M","M","E","?","R","BOSS","M","?","$","?","M","R","E","R","T","?","?","R","E","?","R","BOSS"],"items_purchased_type":["Card","Card","Relic"],"build_version":"2020-12-22","purchased_purges":1,"victory":false,"max_hp_per_floor":[80,80,80,80,80,80,80,80,80,80,83,87,91,91,91,91,91,95,95,95,95,95,95,95,95,95,95,95,95,95,95,95,95,95],"card_choices":[{"not_picked":["True Grit","Sword Boomerang"],"picked":"Headbutt","floor":1.0},{"not_picked":["Pommel Strike","Clash"],"picked":"Armaments","floor":2.0},{"not_picked":["Evolve","Clash"],"picked":"Havoc","floor":5.0},{"not_picked":["Armaments","Second Wind"],"picked":"Cleave","floor":7.0},{"not_picked":["Fire Breathing","Clothesline"],"picked":"Feed","floor":8.0},{"not_picked":["Body Slam","Reckless Charge"],"picked":"Heavy Blade","floor":10.0},{"not_picked":["Hemokinesis","Body Slam"],"picked":"Intimidate","floor":11.0},{"not_picked":["Inflame","Dark Embrace"],"picked":"Thunderclap","floor":12.0},{"not_picked":["Hemokinesis","Burning Pact"],"picked":"Bludgeon","floor":13.0},{"not_picked":["Feed","Fiend Fire"],"picked":"Exhume","floor":16.0},{"not_picked":["Pommel Strike","Heavy Blade+1"],"picked":"Shrug It Off","floor":18.0},{"not_picked":["Ghostly Armor","Iron Wave"],"picked":"Infernal Blade","floor":22.0},{"not_picked":["Anger","Berserk"],"picked":"Armaments+1","floor":24.0},{"not_picked":["Dark Embrace+1","Armaments+1"],"picked":"Sentinel+1","floor":30.0}],"player_experience":550795,"relics_obtained":[{"floor":7.0,"key":"CaptainsWheel"},{"floor":7.0,"key":"Sundial"},{"floor":9.0,"key":"Shuriken"},{"floor":10.0,"key":"Anchor"},{"floor":10.0,"key":"Mummified Hand"},{"floor":13.0,"key":"Pantograph"},{"floor":13.0,"key":"WingedGreaves"},{"floor":17.0,"key":"Happy Flower"},{"floor":17.0,"key":"Blue Candle"},{"floor":17.0,"key":"Shovel"},{"floor":19.0,"key":"Red Mask"},{"floor":24.0,"key":"Charon\u0027s Ashes"},{"floor":24.0,"key":"Toxic Egg 2"},{"floor":26.0,"key":"The Courier"},{"floor":30.0,"key":"Question Card"},{"floor":30.0,"key":"Vajra"}],"event_choices":[{"damage_healed":0.0,"max_hp_gain":0.0,"max_hp_loss":0.0,"gold_gain":0.0,"event_name":"Scrap Ooze","player_choice":"Success","floor":3.0,"gold_loss":0.0,"damage_taken":7.0,"relics_obtained":["War Paint"]},{"cards_removed":["Strike_R"],"damage_healed":0.0,"max_hp_gain":0.0,"max_hp_loss":0.0,"gold_gain":0.0,"event_name":"Golden Wing","player_choice":"Card Removal","floor":4.0,"gold_loss":0.0,"damage_taken":7.0},{"damage_healed":0.0,"max_hp_gain":0.0,"max_hp_loss":0.0,"gold_gain":0.0,"event_name":"World of Goop","player_choice":"Left Gold","floor":14.0,"gold_loss":45.0,"damage_taken":0.0},{"damage_healed":0.0,"max_hp_gain":0.0,"max_hp_loss":0.0,"gold_gain":0.0,"event_name":"Masked Bandits","player_choice":"Fought Bandits","floor":19.0,"gold_loss":0.0,"damage_taken":0.0},{"damage_healed":0.0,"max_hp_gain":0.0,"max_hp_loss":0.0,"gold_gain":0.0,"event_name":"The Mausoleum","player_choice":"Opened","floor":21.0,"gold_loss":0.0,"damage_taken":0.0,"relics_obtained":["Potion Belt"]},{"damage_healed":0.0,"max_hp_gain":0.0,"max_hp_loss":0.0,"gold_gain":0.0,"event_name":"Forgotten Altar","player_choice":"Smashed Altar","floor":27.0,"gold_loss":0.0,"damage_taken":0.0,"cards_obtained":["Decay"]},{"damage_healed":0.0,"max_hp_gain":0.0,"max_hp_loss":0.0,"gold_gain":99.0,"event_name":"Nest","player_choice":"Stole From Cult","floor":31.0,"gold_loss":0.0,"damage_taken":0.0}],"is_beta":false,"boss_relics":[{"not_picked":["Mark of Pain","Tiny House"],"picked":"Calling Bell"}],"items_purged_floors":[28],"is_endless":false,"potions_floor_spawned":[2,7,12,13,30],"killed_by":"Collector","ascension_level":6}}