{"host":"i19jjmeqmvseha12","time":1609400258,"event":{"mods":["BaseMod","Colored Powertips","Dota2Spire","Minty Spire (QoL Compilation)","Replay The Spire","StSLib","The Cursed"],"gold_per_floor":[111,111,125,197,207,240,240,266,266,309,309,309,309,343,343,478,478,508,531,531,543,543],"floor_reached":21,"playtime":575,"items_purged":[],"score":189,"play_id":"e3fdae7c-568b-4110-a701-e2dc81aae388","local_time":"20201230233738","is_ascension_mode":false,"campfire_choices":[{"floor":7,"key":"REST"},{"floor":11,"key":"REST"},{"data":"Doom and Gloom","floor":13,"key":"SMITH"},{"data":"Injury","floor":15,"key":"PURGE"}],"circlet_count":0,"master_deck":["Strike_B","Strike_B","Strike_B","Strike_B","Defend_B","Defend_B","Defend_B","Dualcast","Doom and Gloom+1","Ball Lightning","Panic Button","Auto Shields","Ball Lightning","Echo Form","CurseOfTheBell","Loop","Turbo"],"relics":["Cracked Core","Replay:Bandana","Replay:Antivirus Software","Replay:Bottled Steam","Golden Idol","Calling Bell","ReplayTheSpireMod:Ninjato","Pocketwatch","Dota2Spire:BladeMail"],"acts_visited":["Exordium","TheCity"],"potions_floor_usage":[10,16,19,19],"damage_taken":[{"damage":12,"enemies":"Jaw Worm","floor":1,"turns":4},{"damage":0,"enemies":"Small Slimes","floor":3,"turns":2},{"damage":7,"enemies":"2 Louse","floor":5,"turns":2},{"damage":23,"enemies":"Gremlin Nob","floor":6,"turns":4},{"damage":0,"enemies":"Looter","floor":8,"turns":2},{"damage":26,"enemies":"Lagavulin","floor":10,"turns":4},{"damage":2,"enemies":"Gremlin Gang","floor":14,"turns":2},{"damage":10,"enemies":"Slime Boss","floor":16,"turns":7},{"damage":14,"enemies":"Shell Parasite","floor":18,"turns":3},{"damage":32,"enemies":"3 Byrds","floor":19,"turns":5},{"damage":31,"enemies":"Snake Plant","floor":21,"turns":3}],"seed_played":"-2639648914511445897","potions_obtained":[{"floor":6,"key":"PowerPotion"},{"floor":14,"key":"PowerPotion"},{"floor":16,"key":"ColorlessPotion"},{"floor":18,"key":"Adrenaline Potion"}],"is_trial":false,"path_per_floor":["M","?","M","?","M","E","R","M","T","E","R","?","R","M","R","B",null,"M","M","?","M"],"character_chosen":"DEFECT","items_purchased":[],"campfire_rested":2,"item_purchase_floors":[],"current_hp_per_floor":[63,63,63,63,56,33,55,55,55,29,51,51,51,49,49,39,75,61,29,29,0,0],"gold":543,"neow_bonus":"TRANSFORM_CARD","is_daily":false,"chose_seed":false,"campfire_upgraded":1,"win_rate":0.0,"timestamp":1609400258,"path_taken":["M","?","M","?","M","E","R","M","T","E","R","?","R","M","R","BOSS","M","M","?","M"],"items_purchased_type":[],"build_version":"2020-12-22","purchased_purges":0,"victory":false,"max_hp_per_floor":[75,75,75,75,75,75,75,75,75,75,75,75,75,75,75,75,75,75,75,75,75,75],"card_choices":[{"not_picked":["Stack","Steam"],"picked":"Ball Lightning","floor":1},{"not_picked":["Reprogram","Turbo"],"picked":"Panic Button","floor":3},{"not_picked":["Rip and Tear","Steam"],"picked":"Auto Shields","floor":5},{"not_picked":["Force Field","Storm"],"picked":"Ball Lightning","floor":6},{"not_picked":["Undo","Sweeping Beam","Compile Driver"],"picked":"SKIP","floor":8},{"not_picked":["Scrape","ReplaySolidLightProjector","Force Field"],"picked":"SKIP","floor":10},{"not_picked":["Steam","Chaos","Fusion"],"picked":"SKIP","floor":14},{"not_picked":["All For One","Multi-Cast"],"picked":"Echo Form","floor":16},{"not_picked":["Redo","Go for the Eyes","Cold Snap"],"picked":"SKIP","floor":18},{"not_picked":["Compile Driver","Static Discharge"],"picked":"Loop","floor":19}],"player_experience":120982,"relics_obtained":[{"floor":6,"key":"Replay:Bandana"},{"floor":9,"key":"Replay:Antivirus Software"},{"floor":10,"key":"Replay:Bottled Steam"},{"floor":17,"key":"ReplayTheSpireMod:Ninjato"},{"floor":17,"key":"Pocketwatch"},{"floor":17,"key":"Dota2Spire:BladeMail"}],"event_choices":[{"damage_healed":0,"gold_gain":0,"player_choice":"Ignored","damage_taken":0,"max_hp_gain":0,"max_hp_loss":0,"event_name":"Shining Light","floor":2,"gold_loss":0},{"damage_healed":0,"gold_gain":72,"player_choice":"Gained Gold","damage_taken":0,"max_hp_gain":0,"max_hp_loss":0,"event_name":"Golden Wing","floor":4,"gold_loss":0},{"damage_healed":0,"gold_gain":0,"player_choice":"Take Wound","damage_taken":0,"relics_obtained":["Golden Idol"],"max_hp_gain":0,"max_hp_loss":0,"event_name":"Golden Idol","floor":12,"gold_loss":0,"cards_obtained":["Injury"]},{"damage_healed":0,"gold_gain":0,"cards_transformed":["Zap"],"player_choice":"Transformed","damage_taken":0,"max_hp_gain":0,"max_hp_loss":0,"event_name":"Transmorgrifier","floor":20,"gold_loss":0,"cards_obtained":["Turbo"]}],"is_beta":false,"boss_relics":[{"not_picked":["Fusion Hammer","Astrolabe"],"picked":"Calling Bell"}],"items_purged_floors":[],"is_endless":false,"potions_floor_spawned":[6,14,16,18],"killed_by":"Snake Plant","ascension_level":0}}