{"host":"kdt6w7ix8lwe69i9","time":1609418095,"event":{"mods":["Bartender","BaseMod","ChefMod","Downfall","Fiend Mod","Jorbs\u0027s Wanderer Trilogy","Minty Spire (QoL Compilation)","Reimu（博丽灵梦）","Robot Space Explorer","StSLib","The Cursed","The Disciple","The Dragon Tamer","The Druid","The Elementalist","The Forsaken","The Gatherer","The Judge","The Marked","TheBandit"],"gold_per_floor":[99,99,99,99,99,99,99,99,99,99,99,99,99,99,99,99,99,99,99,69,69,69,69,69,69,69,69,69,69,69,69,69,69,69],"floor_reached":33,"playtime":3488,"items_purged":[],"score":295,"play_id":"7be072ef-2b5a-49f1-a78b-53e7734e28cc","local_time":"20201231073455","is_ascension_mode":false,"campfire_choices":[{"floor":8,"key":"RECALL"},{"data":"RobotSpaceExplorer:MiniLasers","floor":10,"key":"SMITH"},{"floor":15,"key":"REST"},{"floor":24,"key":"REST"},{"floor":32,"key":"REST"}],"circlet_count":0,"master_deck":["RobotSpaceExplorer:Strike","RobotSpaceExplorer:Strike","RobotSpaceExplorer:Strike","RobotSpaceExplorer:Strike","RobotSpaceExplorer:Defend","RobotSpaceExplorer:Defend","RobotSpaceExplorer:Defend","RobotSpaceExplorer:Defend","RobotSpaceExplorer:Scan","RobotSpaceExplorer:MiniLasers+1","RobotSpaceExplorer:ShovelStrike","RobotSpaceExplorer:FrostMissile","RobotSpaceExplorer:ScrapToss","RobotSpaceExplorer:Probe","RobotSpaceExplorer:FranticSearch","RobotSpaceExplorer:Probe","RobotSpaceExplorer:Pulsar","Injury","RobotSpaceExplorer:Discharger","RobotSpaceExplorer:PlasmaMissile","RobotSpaceExplorer:Multitool","CurseOfTheBell","RobotSpaceExplorer:Probe+1","RobotSpaceExplorer:ShockKick+1","RobotSpaceExplorer:ScrapToss+1","RobotSpaceExplorer:MiniDrones+1","RobotSpaceExplorer:TurboDodge","RobotSpaceExplorer:SwiftStep","RobotSpaceExplorer:ShockKick+1","RobotSpaceExplorer:ShockKick+1","RobotSpaceExplorer:Electropulse+1"],"relics":["Ectoplasm","Centennial Puzzle","Vajra","Bloody Idol","Calling Bell","Boot","Molten Egg 2","FossilizedHelix","Ancient Tea Set","Mastiff:ReiMu"],"acts_visited":["Exordium","TheCity"],"potions_floor_usage":[6,6,11,16,27,30,31,33,33,33],"damage_taken":[{"damage":0,"enemies":"Small Slimes","floor":1,"turns":4},{"damage":0,"enemies":"2 Louse","floor":2,"turns":2},{"damage":8,"enemies":"Jaw Worm","floor":3,"turns":2},{"damage":0,"enemies":"Blue Slaver","floor":5,"turns":3},{"damage":7,"enemies":"Gremlin Nob","floor":6,"turns":4},{"damage":0,"enemies":"2 Fungi Beasts","floor":7,"turns":3},{"damage":3,"enemies":"Gremlin Gang","floor":11,"turns":2},{"damage":3,"enemies":"Lots of Slimes","floor":13,"turns":3},{"damage":9,"enemies":"Red Slaver","floor":14,"turns":2},{"damage":45,"enemies":"The Guardian","floor":16,"turns":14},{"damage":0,"enemies":"Chosen","floor":18,"turns":4},{"damage":10,"enemies":"2 Thieves","floor":20,"turns":2},{"damage":30,"enemies":"Slavers","floor":23,"turns":5},{"damage":8,"enemies":"Chosen and Byrds","floor":25,"turns":5},{"damage":36,"enemies":"Gremlin Leader","floor":27,"turns":6},{"damage":12,"enemies":"3 Cultists","floor":28,"turns":4},{"damage":0,"enemies":"Centurion and Healer","floor":29,"turns":7},{"damage":11,"enemies":"Snake Plant","floor":30,"turns":4},{"damage":0,"enemies":"Chosen and Byrds","floor":31,"turns":5},{"damage":45,"enemies":"Collector","floor":33,"turns":6}],"seed_played":"6025757942704126254","potions_obtained":[{"floor":2,"key":"Block Potion"},{"floor":5,"key":"Energy Potion"},{"floor":7,"key":"Explosive Potion"},{"floor":11,"key":"FearPotion"},{"floor":20,"key":"Strength Potion"},{"floor":23,"key":"FairyPotion"},{"floor":29,"key":"Fire Potion"},{"floor":30,"key":"RobotSpaceExplorer:RecyclePotion"},{"floor":31,"key":"EntropicBrew"}],"is_trial":false,"path_per_floor":["M","M","M","?","M","E","M","R","T","R","M","?","M","M","R","B",null,"M","?","M","?","?","E","R","M","T","E","M","M","M","M","R","B"],"character_chosen":"RobotSpaceExplorer","items_purchased":[],"campfire_rested":3,"item_purchase_floors":[],"current_hp_per_floor":[75,75,67,67,67,60,60,60,60,60,57,57,54,45,67,22,75,75,75,65,65,65,35,57,49,49,13,1,1,18,18,40,0,0],"gold":69,"neow_bonus":"BOSS_RELIC","is_daily":false,"chose_seed":false,"campfire_upgraded":1,"win_rate":0.0,"timestamp":1609418095,"path_taken":["M","M","M","?","M","E","M","R","T","R","M","?","M","M","R","BOSS","M","?","M","?","?","E","R","M","T","E","M","M","M","M","R","BOSS"],"items_purchased_type":[],"build_version":"2020-12-22","purchased_purges":0,"victory":false,"max_hp_per_floor":[75,75,75,75,75,75,75,75,75,75,75,75,75,75,75,75,75,75,75,75,75,75,75,75,75,75,75,75,75,75,75,75,75,75],"card_choices":[{"not_picked":["RobotSpaceExplorer:LaserBurst","RobotSpaceExplorer:GearShield"],"picked":"RobotSpaceExplorer:ShovelStrike","floor":1},{"not_picked":["RobotSpaceExplorer:SurgingStrike","RobotSpaceExplorer:StunGrenade"],"picked":"RobotSpaceExplorer:FrostMissile","floor":2},{"not_picked":["RobotSpaceExplorer:FreezingShield","RobotSpaceExplorer:PlasmaMissile"],"picked":"RobotSpaceExplorer:ScrapToss","floor":3},{"not_picked":["RobotSpaceExplorer:SurgingShield","RobotSpaceExplorer:Pulsar"],"picked":"RobotSpaceExplorer:Probe","floor":5},{"not_picked":["RobotSpaceExplorer:Ammunition","RobotSpaceExplorer:Wormhole"],"picked":"RobotSpaceExplorer:FranticSearch","floor":6},{"not_picked":["RobotSpaceExplorer:Pulsar","RobotSpaceExplorer:Ammunition"],"picked":"RobotSpaceExplorer:Probe","floor":7},{"not_picked":["RobotSpaceExplorer:Calculate","RobotSpaceExplorer:PlasmaMissile"],"picked":"RobotSpaceExplorer:Pulsar","floor":11},{"not_picked":["RobotSpaceExplorer:ImprovisedAttack","RobotSpaceExplorer:SurgingStrike"],"picked":"RobotSpaceExplorer:Discharger","floor":13},{"not_picked":["RobotSpaceExplorer:Pulsar","RobotSpaceExplorer:Smokescreen"],"picked":"RobotSpaceExplorer:PlasmaMissile","floor":14},{"not_picked":["RobotSpaceExplorer:Comet","RobotSpaceExplorer:Autoloader"],"picked":"RobotSpaceExplorer:Multitool","floor":16},{"not_picked":["RobotSpaceExplorer:SurgingStrike+1","RobotSpaceExplorer:FreezingShield+1"],"picked":"RobotSpaceExplorer:Probe+1","floor":18},{"not_picked":["RobotSpaceExplorer:ImprovisedAttack+1","RobotSpaceExplorer:GlueShot+1"],"picked":"RobotSpaceExplorer:ShockKick+1","floor":20},{"not_picked":["RobotSpaceExplorer:TurboDodge","RobotSpaceExplorer:ScrapShield"],"picked":"RobotSpaceExplorer:ScrapToss+1","floor":23},{"not_picked":["RobotSpaceExplorer:SlimeMissile+1","RobotSpaceExplorer:SurgingStrike+1"],"picked":"RobotSpaceExplorer:MiniDrones+1","floor":25},{"not_picked":["RobotSpaceExplorer:BlastShield","RobotSpaceExplorer:Arsenal"],"picked":"RobotSpaceExplorer:TurboDodge","floor":27},{"not_picked":["RobotSpaceExplorer:SurgingShield","RobotSpaceExplorer:StunGrenade+1"],"picked":"RobotSpaceExplorer:SwiftStep","floor":28},{"not_picked":["RobotSpaceExplorer:ScrapShield+1","RobotSpaceExplorer:FreezingShield"],"picked":"RobotSpaceExplorer:ShockKick+1","floor":29},{"not_picked":["RobotSpaceExplorer:FreezeRay","RobotSpaceExplorer:ShovelStrike+1"],"picked":"RobotSpaceExplorer:ShockKick+1","floor":30},{"not_picked":["RobotSpaceExplorer:FrostMissile+1","RobotSpaceExplorer:ShockKick+1"],"picked":"RobotSpaceExplorer:Electropulse+1","floor":31}],"player_experience":1660657,"relics_obtained":[{"floor":6,"key":"Centennial Puzzle"},{"floor":9,"key":"Vajra"},{"floor":17,"key":"Boot"},{"floor":17,"key":"Molten Egg 2"},{"floor":17,"key":"FossilizedHelix"},{"floor":23,"key":"Ancient Tea Set"},{"floor":27,"key":"Mastiff:ReiMu"}],"event_choices":[{"damage_healed":0,"gold_gain":0,"player_choice":"Take Wound","damage_taken":0,"relics_obtained":["Golden Idol"],"max_hp_gain":0,"max_hp_loss":0,"event_name":"Golden Idol","floor":12,"gold_loss":0,"cards_obtained":["Injury"]},{"damage_healed":0,"gold_gain":0,"player_choice":"Gave Idol","damage_taken":0,"relics_obtained":["Bloody Idol"],"max_hp_gain":0,"max_hp_loss":0,"event_name":"Forgotten Altar","floor":21,"relics_lost":["Golden Idol"],"gold_loss":0},{"damage_healed":0,"gold_gain":0,"player_choice":"Ignored","damage_taken":0,"max_hp_gain":0,"max_hp_loss":0,"event_name":"Vampires","floor":22,"gold_loss":0}],"is_beta":false,"boss_relics":[{"not_picked":["Tiny House","Silver_Glasses"],"picked":"Calling Bell"}],"items_purged_floors":[],"is_endless":false,"potions_floor_spawned":[2,5,7,11,20,23,29,30,31],"killed_by":"Collector","ascension_level":0}}