{"host":"2820e8i2y38gm4bp","time":1609435735,"event":{"mods":["2.2 Compatiblity","Act Like it!","BaseMod","Better Note","BetterRewards","Downfall","Elementarium","Gensokyo","GungeonMod","Hallownest","Hubris","Jorbs\u0027s Wanderer Trilogy","Marisa????????","Minty Spire (QoL Compilation)","Potionbrewer","Rare Cards Sparkle","Replay The Spire","Shop Mod","StSLib","The Bug Knight","The Cursed","The Jungle","TheBandit"],"gold_per_floor":[114,133,18,35,47,74,86,131,170,182,220,232,257,302,314,428,440,471,497,5,5,17,17,17,17],"floor_reached":24,"playtime":1917,"items_purged":["Strike_G"],"score":237,"play_id":"500fac59-f518-4348-b720-b10bd4beb385","local_time":"20201231122855","is_ascension_mode":true,"campfire_choices":[{"data":"Neutralize","floor":7,"key":"SMITH"},{"data":"Dagger Throw","floor":10,"key":"SMITH"},{"floor":12,"key":"REST"},{"data":"ReplayTheSpireMod:Shiv Toss","floor":23,"key":"SMITH"}],"circlet_count":0,"master_deck":["Strike_G","Strike_G","Strike_G","Strike_G","Defend_G","Defend_G","Defend_G","Defend_G","Defend_G","Survivor","Neutralize+1","Deflect","Outmaneuver+1","Cloak And Dagger","Blade Dance","Dagger Throw+1","ReplayTheSpireMod:Speed Training","Cloak And Dagger","Cloak And Dagger","Blade Dance","Burst","A Thousand Cuts","Setup","Poisoned Stab","Poisoned Stab","Slimebound:PrepareCrush","ReplayTheSpireMod:Shiv Toss+1"],"relics":["Ring of the Snake","DemoMod:GnawedKey","MawBank","Lizard Tail","Replay:Baseball","Dream Catcher","Lantern","SacredBark","DemoMod:SerJunkan","Pen Nib"],"acts_visited":["Exordium","Exordium"],"potions_floor_usage":[11,16,16,22],"damage_taken":[{"damage":1,"enemies":"Cultist","floor":1,"turns":4},{"damage":5,"enemies":"Jaw Worm","floor":2,"turns":5},{"damage":0,"enemies":"2 Louse","floor":4,"turns":4},{"damage":1,"enemies":"Blue Slaver","floor":5,"turns":5},{"damage":10,"enemies":"3 Sentries","floor":6,"turns":12},{"damage":17,"enemies":"Lagavulin","floor":8,"turns":9},{"damage":8,"enemies":"3 Sentries","floor":11,"turns":8},{"damage":1,"enemies":"Gremlin Gang","floor":13,"turns":7},{"damage":22,"enemies":"Lagavulin","floor":14,"turns":8},{"damage":19,"enemies":"Fading Forest","floor":16,"turns":11},{"damage":19,"enemies":"Shell Parasite","floor":18,"turns":5},{"damage":10,"enemies":"theJungle:MUSHROOMGANG","floor":19,"turns":6},{"damage":1,"enemies":"theJungle:2_Snecko_Cultists","floor":22,"turns":6},{"damage":111,"enemies":"theJungle:MamaSnecko","floor":24,"turns":4}],"seed_played":"2690202351141784183","potions_obtained":[{"floor":2,"key":"BlessingOfTheForge"},{"floor":8,"key":"ColorlessPotion"},{"floor":11,"key":"potionbrewer:NoxiousPotion"},{"floor":16,"key":"potionbrewer:ToxicPotion"},{"floor":18,"key":"PowerPotion"}],"is_trial":false,"path_per_floor":["M","M","$","M","M","E","R","E","T","R","E","R","M","E","R","B",null,"M","M","$","?","M","R","E"],"character_chosen":"THE_SILENT","items_purchased":["DemoMod:GnawedKey","DemoMod:SerJunkan","Pen Nib","Poisoned Stab"],"campfire_rested":1,"item_purchase_floors":[3,20,20,20],"current_hp_per_floor":[69,64,64,64,63,53,53,36,36,36,28,49,48,26,47,40,70,51,41,41,41,40,40,0,0],"gold":17,"neow_bonus":"THREE_CARDS","is_daily":false,"chose_seed":false,"campfire_upgraded":3,"win_rate":0.0,"timestamp":1609435735,"path_taken":["M","M","$","M","M","E","R","E","T","R","E","R","?","E","R","BOSS","M","M","$","?","M","R","E"],"items_purchased_type":["Relic","Relic","Relic","Card"],"build_version":"2020-12-22","purchased_purges":1,"victory":false,"max_hp_per_floor":[70,70,70,70,70,70,70,70,70,70,70,70,70,70,70,70,70,70,70,70,70,70,70,70,70],"card_choices":[{"not_picked":["Acrobatics","Prepared"],"picked":"Deflect","floor":0},{"not_picked":["Endless Agony","Sucker Punch"],"picked":"Outmaneuver","floor":1},{"not_picked":["Masterful Stab","ReplayTheSpireMod:Scrap Shanks"],"picked":"Cloak And Dagger","floor":2},{"not_picked":["Slice","Poisoned Stab"],"picked":"Blade Dance","floor":4},{"not_picked":["Choke","Underhanded Strike"],"picked":"Dagger Throw","floor":5},{"not_picked":["Deflect","Heel Hook"],"picked":"ReplayTheSpireMod:Speed Training","floor":6},{"not_picked":["hubris:TrickCloak","Choke"],"picked":"Cloak And Dagger","floor":8},{"not_picked":["Deadly Poison","Underhanded Strike","Concentrate"],"picked":"SKIP","floor":11},{"not_picked":["Dodge and Roll","Endless Agony"],"picked":"Cloak And Dagger","floor":12},{"not_picked":["Deadly Poison","Backflip"],"picked":"Blade Dance","floor":13},{"not_picked":["Escape Plan","Slice"],"picked":"Burst","floor":14},{"not_picked":["Atom Bomb","Die Die Die"],"picked":"A Thousand Cuts","floor":16},{"not_picked":["Bane","Sucker Punch+1","Backflip"],"picked":"SKIP","floor":18},{"not_picked":["Tactician","Deadly Poison"],"picked":"Setup","floor":19},{"not_picked":["hubris:Counter","ReplayTheSpireMod:The Works"],"picked":"ReplayTheSpireMod:Shiv Toss","floor":22}],"player_experience":507826,"relics_obtained":[{"floor":6,"key":"MawBank"},{"floor":8,"key":"Lizard Tail"},{"floor":9,"key":"Replay:Baseball"},{"floor":11,"key":"Dream Catcher"},{"floor":14,"key":"Lantern"}],"event_choices":[{"cards_removed":["ReplayTheSpireMod:Speed Training"],"damage_healed":0,"gold_gain":0,"player_choice":"Take \u0026 Give","damage_taken":0,"max_hp_gain":0,"max_hp_loss":0,"event_name":"betterNote:BetterNote","floor":21,"gold_loss":0,"cards_obtained":["Slimebound:PrepareCrush"]}],"is_beta":false,"boss_relics":[{"not_picked":["Fusion Hammer","Honey Jar"],"picked":"SacredBark"}],"items_purged_floors":[20],"is_endless":false,"potions_floor_spawned":[2,8,11,16,18],"killed_by":"theJungle:MamaSnecko","ascension_level":1}}