{"host":"480qzmvu0s2e3e6w","time":1609433798,"event":{"mods":["BaseMod","Colored Map","DeckTracker","Minty Spire (QoL Compilation)","StSLib","SuperFastMode"],"gold_per_floor":[112,44,54,54,104,104,130,143,143,143,156,172,172,15,15,91,91,110,120,120,135,135,135],"floor_reached":22,"playtime":799,"items_purged":["Strike_R"],"score":369,"play_id":"31d03c41-a18c-47ae-beb1-8fdbb2ddcc5c","local_time":"20210101015638","is_ascension_mode":true,"campfire_choices":[{"data":"Bash","floor":6.0,"key":"SMITH"},{"data":"Spot Weakness","floor":10.0,"key":"SMITH"},{"data":"True Grit","floor":13.0,"key":"SMITH"},{"data":"Body Slam","floor":15.0,"key":"SMITH"}],"circlet_count":0,"master_deck":["AscendersBane","Strike_R","Strike_R","Strike_R+1","Defend_R","Defend_R","Defend_R+1","Bash+1","Battle Trance","Spot Weakness+1","Spot Weakness","Metallicize","Dropkick","True Grit+1","Body Slam+1","Dark Shackles","Barricade","Entrench","Twin Strike","Sword Boomerang"],"relics":["Burning Blood","NeowsBlessing","Self Forming Clay","Juzu Bracelet","Empty Cage"],"acts_visited":["Exordium","TheCity"],"potions_floor_usage":[],"damage_taken":[{"damage":0.0,"enemies":"Cultist","floor":1.0,"turns":1.0},{"damage":0.0,"enemies":"2 Louse","floor":3.0,"turns":1.0},{"damage":0.0,"enemies":"Lagavulin","floor":7.0,"turns":1.0},{"damage":2.0,"enemies":"Small Slimes","floor":8.0,"turns":3.0},{"damage":7.0,"enemies":"2 Fungi Beasts","floor":11.0,"turns":3.0},{"damage":10.0,"enemies":"3 Louse","floor":12.0,"turns":4.0},{"damage":22.0,"enemies":"Hexaghost","floor":16.0,"turns":9.0},{"damage":11.0,"enemies":"3 Byrds","floor":18.0,"turns":8.0},{"damage":16.0,"enemies":"Spheric Guardian","floor":19.0,"turns":4.0},{"damage":14,"enemies":"Cultist and Chosen","floor":21,"turns":6},{"damage":46,"enemies":"Centurion and Healer","floor":22,"turns":8}],"seed_played":"-2806611116632038347","potions_obtained":[{"floor":3.0,"key":"DuplicationPotion"},{"floor":7.0,"key":"BlessingOfTheForge"},{"floor":18.0,"key":"BlessingOfTheForge"}],"is_trial":false,"path_per_floor":["M","$","M","?","?","R","E","M","T","R","M","M","R","$","R","B",null,"M","M","?","M","M"],"character_chosen":"IRONCLAD","items_purchased":["Spot Weakness","Dark Shackles"],"campfire_rested":0,"item_purchase_floors":[2,14],"current_hp_per_floor":[74,74,75,52,52,52,58,62,62,62,61,57,57,57,57,41,67,62,52,52,44,0,0],"gold":135,"neow_bonus":"THREE_ENEMY_KILL","is_daily":false,"chose_seed":false,"campfire_upgraded":4,"win_rate":0.0,"timestamp":1609433798,"path_taken":["M","$","M","?","?","R","E","?","T","R","M","M","R","$","R","BOSS","M","M","?","M","M"],"items_purchased_type":["Card","Card"],"build_version":"2020-12-22","purchased_purges":1,"victory":false,"max_hp_per_floor":[75,75,75,75,75,75,75,75,75,75,75,75,75,75,75,75,75,75,75,75,75,75,75],"card_choices":[{"not_picked":["Perfected Strike","Thunderclap"],"picked":"Battle Trance","floor":1.0},{"not_picked":["Bloodletting","Iron Wave"],"picked":"Spot Weakness","floor":3.0},{"not_picked":["Bloodletting","Anger"],"picked":"Metallicize","floor":7.0},{"not_picked":["Perfected Strike","Body Slam"],"picked":"Dropkick","floor":8.0},{"not_picked":["Armaments","Flame Barrier"],"picked":"True Grit","floor":11.0},{"not_picked":["Heavy Blade","Flex"],"picked":"Body Slam","floor":12.0},{"not_picked":["Fiend Fire","Feed"],"picked":"Barricade","floor":16.0},{"not_picked":["Pommel Strike","Carnage"],"picked":"Entrench","floor":18.0},{"not_picked":["Ghostly Armor","Body Slam"],"picked":"Twin Strike","floor":19},{"not_picked":["Cleave+1","Heavy Blade","Havoc"],"picked":"SKIP","floor":21}],"player_experience":623015,"relics_obtained":[{"floor":7.0,"key":"Self Forming Clay"},{"floor":9.0,"key":"Juzu Bracelet"}],"event_choices":[{"damage_healed":0.0,"max_hp_gain":0.0,"max_hp_loss":0.0,"gold_gain":0.0,"event_name":"Shining Light","player_choice":"Entered Light","floor":4.0,"gold_loss":0.0,"damage_taken":23.0,"cards_upgraded":["Defend_R","Strike_R"]},{"damage_healed":0.0,"max_hp_gain":0.0,"max_hp_loss":0.0,"gold_gain":50.0,"event_name":"Golden Shrine","player_choice":"Pray","floor":5.0,"gold_loss":0.0,"damage_taken":0.0},{"damage_healed":0,"gold_gain":0,"player_choice":"Read","damage_taken":0,"max_hp_gain":0,"max_hp_loss":0,"event_name":"The Library","floor":20,"gold_loss":0,"cards_obtained":["Sword Boomerang"]}],"is_beta":false,"boss_relics":[{"not_picked":["Runic Cube","SacredBark"],"picked":"Empty Cage"}],"items_purged_floors":[14],"is_endless":false,"potions_floor_spawned":[3,7,12,18],"killed_by":"Centurion and Healer","ascension_level":15}}