{"host":"jm9833yuloeli2yd","time":1609377954,"event":{"mods":["AchievementEnabler","BaseMod","Better Altar","Better Match","Better Note","Better Sensory Stone","Better Skull","Better Third Choice","Better Vampires","BetterRewards","Colored Map","Colored Powertips","DeckTracker","Marked Mod","Minty Spire (QoL Compilation)","Permanent Neow","Quick Restart","StSLib","SuperFastMode"],"gold_per_floor":[115,128,1,1,13,40,40,57,109,109,125,155,155,168,168,168,168],"floor_reached":16,"playtime":337,"items_purged":[],"score":224,"play_id":"03a6457e-7be8-4654-9f08-a2d4eb7d7be0","local_time":"20201230202554","is_ascension_mode":true,"campfire_choices":[{"floor":10,"key":"REST"},{"floor":13,"key":"REST"},{"data":"Defragment","floor":15,"key":"SMITH"}],"circlet_count":0,"master_deck":["AscendersBane","Strike_B","Strike_B","Defend_B","Defend_B","Defend_B","Defend_B","Zap","Dualcast","Multi-Cast","Rip and Tear","Compile Driver","Chill","Chill","Defragment+1","Fission+1","Capacitor","Buffer","Conserve Battery+1"],"relics":["Cracked Core","Toxic Egg 2","Blood Vial","Toy Ornithopter"],"acts_visited":["Exordium"],"potions_floor_usage":[6,6,8,12,16],"damage_taken":[{"damage":1,"enemies":"Cultist","floor":1,"turns":4},{"damage":7,"enemies":"Jaw Worm","floor":2,"turns":2},{"damage":0,"enemies":"2 Louse","floor":5,"turns":1},{"damage":41,"enemies":"Lagavulin","floor":6,"turns":9},{"damage":0,"enemies":"Gremlin Gang","floor":8,"turns":2},{"damage":4,"enemies":"Looter","floor":11,"turns":3},{"damage":20,"enemies":"3 Sentries","floor":12,"turns":8},{"damage":13,"enemies":"3 Louse","floor":14,"turns":4},{"damage":29,"enemies":"Hexaghost","floor":16,"turns":9}],"seed_played":"2090448972930655792","potions_obtained":[{"floor":1,"key":"Swift Potion"},{"floor":6,"key":"PowerPotion"},{"floor":8,"key":"GamblersBrew"},{"floor":12,"key":"Strength Potion"}],"is_trial":false,"path_per_floor":["M","M","$","?","M","E","?","M","T","R","M","E","R","M","R","B"],"character_chosen":"DEFECT","items_purchased":["Chill","Energy Potion"],"campfire_rested":2,"item_purchase_floors":[3,3],"current_hp_per_floor":[63,56,56,49,49,8,8,8,8,29,27,9,30,19,19,0,0],"gold":168,"neow_bonus":"ONE_RANDOM_RARE_CARD","is_daily":false,"chose_seed":false,"campfire_upgraded":1,"win_rate":0.0,"timestamp":1609377954,"path_taken":["M","?","$","?","M","E","?","?","T","R","M","E","R","?","R","BOSS"],"items_purchased_type":["Card","Potion"],"build_version":"2020-12-22","purchased_purges":0,"victory":false,"max_hp_per_floor":[71,71,71,71,71,71,71,71,71,71,71,71,71,71,71,71,71],"card_choices":[{"not_picked":["Gash","Beam Cell"],"picked":"Rip and Tear","floor":1},{"not_picked":["Double Energy","Gash"],"picked":"Compile Driver","floor":2},{"not_picked":["Stack","Rebound"],"picked":"Chill","floor":5},{"not_picked":["Sunder","Seek+1"],"picked":"Defragment","floor":6},{"not_picked":["Cold Snap","Stack+1"],"picked":"Capacitor","floor":8},{"not_picked":["Compile Driver","Chill+1","Steam+1"],"picked":"SKIP","floor":11},{"not_picked":["Static Discharge","Storm"],"picked":"Buffer","floor":12},{"not_picked":["Redo+1","Go for the Eyes"],"picked":"Conserve Battery+1","floor":14}],"player_experience":1200588,"relics_obtained":[{"floor":6,"key":"Toxic Egg 2"},{"floor":9,"key":"Blood Vial"},{"floor":12,"key":"Toy Ornithopter"}],"event_choices":[{"cards_removed":["Strike_B"],"damage_healed":0,"gold_gain":0,"player_choice":"Card Removal","damage_taken":7,"max_hp_gain":0,"max_hp_loss":0,"event_name":"Golden Wing","floor":4,"gold_loss":0},{"damage_healed":0,"gold_gain":0,"cards_transformed":["Strike_B"],"player_choice":"Transformed","damage_taken":0,"max_hp_gain":0,"max_hp_loss":0,"event_name":"Transmorgrifier","floor":7,"gold_loss":0,"cards_obtained":["Fission"]}],"is_beta":false,"boss_relics":[],"items_purged_floors":[],"is_endless":false,"potions_floor_spawned":[1,6,8,12],"killed_by":"Hexaghost","ascension_level":20}}