{"host":"mtg945c5jssv10ty","time":1609409786,"event":{"mods":["BaseMod","Downfall","Minty Spire (QoL Compilation)","StSLib","SuperFastMode"],"gold_per_floor":[99,119,138,288,121,121,121,121,121,121,121],"floor_reached":10,"playtime":326,"items_purged":["downfall:Icky"],"score":79,"play_id":"fba5ba7b-6791-4c2f-bdbf-48ff8f003e42","local_time":"20201231051626","is_ascension_mode":false,"campfire_choices":[{"floor":1.0,"key":"RECALL"}],"circlet_count":0,"master_deck":["Guardian:Strike_Guardian","Guardian:Strike_Guardian","Guardian:Strike_Guardian","Guardian:Strike_Guardian","Guardian:Defend_Guardian","Guardian:Defend_Guardian","Guardian:Defend_Guardian","Guardian:Defend_Guardian","Guardian:CurlUp","Guardian:TwinSlam","Guardian:PrimingBeam","Guardian:Incinerate","Guardian:Gem_Lightblue","Guardian:Gem_Cyan","Guardian:CrystalBeam"],"relics":["Guardian:ModeShifter"],"acts_visited":["TheCity","TheBeyond","TheEnding"],"potions_floor_usage":[],"damage_taken":[{"damage":2.0,"enemies":"Small Slimes","floor":2.0,"turns":4.0},{"damage":1.0,"enemies":"2 Louse","floor":3.0,"turns":3.0},{"damage":5.0,"enemies":"downfall:FleeingMerchant","floor":5.0,"turns":4.0},{"damage":0,"enemies":"downfall:NeowBoss","floor":10,"turns":7}],"seed_played":"-812499517529580353","potions_obtained":[{"floor":2.0,"key":"FearPotion"},{"floor":3.0,"key":"SkillPotion"}],"is_trial":false,"path_per_floor":["R","M","M","?","$","E","M","B"],"character_chosen":"GUARDIAN","items_purchased":["Guardian:Gem_Cyan","Guardian:CrystalBeam"],"campfire_rested":0,"item_purchase_floors":[5,5],"current_hp_per_floor":[88,86,85,85,80,88,88,88,88,88,88],"gold":121,"neow_bonus":"TEN_PERCENT_HP_BONUS","is_daily":false,"chose_seed":false,"campfire_upgraded":0,"win_rate":0.0,"timestamp":1609409786,"path_taken":["R","M","M","?","$","E","BOSS"],"items_purchased_type":["Card","Card"],"build_version":"2020-12-22","purchased_purges":1,"victory":false,"max_hp_per_floor":[88,88,88,88,88,88,88,88,88,88,88],"card_choices":[{"not_picked":["Guardian:SentryBeam","Guardian:TemporalStrike"],"picked":"Guardian:PrimingBeam","floor":2.0},{"not_picked":["Guardian:CrystalBeam","Guardian:Emergency"],"picked":"Guardian:Incinerate","floor":3.0},{"not_picked":["Guardian:CrystalBeam","Guardian:TemporalStrike"],"picked":"Guardian:Gem_Lightblue","floor":5.0}],"player_experience":166483,"relics_obtained":[],"event_choices":[],"is_beta":false,"boss_relics":[],"items_purged_floors":[5],"is_endless":false,"potions_floor_spawned":[2,3],"killed_by":"downfall:NeowBoss","ascension_level":0}}