{"host":"bg8va46pgqgvtzim","time":1609402239,"event":{"mods":["BaseMod","Minty Spire (QoL Compilation)","Quick Restart","StSLib","SuperFastMode"],"gold_per_floor":[115,130,148,128,148,176,176,204,204,204,236,249,22,38,38,140,140,155,171,183,183,183,208,223,223,249,249,277,297,331,256,256,353,353,369,419,86,100,114,114,139,139,190,190,54,74,100,112,112,112,112,112,37,70,70],"floor_reached":56,"playtime":2107,"items_purged":["Strike_G","Dagger Spray","Defend_G","Defend_G"],"score":1676,"play_id":"d15f5872-f544-4d00-9c85-f96ec80ba670","local_time":"20201231161039","is_ascension_mode":true,"campfire_choices":[{"data":"Noxious Fumes","floor":7.0,"key":"SMITH"},{"data":"Tactician","floor":10.0,"key":"SMITH"},{"data":"Acrobatics","floor":15.0,"key":"SMITH"},{"data":"Calculated Gamble","floor":25.0,"key":"SMITH"},{"floor":27.0,"key":"REST"},{"data":"Prepared","floor":32.0,"key":"SMITH"},{"data":"Apotheosis","floor":40.0,"key":"SMITH"},{"data":"Calculated Gamble","floor":44.0,"key":"SMITH"},{"floor":49,"key":"RECALL"},{"data":"Well Laid Plans","floor":52,"key":"SMITH"}],"circlet_count":0,"master_deck":["Defend_G","Defend_G","Defend_G","Survivor","Neutralize","Finisher","Noxious Fumes+1","Acrobatics+1","Tactician+1","Well Laid Plans+1","Phantasmal Killer","Reflex","Noxious Fumes","Eviscerate","Escape Plan","Calculated Gamble+1","Escape Plan","Calculated Gamble+1","Acrobatics","Prepared+1","Acrobatics+1","Apotheosis+1"],"relics":["Ring of the Snake","The Specimen","Pear","Paper Crane","Gremlin Horn","Membership Card","Philosopher\u0027s Stone","Regal Pillow","Dream Catcher","Lantern","Strawberry","HoveringKite","FossilizedHelix","Bag of Preparation","Shuriken","Anchor","Potion Belt","Pocketwatch","StrikeDummy"],"acts_visited":["Exordium","TheCity","TheBeyond","TheEnding"],"potions_floor_usage":[55,55,55,55],"damage_taken":[{"damage":2.0,"enemies":"Small Slimes","floor":1.0,"turns":4.0},{"damage":1.0,"enemies":"Cultist","floor":2.0,"turns":5.0},{"damage":0.0,"enemies":"Jaw Worm","floor":3.0,"turns":4.0},{"damage":0.0,"enemies":"Large Slime","floor":5.0,"turns":5.0},{"damage":34.0,"enemies":"Gremlin Nob","floor":6.0,"turns":5.0},{"damage":3.0,"enemies":"Lagavulin","floor":8.0,"turns":8.0},{"damage":11.0,"enemies":"Gremlin Nob","floor":11.0,"turns":5.0},{"damage":0.0,"enemies":"Exordium Thugs","floor":12.0,"turns":6.0},{"damage":0.0,"enemies":"Blue Slaver","floor":14.0,"turns":5.0},{"damage":2.0,"enemies":"The Guardian","floor":16.0,"turns":10.0},{"damage":2.0,"enemies":"Spheric Guardian","floor":18.0,"turns":5.0},{"damage":6.0,"enemies":"Shell Parasite","floor":19.0,"turns":5.0},{"damage":1.0,"enemies":"Cultist and Chosen","floor":20.0,"turns":4.0},{"damage":37.0,"enemies":"Book of Stabbing","floor":23.0,"turns":7.0},{"damage":7.0,"enemies":"Snake Plant","floor":24.0,"turns":6.0},{"damage":6.0,"enemies":"Gremlin Leader","floor":28.0,"turns":4.0},{"damage":0.0,"enemies":"Chosen and Byrds","floor":29.0,"turns":3.0},{"damage":12.0,"enemies":"Slavers","floor":30.0,"turns":2.0},{"damage":0.0,"enemies":"Automaton","floor":33.0,"turns":3.0},{"damage":0.0,"enemies":"Orb Walker","floor":35.0,"turns":2.0},{"damage":0.0,"enemies":"Mind Bloom Boss Battle","floor":36.0,"turns":2.0},{"damage":0.0,"enemies":"3 Darklings","floor":38.0,"turns":1.0},{"damage":0.0,"enemies":"Maw","floor":39.0,"turns":1.0},{"damage":0.0,"enemies":"Nemesis","floor":41.0,"turns":1.0},{"damage":0,"enemies":"Writhing Mass","floor":46,"turns":1},{"damage":0,"enemies":"Giant Head","floor":47,"turns":1},{"damage":0,"enemies":"Transient","floor":48,"turns":2},{"damage":0,"enemies":"Donu and Deca","floor":50,"turns":1},{"damage":0,"enemies":"Shield and Spear","floor":54,"turns":1},{"damage":0,"enemies":"The Heart","floor":55,"turns":5}],"seed_played":"6283288321193610314","potions_obtained":[{"floor":2.0,"key":"Weak Potion"},{"floor":3.0,"key":"GamblersBrew"},{"floor":4.0,"key":"Strength Potion"},{"floor":6.0,"key":"Energy Potion"},{"floor":12.0,"key":"Block Potion"},{"floor":16.0,"key":"BlessingOfTheForge"},{"floor":18.0,"key":"CunningPotion"},{"floor":23.0,"key":"Strength Potion"},{"floor":24.0,"key":"SkillPotion"},{"floor":33.0,"key":"PowerPotion"},{"floor":36.0,"key":"Strength Potion"},{"floor":47,"key":"EssenceOfSteel"},{"floor":48,"key":"Regen Potion"}],"is_trial":false,"path_per_floor":["M","M","M","?","M","E","R","E","T","R","E","M","$","M","R","B",null,"M","M","M","?","?","E","M","R","T","R","E","M","E","?","R","B",null,"M","?","$","M","M","R","E","?","T","R","$","M","E","M","R","B",null,"R","$","E","B",null],"character_chosen":"THE_SILENT","items_purchased":["Membership Card","Reflex","Apotheosis","Bag of Preparation","Shuriken","Potion Belt"],"campfire_rested":1,"item_purchase_floors":[13,13,37,37,37,45],"current_hp_per_floor":[47,46,46,46,46,12,12,19,19,19,8,8,8,8,8,6,80,78,72,71,71,71,34,27,27,27,66,60,60,55,55,55,55,87,87,87,87,87,87,87,87,87,87,87,87,87,87,87,87,87,87,87,87,87,87],"gold":70,"neow_bonus":"TRANSFORM_TWO_CARDS","is_daily":false,"chose_seed":false,"campfire_upgraded":8,"win_rate":0.0,"timestamp":1609402239,"path_taken":["M","M","M","?","M","E","R","E","T","R","E","M","$","M","R","BOSS","M","M","?","?","?","E","M","R","T","R","E","?","E","?","R","BOSS","M","?","$","M","M","R","E","?","T","R","$","?","E","M","R","BOSS","R","$","E","BOSS"],"items_purchased_type":["Relic","Card","Card","Relic","Relic","Relic"],"build_version":"2020-12-22","purchased_purges":4,"victory":true,"max_hp_per_floor":[70,70,70,70,70,70,70,80,80,80,80,80,80,80,80,80,80,80,80,80,80,80,80,80,80,80,80,80,80,87,87,87,87,87,87,87,87,87,87,87,87,87,87,87,87,87,87,87,87,87,87,87,87,87,87],"card_choices":[{"not_picked":["Dagger Spray","Riddle With Holes","PiercingWail"],"picked":"SKIP","floor":1.0},{"not_picked":["Heel Hook","Underhanded Strike"],"picked":"Acrobatics","floor":2.0},{"not_picked":["Blade Dance","Expertise"],"picked":"Tactician","floor":3.0},{"not_picked":["Skewer","Slice","Distraction"],"picked":"SKIP","floor":5.0},{"not_picked":["Storm of Steel","Heel Hook"],"picked":"Well Laid Plans","floor":6.0},{"not_picked":["Deadly Poison","Flying Knee","Heel Hook"],"picked":"SKIP","floor":8.0},{"not_picked":["Wraith Form v2","Finisher"],"picked":"Phantasmal Killer","floor":11.0},{"not_picked":["Bane","Blur","Tactician"],"picked":"SKIP","floor":12.0},{"not_picked":["Deadly Poison","Quick Slash"],"picked":"Noxious Fumes","floor":14.0},{"not_picked":["Burst","Doppelganger"],"picked":"Corpse Explosion","floor":16.0},{"not_picked":["Distraction+1","Flechettes"],"picked":"Eviscerate","floor":18.0},{"not_picked":["Crippling Poison","All Out Attack","Deadly Poison+1"],"picked":"SKIP","floor":19.0},{"not_picked":["Sucker Punch+1","Deadly Poison"],"picked":"Escape Plan","floor":20.0},{"not_picked":["Leg Sweep+1","Backflip"],"picked":"Calculated Gamble","floor":23.0},{"not_picked":["Dagger Spray","Skewer"],"picked":"Escape Plan","floor":24.0},{"not_picked":["Accuracy","Cloak And Dagger"],"picked":"Calculated Gamble","floor":27.0},{"not_picked":["Masterful Stab","Cloak And Dagger"],"picked":"Acrobatics","floor":28.0},{"not_picked":["Slice","Heel Hook"],"picked":"Prepared","floor":29.0},{"not_picked":["Deadly Poison","Choke","Venomology"],"picked":"SKIP","floor":30.0},{"not_picked":["Slice+1","Backstab"],"picked":"Acrobatics+1","floor":35.0},{"not_picked":["Endless Agony","Predator+1","Deflect"],"picked":"SKIP","floor":38.0},{"not_picked":["Sucker Punch+1","Quick Slash","Deflect+1"],"picked":"SKIP","floor":39.0},{"not_picked":["Deadly Poison+1","Tactician","Corpse Explosion"],"picked":"SKIP","floor":41.0},{"not_picked":["Deflect+1","Sucker Punch","Dodge and Roll"],"picked":"SKIP","floor":46},{"not_picked":["Deadly Poison+1","PiercingWail+1","Underhanded Strike"],"picked":"SKIP","floor":47},{"not_picked":["Blur","Predator","Accuracy"],"picked":"SKIP","floor":48},{"not_picked":["Eviscerate","Noxious Fumes","Catalyst"],"picked":"SKIP","floor":54}],"player_experience":2205970,"relics_obtained":[{"floor":6.0,"key":"The Specimen"},{"floor":8.0,"key":"Pear"},{"floor":9.0,"key":"Paper Crane"},{"floor":11.0,"key":"Gremlin Horn"},{"floor":23.0,"key":"Regal Pillow"},{"floor":26.0,"key":"Dream Catcher"},{"floor":28.0,"key":"Lantern"},{"floor":30.0,"key":"Strawberry"},{"floor":36.0,"key":"FossilizedHelix"},{"floor":41.0,"key":"Anchor"},{"floor":47,"key":"Pocketwatch"},{"floor":54,"key":"StrikeDummy"}],"event_choices":[{"damage_healed":0.0,"max_hp_gain":0.0,"max_hp_loss":0.0,"gold_gain":0.0,"event_name":"The Woman in Blue","player_choice":"Bought 1 Potion","floor":4.0,"gold_loss":0.0,"damage_taken":0.0},{"damage_healed":0.0,"max_hp_gain":0.0,"max_hp_loss":0.0,"gold_gain":0.0,"event_name":"Ghosts","player_choice":"Ignored","floor":21.0,"gold_loss":0.0,"damage_taken":0.0},{"damage_healed":0.0,"max_hp_gain":0.0,"max_hp_loss":0.0,"gold_gain":0.0,"cards_transformed":["Strike_G"],"event_name":"Transmorgrifier","player_choice":"Transformed","floor":22.0,"gold_loss":0.0,"damage_taken":0.0,"cards_obtained":["Dagger Spray"]},{"cards_removed":["Strike_G"],"damage_healed":0.0,"max_hp_gain":0.0,"max_hp_loss":0.0,"gold_gain":0.0,"event_name":"Beggar","player_choice":"Gave Gold","floor":31.0,"gold_loss":75.0,"damage_taken":0.0},{"damage_healed":0.0,"max_hp_gain":0.0,"max_hp_loss":0.0,"gold_gain":0.0,"event_name":"MindBloom","player_choice":"Fight","floor":36.0,"gold_loss":0.0,"damage_taken":0.0},{"cards_removed":["Corpse Explosion"],"damage_healed":0.0,"max_hp_gain":0.0,"max_hp_loss":0.0,"gold_gain":0.0,"event_name":"Purifier","player_choice":"Purged","floor":42.0,"gold_loss":0.0,"damage_taken":0.0}],"is_beta":false,"boss_relics":[{"not_picked":["Tiny House","WristBlade"],"picked":"Philosopher\u0027s Stone"},{"not_picked":["Black Star","Runic Dome"],"picked":"HoveringKite"}],"items_purged_floors":[13,37,45,53],"is_endless":false,"potions_floor_spawned":[2,3,6,12,16,18,23,24,28,33,36,38,47,48],"ascension_level":1}}