{"host":"w5c60nchricmn3zb","time":1609393593,"event":{"mods":["BaseMod","Conspire","Downfall","Duelist Mod","Hermit","Infinite Spire","Minty Spire (QoL Compilation)","Permanent Neow","Random Character Button","Relic Sorter","Replay The Spire","StSLib","The Cursed","The Jungle","The Marked","The Runesmith","The Servant 0.9.4","The Wild Card"],"gold_per_floor":[118,118,132,164,164,164,179,179,205,205,257,4,4,23,23,127,127,138,122,140,140,140,140,158,158,203,203,203,203],"floor_reached":28,"playtime":1871,"items_purged":[],"score":206,"play_id":"5dee9ad5-c9c1-47c2-8423-2ac40ca0fec7","local_time":"20201231004633","is_ascension_mode":false,"campfire_choices":[{"floor":6,"key":"REST"},{"floor":8,"key":"REST"},{"floor":15,"key":"DIG"},{"floor":23,"key":"REST"},{"floor":25,"key":"REST"}],"circlet_count":0,"master_deck":["theMarked:Strike","theMarked:Strike+1","theMarked:Strike","theMarked:Strike","theMarked:Strike","theMarked:Defend+1","theMarked:Defend","theMarked:SoldierOfQuellstein+1","theWildCard:Alice","theMarked:ComboAttacks","theMarked:Improvise+1","theMarked:RepellingDischarge","theMarked:CreepingChasm","theMarked:ResourceFulStrike+1"],"relics":["theMarked:ArtifactOfAir","Runesmith:Locket","Juzu Bracelet","Replay:Baseball","infinitespire:BottledMercury","Mummified Hand","Sozu","Ancient Tea Set"],"acts_visited":["Exordium","TheCity"],"potions_floor_usage":[4,7],"damage_taken":[{"damage":1,"enemies":"Jaw Worm","floor":1,"turns":3},{"damage":7,"enemies":"2 Louse","floor":3,"turns":2},{"damage":2,"enemies":"conspire:MimicChest","floor":4,"turns":5},{"damage":0,"enemies":"Small Slimes","floor":7,"turns":2},{"damage":0,"enemies":"Blue Slaver","floor":14,"turns":3},{"damage":75,"enemies":"Fading Forest","floor":16,"turns":11},{"damage":16,"enemies":"Spheric Guardian","floor":18,"turns":4},{"damage":8,"enemies":"2 Thieves","floor":19,"turns":4},{"damage":24,"enemies":"Centurion and Healer","floor":20,"turns":11},{"damage":29,"enemies":"Sentry and Sphere","floor":24,"turns":5},{"damage":35,"enemies":"Slavers","floor":28,"turns":2}],"seed_played":"-2981691875191235283","potions_obtained":[{"floor":1,"key":"Weak Potion"},{"floor":4,"key":"Slimebound:ThreeZeroPotion"},{"floor":16,"key":"Adrenaline Potion"}],"is_trial":false,"path_per_floor":["M","?","M","?","?","R","M","R","T","?","T","$","?","M","R","B",null,"M","M","M","?","?","R","M","R","T","?","E"],"character_chosen":"THE_DEFAULT","items_purchased":["infinitespire:BottledMercury"],"campfire_rested":4,"item_purchase_floors":[12],"current_hp_per_floor":[69,55,48,46,67,70,70,70,70,70,70,70,70,70,70,20,70,54,46,22,22,22,43,14,35,35,35,0,0],"gold":203,"neow_bonus":"RANDOM_EVENT","is_daily":false,"chose_seed":false,"campfire_upgraded":0,"win_rate":0.0,"timestamp":1609393593,"path_taken":["M","?","M","?","?","R","?","R","T","?","?","$","?","M","R","BOSS","M","M","M","?","?","R","M","R","T","?","E"],"items_purchased_type":["Relic"],"build_version":"2020-12-22","purchased_purges":0,"victory":false,"max_hp_per_floor":[70,70,70,70,70,70,70,70,70,70,70,70,70,70,70,70,70,70,70,70,70,70,70,70,70,70,70,70,70],"card_choices":[{"not_picked":["theMarked:WastefulDefense","theMarked:TwofoldDefense","theMarked:ContemptForTheProud"],"picked":"SKIP","floor":1},{"not_picked":["theMarked:Electrify","theMarked:WastefulDefense","theMarked:EnhancedHearing"],"picked":"SKIP","floor":3},{"not_picked":["theMarked:ElectricStrings","theMarked:HeritageOfTheMarked","theMarked:Parkour"],"picked":"SKIP","floor":7},{"not_picked":["theMarked:HeritageOfTheMarked","theMarked:HeightenedSenses","theMarked:WardOff"],"picked":"SKIP","floor":14},{"not_picked":["theMarked:WastefulDefense+1","theMarked:WastefulAttack","theMarked:Indomitable"],"picked":"SKIP","floor":18},{"not_picked":["theMarked:HeightenedSenses","theMarked:Opportunist"],"picked":"theMarked:ComboAttacks","floor":19},{"not_picked":["theMarked:HeightenedSenses+1","theMarked:ElectricStrings"],"picked":"theMarked:Improvise+1","floor":20},{"not_picked":["theMarked:WardOff","theMarked:KeepCalmAndFightOn+1"],"picked":"theMarked:ResourceFulStrike+1","floor":24}],"player_experience":127091,"relics_obtained":[{"floor":4,"key":"Runesmith:Locket"},{"floor":9,"key":"Juzu Bracelet"},{"floor":11,"key":"Replay:Baseball"},{"floor":15,"key":"Mummified Hand"},{"floor":26,"key":"Ancient Tea Set"}],"event_choices":[{"damage_healed":0,"gold_gain":0,"player_choice":"Grow","damage_taken":0,"max_hp_gain":0,"max_hp_loss":0,"event_name":"Living Wall","floor":0,"gold_loss":0,"cards_upgraded":["theMarked:SoldierOfQuellstein"]},{"damage_healed":0,"gold_gain":0,"player_choice":"Entered Light","damage_taken":14,"max_hp_gain":0,"max_hp_loss":0,"event_name":"Shining Light","floor":2,"gold_loss":0,"cards_upgraded":["theMarked:Strike","theMarked:Defend"]},{"damage_healed":0,"gold_gain":0,"player_choice":"Leave","damage_taken":0,"max_hp_gain":0,"max_hp_loss":0,"event_name":"conspire:Investor","floor":13,"gold_loss":0},{"damage_healed":0,"gold_gain":0,"cards_transformed":["theMarked:Defend","theMarked:Defend"],"player_choice":"Became Test Subject","damage_taken":0,"max_hp_gain":0,"max_hp_loss":0,"event_name":"Drug Dealer","floor":21,"gold_loss":0,"cards_obtained":["theMarked:RepellingDischarge","theMarked:CreepingChasm"]},{"damage_healed":0,"gold_gain":0,"player_choice":"Cursed","damage_taken":0,"max_hp_gain":0,"max_hp_loss":0,"event_name":"Wheel of Change","floor":22,"gold_loss":0,"cards_obtained":["Decay"]},{"cards_removed":["Decay"],"damage_healed":0,"gold_gain":0,"player_choice":"Removed Curses","damage_taken":0,"max_hp_gain":0,"max_hp_loss":0,"event_name":"Fountain of Cleansing","floor":27,"gold_loss":0}],"is_beta":false,"boss_relics":[{"not_picked":["Runic Dome","theMarked:Eyepatch"],"picked":"Sozu"}],"items_purged_floors":[],"is_endless":false,"potions_floor_spawned":[1,4,16,24],"killed_by":"Slavers","ascension_level":0}}