{"host":"867cnhxguf2bzj4x","time":1609412395,"event":{"mods":["BaseMod","Duelist Mod","GifTheSpireLib","Minty Spire (QoL Compilation)","StSLib","The Bug Knight","The Cursed","The Disciple","The Jungle"],"gold_per_floor":[119,119,119,132,147,185,201,201,201,237,261,63,63,84,84,214,214,229,38,61,61,61,61,61,61,111,136,136,136,136],"floor_reached":29,"playtime":866,"items_purged":["Defend_G"],"score":276,"play_id":"1c61306e-d865-4166-a991-678d545a6acd","local_time":"20201231115955","is_ascension_mode":true,"campfire_choices":[{"floor":15,"key":"REST"},{"floor":23,"key":"REST"},{"data":"Infinite Blades","floor":25,"key":"SMITH"},{"data":"Chrysalis","floor":28,"key":"SMITH"}],"circlet_count":0,"master_deck":["Survivor","Neutralize","Die Die Die","Cloak And Dagger+1","Backstab","Deflect","Backstab","Infinite Blades","Cloak And Dagger","Blade Dance","Envenom","Storm of Steel","Caltrops","A Thousand Cuts","Slice","Caltrops","Deadly Poison","Glass Knife","A Thousand Cuts","Infinite Blades+1","Chrysalis+1"],"relics":["Ring of the Snake","Bloody Idol","Dream Catcher","Bag of Preparation","Meat on the Bone","FaceOfCleric","Pandora\u0027s Box","Bottled Flame"],"acts_visited":["Exordium","TheCity"],"potions_floor_usage":[16,16],"damage_taken":[{"damage":2,"enemies":"Jaw Worm","floor":1,"turns":4},{"damage":0,"enemies":"2 Louse","floor":4,"turns":1},{"damage":0,"enemies":"Small Slimes","floor":5,"turns":2},{"damage":31,"enemies":"Gremlin Nob","floor":6,"turns":5},{"damage":0,"enemies":"2 Fungi Beasts","floor":7,"turns":3},{"damage":1,"enemies":"3 Sentries","floor":10,"turns":6},{"damage":0,"enemies":"Blue Slaver","floor":11,"turns":1},{"damage":5,"enemies":"Exordium Wildlife","floor":14,"turns":4},{"damage":53,"enemies":"Hexaghost","floor":16,"turns":13},{"damage":26,"enemies":"Spheric Guardian","floor":18,"turns":4},{"damage":27,"enemies":"2 Thieves","floor":20,"turns":3},{"damage":38,"enemies":"theDuelist:KaibaA2","floor":27,"turns":6},{"damage":40,"enemies":"Centurion and Healer","floor":29,"turns":5}],"seed_played":"5732007296194181710","potions_obtained":[{"floor":1,"key":"Ancient Potion"},{"floor":10,"key":"Poison Potion"},{"floor":11,"key":"Dexterity Potion"},{"floor":14,"key":"DistilledChaos"},{"floor":27,"key":"Fire Potion"}],"is_trial":false,"path_per_floor":["M","?","?","M","M","E","M","?","T","E","M","$","?","M","R","B",null,"M","$","M","?","$","R","?","R","T","E","R","M"],"character_chosen":"THE_SILENT","items_purchased":["Infinite Blades","Cloak And Dagger","Chrysalis"],"campfire_rested":2,"item_purchase_floors":[12,12,19],"current_hp_per_floor":[68,51,51,51,51,20,20,20,20,19,31,31,31,39,60,20,72,47,47,33,33,33,55,55,55,60,40,40,0,0],"gold":136,"neow_bonus":"ONE_RANDOM_RARE_CARD","is_daily":false,"chose_seed":false,"campfire_upgraded":2,"win_rate":0.0,"timestamp":1609412395,"path_taken":["M","?","?","M","M","E","M","?","T","E","M","$","?","?","R","BOSS","M","$","M","?","$","R","?","R","T","E","R","M"],"items_purchased_type":["Card","Card","Card"],"build_version":"2020-12-22","purchased_purges":1,"victory":false,"max_hp_per_floor":[70,70,70,70,70,70,70,70,70,70,70,70,70,71,71,72,72,73,73,74,74,74,74,74,74,74,75,75,75,75],"card_choices":[{"not_picked":["Skewer","Deadly Poison"],"picked":"Cloak And Dagger","floor":1},{"not_picked":["Underhanded Strike","Die Die Die"],"picked":"Backstab","floor":4},{"not_picked":["Flechettes","Heel Hook"],"picked":"Deflect","floor":5},{"not_picked":["Blur","Unload"],"picked":"Backstab","floor":6},{"not_picked":["Bane","Well Laid Plans","Leg Sweep"],"picked":"SKIP","floor":7},{"not_picked":["Skewer","Slice","Dagger Spray"],"picked":"SKIP","floor":10},{"not_picked":["Dagger Spray","Escape Plan","Dagger Throw"],"picked":"SKIP","floor":11},{"not_picked":["Dagger Spray","Poisoned Stab"],"picked":"Blade Dance","floor":14},{"not_picked":["Malaise","Grand Finale"],"picked":"Envenom","floor":16},{"not_picked":["Acrobatics","PiercingWail"],"picked":"Infinite Blades","floor":18},{"not_picked":["Bane","Cloak And Dagger","Dagger Spray"],"picked":"SKIP","floor":20},{"not_picked":["Expertise+1","Quick Slash","Outmaneuver+1"],"picked":"SKIP","floor":27}],"player_experience":95292,"relics_obtained":[{"floor":6,"key":"Dream Catcher"},{"floor":9,"key":"Bag of Preparation"},{"floor":10,"key":"Meat on the Bone"},{"floor":27,"key":"Bottled Flame"}],"event_choices":[{"damage_healed":0,"gold_gain":0,"player_choice":"Take Damage","damage_taken":17,"relics_obtained":["Golden Idol"],"max_hp_gain":0,"max_hp_loss":0,"event_name":"Golden Idol","floor":2,"gold_loss":0},{"damage_healed":0,"gold_gain":0,"player_choice":"Grow","damage_taken":0,"max_hp_gain":0,"max_hp_loss":0,"event_name":"Living Wall","floor":3,"gold_loss":0,"cards_upgraded":["Cloak And Dagger"]},{"damage_healed":0,"gold_gain":0,"player_choice":"Ignored","damage_taken":0,"max_hp_gain":0,"max_hp_loss":0,"event_name":"Liars Game","floor":8,"gold_loss":0},{"damage_healed":0,"gold_gain":0,"player_choice":"Trade","damage_taken":0,"relics_obtained":["FaceOfCleric"],"max_hp_gain":0,"max_hp_loss":0,"event_name":"FaceTrader","floor":13,"gold_loss":0},{"damage_healed":0,"gold_gain":0,"player_choice":"Gave Idol","damage_taken":0,"relics_obtained":["Bloody Idol"],"max_hp_gain":0,"max_hp_loss":0,"event_name":"Forgotten Altar","floor":21,"relics_lost":["Golden Idol"],"gold_loss":0},{"cards_removed":["Night Terror"],"damage_healed":0,"gold_gain":0,"player_choice":"Elegance","damage_taken":0,"max_hp_gain":0,"max_hp_loss":0,"event_name":"Back to Basics","floor":24,"gold_loss":0}],"is_beta":false,"boss_relics":[{"not_picked":["Empty Cage","Fusion Hammer"],"picked":"Pandora\u0027s Box"}],"items_purged_floors":[12],"is_endless":false,"potions_floor_spawned":[1,10,11,14,27],"killed_by":"Centurion and Healer","ascension_level":2}}