{"host":"czyrp3agadxx2eka","time":1609382499,"event":{"mods":["Bard","BaseMod","Beaked The Cultist","BetterRewards","Colored Map","Downfall","Hermit","Hubris","Infinite Spire","Marisa????????","Minty Spire (QoL Compilation)","Replay The Spire","Shop Mod","StSLib","The Construct","The Cursed","The Elementalist","The Runesmith"],"gold_per_floor":[115,190,200,200,218,218,241,187,211,232,267,267,333,353,353,509,509,564,564,564,564,576,576,590,285,309,349,349,349],"floor_reached":28,"playtime":1521,"items_purged":[],"score":247,"play_id":"e3c072a5-7b70-4eaa-b8c6-b32e57aac249","local_time":"20201231004139","is_ascension_mode":false,"campfire_choices":[{"data":"MilkyWay","floor":6,"key":"SMITH"},{"data":"WitchOfGreed","floor":12,"key":"SMITH"},{"floor":15,"key":"REST"},{"data":"FairyDestructionRay","floor":23,"key":"SMITH"}],"circlet_count":0,"master_deck":["Strike_MRS","Strike_MRS","Strike_MRS","Strike_MRS","Defend_MRS","Defend_MRS","MasterSpark","UpSweep","MilkyWay+1","PowerUp","PowerUp","StarBarrage","MilkyWay","WitchOfGreed+1","PowerUp","Pot Of Greed","Pot Of Greed","NonDirectionalLaser","StarDustReverie","FinalSpark","Acceleration","MeteoricShower","EarthLightRay","FairyDestructionRay+1","Pot Of Greed","RefractionSpark+1","PowerUp"],"relics":["MiniHakkero","Bloody Idol","Happy Flower","Grinning Jar","hubris:VirtuousBlindfold","Bottled Lightning","Runesmith:AutoHammer"],"acts_visited":["Exordium","TheCity"],"potions_floor_usage":[16,24,28,28],"damage_taken":[{"damage":1,"enemies":"2 Louse","floor":1,"turns":2},{"damage":8,"enemies":"Jaw Worm","floor":3,"turns":3},{"damage":6,"enemies":"Cultist","floor":5,"turns":3},{"damage":2,"enemies":"Blue Slaver","floor":7,"turns":3},{"damage":6,"enemies":"Red Slaver","floor":10,"turns":3},{"damage":21,"enemies":"Lots of Slimes","floor":11,"turns":4},{"damage":17,"enemies":"3 Sentries","floor":13,"turns":6},{"damage":7,"enemies":"Blue Slaver","floor":14,"turns":2},{"damage":9,"enemies":"Hexaghost","floor":16,"turns":7},{"damage":29,"enemies":"Shell Parasite","floor":18,"turns":4},{"damage":0,"enemies":"Spheric Guardian","floor":22,"turns":2},{"damage":40,"enemies":"Centurion and Healer","floor":24,"turns":4},{"damage":8,"enemies":"Snecko","floor":27,"turns":4},{"damage":31,"enemies":"Shelled Parasite and Fungi","floor":28,"turns":3}],"seed_played":"8513636108885623125","potions_obtained":[{"floor":5,"key":"Dexterity Potion"},{"floor":7,"key":"Venom Potion"},{"floor":11,"key":"GamblersBrew"},{"floor":11,"key":"Explosive Potion"},{"floor":13,"key":"BlessingOfTheForge"},{"floor":16,"key":"LifebloodPotion"},{"floor":18,"key":"BottledSpark"},{"floor":27,"key":"Swift Potion"}],"is_trial":false,"path_per_floor":["M","?","M","?","M","R","M","$","T","M","M","R","E","M","R","B",null,"M","?","?","?","M","R","M","$","T","M","M"],"character_chosen":"MARISA","items_purchased":["MilkyWay","Bottled Lightning","PowerUp"],"campfire_rested":1,"item_purchase_floors":[8,25,25],"current_hp_per_floor":[81,70,62,62,56,56,54,54,54,48,27,27,10,3,25,16,76,47,47,47,47,52,52,21,21,26,27,0,0],"gold":349,"neow_bonus":"TEN_PERCENT_HP_BONUS","is_daily":false,"chose_seed":false,"campfire_upgraded":3,"win_rate":0.0,"timestamp":1609382499,"path_taken":["M","?","M","?","M","R","M","$","T","M","M","R","E","M","R","BOSS","M","?","?","?","M","R","M","$","T","?","M"],"items_purchased_type":["Card","Relic","Card"],"build_version":"2020-12-22","purchased_purges":0,"victory":false,"max_hp_per_floor":[82,82,82,76,76,76,76,76,76,76,76,76,76,76,76,76,76,76,76,76,76,76,76,76,76,76,76,76,76],"card_choices":[{"not_picked":["SporeBomb","6A"],"picked":"MilkyWay","floor":1},{"not_picked":["ChargeUpSpray","GravityBeat"],"picked":"PowerUp","floor":3},{"not_picked":["SporeBomb","GravityBeat"],"picked":"PowerUp","floor":5},{"not_picked":["WitchLeyline","MillisecondPulsars"],"picked":"StarBarrage","floor":7},{"not_picked":["SporeBomb","6A"],"picked":"WitchOfGreed","floor":10},{"not_picked":["ShootingEcho","DarkSpark"],"picked":"PowerUp","floor":11},{"not_picked":["EarthLightRay","MagicAbsorber"],"picked":"NonDirectionalLaser","floor":13},{"not_picked":["Occultation","SporeBomb"],"picked":"StarDustReverie","floor":14},{"not_picked":["TreasureHunter","SatelliteIllusion"],"picked":"FinalSpark","floor":16},{"not_picked":["ManaConvection+1","SporeBomb+1"],"picked":"Acceleration","floor":18},{"not_picked":["DarkSpark+1","6A"],"picked":"FairyDestructionRay","floor":22},{"not_picked":["MilkyWay","StarlightTyphoon+1"],"picked":"RefractionSpark+1","floor":24},{"not_picked":["SporeBomb+1","UnstableBomb","TreasureHunter"],"picked":"SKIP","floor":27}],"player_experience":29614,"relics_obtained":[{"floor":9,"key":"Happy Flower"},{"floor":13,"key":"Grinning Jar"},{"floor":26,"key":"Runesmith:AutoHammer"}],"event_choices":[{"damage_healed":0,"gold_gain":75,"player_choice":"Gather Gold","damage_taken":11,"max_hp_gain":0,"max_hp_loss":0,"event_name":"World of Goop","floor":2,"gold_loss":0},{"damage_healed":0,"gold_gain":0,"player_choice":"Lose Max HP","damage_taken":0,"relics_obtained":["Golden Idol"],"max_hp_gain":0,"max_hp_loss":6,"event_name":"Golden Idol","floor":4,"gold_loss":0},{"damage_healed":0,"gold_gain":0,"player_choice":"Gave Idol","damage_taken":0,"relics_obtained":["Bloody Idol"],"max_hp_gain":0,"max_hp_loss":0,"event_name":"Forgotten Altar","floor":19,"relics_lost":["Golden Idol"],"gold_loss":0},{"damage_healed":0,"gold_gain":0,"player_choice":"Ignored","damage_taken":0,"max_hp_gain":0,"max_hp_loss":0,"event_name":"Ghosts","floor":20,"gold_loss":0},{"damage_healed":0,"gold_gain":0,"cards_transformed":["Defend_MRS","Defend_MRS"],"player_choice":"Became Test Subject","damage_taken":0,"max_hp_gain":0,"max_hp_loss":0,"event_name":"Drug Dealer","floor":21,"gold_loss":0,"cards_obtained":["MeteoricShower","EarthLightRay"]}],"is_beta":false,"boss_relics":[{"not_picked":["Busted Crown","hubris:TerracottaHorce"],"picked":"hubris:VirtuousBlindfold"}],"items_purged_floors":[],"is_endless":false,"potions_floor_spawned":[5,7,11,16,27],"killed_by":"Shelled Parasite and Fungi","ascension_level":0}}