{"host":"51qmnr9isyv85d0p","time":1609407380,"event":{"mods":["AchievementEnabler","BaseMod","Colored Map","Colored Powertips","Curses Come First","Downfall","Minty Spire (QoL Compilation)","Relic Stats","StSLib","TestMod","vexMod"],"gold_per_floor":[0,15,9999,8951,8971,8971,8971,8971,8971,8971,9017,9041,9441,9183,9203,9309,9309,9309,9339,9339,9339,9367,8552,8552,7930,7930,7992,7992,8047,8047,8073,8115,8238,8238,8238,8277,8317,8379,7588,7588,7615,7682,7682,6869,6869,6909,6884,5946,5993,6027],"floor_reached":51,"playtime":2811,"items_purged":["hexamod:Defend","hexamod:Defend","hexamod:Strike","hexamod:Defend","hexamod:Strike","hexamod:Defend","hexamod:Sear"],"score":1202,"play_id":"ed66a970-727d-4eb1-8686-ea46df1b839d","local_time":"20201231173620","is_ascension_mode":true,"campfire_choices":[{"data":"hexamod:Strike","floor":1,"key":"SMITH"},{"data":"hexamod:NecessarySacrifice","floor":8,"key":"SMITH"},{"data":"expansioncontent:StudyTheSpire","floor":10,"key":"SMITH"},{"data":"hexamod:TimeOfNeed","floor":18,"key":"SMITH"},{"data":"hexamod:NecessarySacrifice","floor":30,"key":"SMITH"},{"data":"hexamod:EmpoweringStance","floor":35,"key":"SMITH"},{"data":"Slimebound:CheckThePlaybook","floor":40,"key":"SMITH"},{"data":"hexamod:WildfireWeapon","floor":45,"key":"SMITH"}],"circlet_count":0,"master_deck":["hexamod:Strike+1","hexamod:Float","hexamod:NecessarySacrifice+1","Finesse","expansioncontent:StudyTheSpire+1","hexamod:GiftsFromTheDead","hexamod:WildfireWeapon+1","hexamod:TimeOfNeed+1","Slimebound:CheckThePlaybook+1","hexamod:NecessarySacrifice+1","hexamod:TimeOfNeed+1","Master of Strategy+1","hexamod:NecessarySacrifice+1","hexamod:EmpoweringStance+1"],"relics":["hexamod:SpiritBrand","Mango","testmod-DeterminationOfClimber","Dream Catcher","Letter Opener","Medical Kit","Kunai","Toy Ornithopter","testmod-TurbochargingSystem","MealTicket","Regal Pillow","Toolbox","testmod-SaigiyounoYou","testmod-RealStoneCalender","Gremlin Horn","Pear","Pen Nib","Medical Kit","Boot","Nloth\u0027s Gift","Lantern","expansioncontent:StudyCardRelic","Anchor","Peace Pipe","OrangePellets","testmod-IndustrialRevolution","hexamod:TheBrokenSeal","testmod-Acrobat","testmod-CasingShield","testmod-LifeArmor","Lee\u0027s Waffle","vexMod:ScavengeHelm","testmod-ConstraintPeriapt","vexMod:Spyglass"],"acts_visited":["Exordium","TheCity","TheBeyond"],"potions_floor_usage":[4,5,14,14,22,33,33],"damage_taken":[{"damage":0,"enemies":"Jaw Worm","floor":2,"turns":4},{"damage":0,"enemies":"2 Louse","floor":3,"turns":2},{"damage":0,"enemies":"downfall:FleeingMerchant","floor":4,"turns":4},{"damage":0,"enemies":"Small Slimes","floor":5,"turns":2},{"damage":0,"enemies":"3 Sentries","floor":11,"turns":3},{"damage":0,"enemies":"downfall:FleeingMerchant","floor":14,"turns":4},{"damage":0,"enemies":"3 Louse","floor":15,"turns":1},{"damage":0,"enemies":"downfall:Watcher","floor":16,"turns":2},{"damage":1,"enemies":"3 Byrds","floor":19,"turns":2},{"damage":12,"enemies":"Centurion and Healer","floor":22,"turns":2},{"damage":0,"enemies":"Gremlin Leader","floor":27,"turns":1},{"damage":0,"enemies":"Slavers","floor":29,"turns":1},{"damage":0,"enemies":"Shelled Parasite and Fungi","floor":31,"turns":1},{"damage":0,"enemies":"3 Cultists","floor":32,"turns":1},{"damage":6,"enemies":"downfall:Silent","floor":33,"turns":2},{"damage":6,"enemies":"3 Darklings","floor":36,"turns":1},{"damage":4,"enemies":"3 Shapes","floor":37,"turns":1},{"damage":0,"enemies":"Transient","floor":38,"turns":2},{"damage":0,"enemies":"Reptomancer","floor":42,"turns":1},{"damage":0,"enemies":"Sphere and 2 Shapes","floor":46,"turns":1},{"damage":0,"enemies":"Writhing Mass","floor":49,"turns":1},{"damage":0,"enemies":"downfall:Ironclad","floor":50,"turns":1}],"seed_played":"2300602703004954765","potions_obtained":[{"floor":3,"key":"GamblersBrew"},{"floor":11,"key":"Fire Potion"},{"floor":11,"key":"ColorlessPotion"},{"floor":14,"key":"PowerPotion"},{"floor":19,"key":"Strength Potion"},{"floor":21,"key":"CultistPotion"},{"floor":22,"key":"EssenceOfSteel"},{"floor":33,"key":"PowerPotion"},{"floor":33,"key":"GamblersBrew"}],"is_trial":false,"path_per_floor":["R","M","M","$","M","?","T","R","?","R","E","T","?","$","M","B",null,"R","M","?","?","M","$","T","$","?","E","?","E","R","M","M","B",null,"R","M","M","M","?","R","T","E","?","$","R","M","?","$","M","B",null],"character_chosen":"THE_SPIRIT","items_purchased":["Dream Catcher","Letter Opener","Medical Kit","Finesse","Fire Potion","AttackPotion","AttackPotion","expansioncontent:StudyTheSpire","MealTicket","Regal Pillow","Toolbox","Energy Potion","testmod-RealStoneCalender","Gremlin Horn","DollysMirror","testmod-Antiphasic","Pen Nib","Master of Strategy","Anchor","Peace Pipe","OrangePellets","testmod-CasingShield","testmod-LifeArmor","Lee\u0027s Waffle","vexMod:ScavengeHelm","testmod-ConstraintPeriapt","vexMod:Spyglass"],"campfire_rested":0,"item_purchase_floors":[4,4,4,4,4,4,4,4,14,14,14,14,23,23,23,25,25,25,39,39,39,44,44,44,48,48,48],"current_hp_per_floor":[84,84,84,84,84,84,84,84,84,84,84,84,84,84,84,84,84,84,84,55,55,83,84,94,94,94,94,94,94,94,94,94,90,94,94,94,94,94,94,94,94,104,104,111,111,111,111,111,111,111],"gold":6027,"neow_bonus":"ONE_RARE_RELIC","is_daily":false,"chose_seed":false,"campfire_upgraded":8,"win_rate":0.0,"timestamp":1609407380,"path_taken":["R","M","M","$","M","?","T","R","?","R","E","?","?","$","M","BOSS","R","M","?","?","M","$","T","$","?","E","?","E","R","M","M","BOSS","R","M","M","M","?","R","T","E","?","$","R","M","?","$","M","BOSS"],"items_purchased_type":["Relic","Relic","Relic","Card","Potion","Potion","Potion","Card","Relic","Relic","Relic","Potion","Relic","Relic","Relic","Relic","Relic","Card","Relic","Relic","Relic","Relic","Relic","Relic","Relic","Relic","Relic"],"build_version":"2020-12-22","purchased_purges":7,"victory":true,"max_hp_per_floor":[84,84,84,84,84,84,84,84,84,84,84,84,84,84,84,84,84,84,84,84,84,84,84,94,94,94,94,94,94,94,94,94,94,94,94,94,94,94,94,94,94,104,104,111,111,111,111,111,111,111],"relic_stats":{"Regal Pillow":0,"Lee\u0027s Waffle":7,"Gremlin Horn":[15,15],"counters":[22,40],"Pen Nib":[11],"Letter Opener":[442],"Medical Kit":[0],"Boot":[4],"Peace Pipe":0,"OrangePellets":[1],"Dream Catcher":0,"MealTicket":1,"Nloth\u0027s Gift":5,"Kunai":[41],"obtain_stats":[{"Regal Pillow":14,"Lantern":29,"Gremlin Horn":23,"Mango":0,"testmod-LifeArmor":44,"expansioncontent:StudyCardRelic":34,"Boot":27,"vexMod:Spyglass":48,"testmod-CasingShield":44,"Dream Catcher":4,"DollysMirror":23,"Toolbox":14,"MealTicket":14,"testmod-DeterminationOfClimber":0,"Kunai":7,"hexamod:SpiritBrand":0,"Lee\u0027s Waffle":44,"testmod-TestBox":0,"Pear":24,"vexMod:ScavengeHelm":48,"hexamod:TheBrokenSeal":42,"Pen Nib":25,"Letter Opener":4,"testmod-TurbochargingSystem":12,"testmod-ConstraintPeriapt":48,"Medical Kit":4,"testmod-SaigiyounoYou":17,"testmod-IndustrialRevolution":41,"Peace Pipe":39,"testmod-RealStoneCalender":23,"testmod-Antiphasic":25,"OrangePellets":39,"Anchor":39,"testmod-Acrobat":42,"Nloth\u0027s Gift":28,"Toy Ornithopter":11},{"Regal Pillow":6,"Lantern":12,"Gremlin Horn":10,"Mango":0,"testmod-LifeArmor":19,"expansioncontent:StudyCardRelic":15,"Boot":11,"vexMod:Spyglass":20,"testmod-CasingShield":19,"Dream Catcher":3,"DollysMirror":10,"Toolbox":6,"MealTicket":6,"testmod-DeterminationOfClimber":0,"Kunai":4,"hexamod:SpiritBrand":0,"Lee\u0027s Waffle":19,"testmod-TestBox":0,"Pear":10,"vexMod:ScavengeHelm":20,"hexamod:TheBrokenSeal":19,"Pen Nib":10,"Letter Opener":3,"testmod-TurbochargingSystem":5,"testmod-ConstraintPeriapt":20,"Medical Kit":3,"testmod-SaigiyounoYou":8,"testmod-IndustrialRevolution":18,"Peace Pipe":18,"testmod-RealStoneCalender":10,"testmod-Antiphasic":10,"OrangePellets":18,"Anchor":18,"testmod-Acrobat":19,"Nloth\u0027s Gift":11,"Toy Ornithopter":5},{"Regal Pillow":19,"Lantern":28,"Gremlin Horn":26,"Mango":0,"testmod-LifeArmor":37,"expansioncontent:StudyCardRelic":32,"Boot":27,"vexMod:Spyglass":38,"testmod-CasingShield":37,"Dream Catcher":10,"DollysMirror":26,"Toolbox":19,"MealTicket":19,"testmod-DeterminationOfClimber":0,"Kunai":12,"hexamod:SpiritBrand":0,"Lee\u0027s Waffle":37,"testmod-TestBox":0,"Pear":26,"vexMod:ScavengeHelm":38,"hexamod:TheBrokenSeal":37,"Pen Nib":26,"Letter Opener":10,"testmod-TurbochargingSystem":15,"testmod-ConstraintPeriapt":38,"Medical Kit":10,"testmod-SaigiyounoYou":22,"testmod-IndustrialRevolution":36,"Peace Pipe":36,"testmod-RealStoneCalender":26,"testmod-Antiphasic":26,"OrangePellets":36,"Anchor":36,"testmod-Acrobat":37,"Nloth\u0027s Gift":27,"Toy Ornithopter":15}],"Toy Ornithopter":5},"card_choices":[{"not_picked":["hexamod:NightmareGuise","hexamod:HauntingEcho","hexamod:ThermalTransfer"],"picked":"SKIP","floor":2},{"not_picked":["hexamod:AdvancingGuard","hexamod:ShieldOfDarkness"],"picked":"hexamod:NecessarySacrifice","floor":3},{"not_picked":["hexamod:NightmareStrike","hexamod:GhostShield"],"picked":"hexamod:ThirdSeal","floor":4},{"not_picked":["hexamod:RetreatToShadows","hexamod:HauntingEcho"],"picked":"hexamod:GiftsFromTheDead","floor":5},{"not_picked":["hexamod:GhostOfSpirePast","hexamod:BacktrackSmack","hexamod:ShieldOfDarkness"],"picked":"SKIP","floor":5},{"not_picked":["hexamod:NightmareStrike","hexamod:BurningTouch","hexamod:FirstSeal"],"picked":"SKIP","floor":11},{"not_picked":["hexamod:ShieldOfDarkness","hexamod:GhostLash"],"picked":"hexamod:WildfireWeapon","floor":14},{"not_picked":["hexamod:Firestarter","hexamod:RecurringNightmare","hexamod:AdvancingGuard"],"picked":"SKIP","floor":15},{"not_picked":["hexamod:HexaLevel","hexamod:TurnItUp"],"picked":"hexamod:TimeOfNeed","floor":16},{"not_picked":["hexamod:ChargedBarrage","hexamod:RainOfEmbers+1","hexamod:FastForward"],"picked":"SKIP","floor":19},{"not_picked":["hexamod:NightmareGuise+1","hexamod:ShieldOfDarkness","hexamod:BurningTouch+1"],"picked":"SKIP","floor":19},{"not_picked":["hexamod:FastForward","hexamod:RainOfEmbers+1"],"picked":"hexamod:NecessarySacrifice","floor":22},{"not_picked":["hexamod:NightmareGuise+1","hexamod:GhostShield"],"picked":"hexamod:SecondSeal","floor":22},{"not_picked":["hexamod:PowerFromBeyond","hexamod:InspiringFlames","hexamod:GhostLash+1"],"picked":"SKIP","floor":27},{"not_picked":["hexamod:SpectersWail+1","hexamod:NightmareStrike","hexamod:NecessarySacrifice"],"picked":"SKIP","floor":27},{"not_picked":["hexamod:PhantomCloak","hexamod:GhostShield+1"],"picked":"hexamod:NecessarySacrifice+1","floor":29},{"not_picked":["hexamod:SwordOfDarkness+1","hexamod:TurnItUp","hexamod:Again+1"],"picked":"SKIP","floor":29},{"not_picked":["hexamod:NightmareStrike","hexamod:SoulSteal+1","hexamod:GhostShield"],"picked":"SKIP","floor":31},{"not_picked":["hexamod:SkipABeat+1","hexamod:FlamesFromBeyond+1","hexamod:GhostflameInferno"],"picked":"SKIP","floor":32},{"not_picked":["hexamod:SwordOfDarkness+1","hexamod:Firestarter","hexamod:BurningTouch"],"picked":"SKIP","floor":32},{"not_picked":["hexamod:SearingWound","hexamod:WildfireWeapon"],"picked":"hexamod:FifthSeal","floor":33},{"not_picked":["hexamod:TimeOfNeed","hexamod:GiftsFromTheDead"],"picked":"hexamod:EmpoweringStance","floor":33},{"not_picked":["hexamod:FourthSeal","hexamod:ThirdSeal"],"picked":"hexamod:FirstSeal","floor":36},{"not_picked":["hexamod:SpectersWail","hexamod:FastForward","hexamod:GhostOfSpireFuture+1"],"picked":"SKIP","floor":36},{"not_picked":["hexamod:GhostLash+1","hexamod:ShieldOfDarkness","hexamod:SecondSeal"],"picked":"SKIP","floor":36},{"not_picked":["hexamod:FirstSeal","hexamod:FourthSeal","hexamod:SecondSeal"],"picked":"SKIP","floor":37},{"not_picked":["hexamod:PhantomCloak","hexamod:FastForward+1","hexamod:RainOfEmbers+1"],"picked":"SKIP","floor":37},{"not_picked":["hexamod:SearingWound","hexamod:AdvancingGuard+1","hexamod:SpectersWail"],"picked":"SKIP","floor":37},{"not_picked":["hexamod:SecondSeal","hexamod:FirstSeal"],"picked":"hexamod:SixthSeal","floor":38},{"not_picked":["hexamod:RadiantFlame","hexamod:PhantomCloak+1","hexamod:SwordOfDarkness+1"],"picked":"SKIP","floor":38},{"not_picked":["hexamod:NightmareStrike","hexamod:SuperheatedStrike+1","hexamod:Firestarter+1"],"picked":"SKIP","floor":38},{"not_picked":["hexamod:GiftsFromTheDead","hexamod:InspiringFlames","hexamod:RainOfEmbers"],"picked":"SKIP","floor":42},{"not_picked":["hexamod:RetreatToShadows","hexamod:FastForward","hexamod:GhostLash+1"],"picked":"SKIP","floor":46},{"not_picked":["hexamod:RainOfEmbers","hexamod:FourthSeal","hexamod:ThermalTransfer"],"picked":"SKIP","floor":49}],"player_experience":35841,"relics_obtained":[{"floor":7,"key":"Kunai"},{"floor":11,"key":"Toy Ornithopter"},{"floor":12,"key":"testmod-TurbochargingSystem"},{"floor":24,"key":"Pear"},{"floor":27,"key":"Boot"},{"floor":29,"key":"Lantern"},{"floor":41,"key":"testmod-IndustrialRevolution"},{"floor":42,"key":"testmod-Acrobat"}],"event_choices":[{"damage_healed":0,"gold_gain":400,"player_choice":"Sell","damage_taken":0,"max_hp_gain":0,"max_hp_loss":0,"event_name":"恩洛斯的盘子","floor":13,"relics_lost":["testmod-TestBox"],"gold_loss":0},{"damage_healed":0,"gold_gain":0,"player_choice":"Swap Relic","damage_taken":0,"relics_obtained":["Medical Kit"],"max_hp_gain":0,"max_hp_loss":0,"event_name":"给自己的盒子","floor":26,"relics_lost":["DollysMirror"],"gold_loss":0}],"is_beta":false,"boss_relics":[{"not_picked":["testmod-Temperance","Runic Dome"],"picked":"testmod-SaigiyounoYou"},{"not_picked":["testmod-Recursion","testmod-BatchProcessingSystem"],"picked":"expansioncontent:StudyCardRelic"}],"items_purged_floors":[4,14,23,25,39,44,48],"is_endless":false,"potions_floor_spawned":[3,11,16,19,32,33,46],"ascension_level":2}}