{"host":"va54hb6vb0xjmjwj","time":1609389528,"event":{"mods":["BaseMod","Highlight Path","Minty Spire (QoL Compilation)","Replay The Spire","StSLib","The Bug Knight"],"gold_per_floor":[361,361,376,451,468,502,502,69,92,92,92,120,143,156,156,261,261,186,186],"floor_reached":18,"playtime":1147,"items_purged":[],"score":168,"play_id":"3234d3a1-d122-4f79-bc23-80aaba740b40","local_time":"20201230233848","is_ascension_mode":false,"campfire_choices":[{"data":"Bash","floor":7,"key":"SMITH"},{"data":"PanicButton","floor":10,"key":"SMITH"},{"floor":15,"key":"REST"}],"circlet_count":0,"master_deck":["Strike_R","Strike_R","Strike_R","Strike_R","Defend_R","Defend_R","Defend_R","Defend_R","Bash+1","Defend_R","HollowMod:NailStrikeStart","Disarm+1","Flame Barrier","Shrug It Off","Inflame","PanicButton+1","Armaments","Ghostly Armor","Hemogenesis"],"relics":["Burning Blood","Lantern","WingedGreaves","Omamori","ReplayTheSpireMod:Ninjato","Replay:Rubber Ducky","SlaversCollar"],"acts_visited":["Exordium","TheCity"],"potions_floor_usage":[16,16],"damage_taken":[{"damage":13,"enemies":"Jaw Worm","floor":1,"turns":3},{"damage":6,"enemies":"Cultist","floor":3,"turns":3},{"damage":0,"enemies":"Small Slimes","floor":5,"turns":3},{"damage":10,"enemies":"Replay:BlueRogue","floor":6,"turns":9},{"damage":42,"enemies":"HollowMod:MossKnight","floor":12,"turns":10},{"damage":6,"enemies":"Blue Slaver","floor":14,"turns":5},{"damage":48,"enemies":"Hexaghost","floor":16,"turns":16},{"damage":25,"enemies":"2 Thieves","floor":18,"turns":4}],"seed_played":"4971532644329142105","potions_obtained":[{"floor":6,"key":"Dexterity Potion"},{"floor":14,"key":"Fruit Juice"},{"floor":16,"key":"Elixir"}],"is_trial":false,"path_per_floor":["M","?","M","?","M","E","R","$","T","R","?","E","T","M","R","B",null,"M"],"character_chosen":"IRONCLAD","items_purchased":["WingedGreaves","Inflame","PanicButton"],"campfire_rested":1,"item_purchase_floors":[8,8,8],"current_hp_per_floor":[73,73,73,62,68,64,64,64,64,64,64,28,28,28,52,15,85,60,60],"gold":186,"neow_bonus":"TWO_FIFTY_GOLD","is_daily":false,"chose_seed":false,"campfire_upgraded":2,"win_rate":0.0,"timestamp":1609389528,"path_taken":["M","?","?","?","M","E","R","$","T","R","?","E","?","M","R","BOSS","M"],"items_purchased_type":["Relic","Card","Card"],"build_version":"2020-12-22","purchased_purges":0,"victory":false,"max_hp_per_floor":[80,80,80,80,80,80,80,80,80,80,80,80,80,80,80,85,85,85,85],"card_choices":[{"not_picked":["ReplayTheSpireMod:Strike From Hell","Sword Boomerang"],"picked":"Disarm","floor":1},{"not_picked":["Body Slam","Pummel"],"picked":"Flame Barrier","floor":3},{"not_picked":["Rage","Perfected Strike"],"picked":"Shrug It Off","floor":5},{"not_picked":["Warcry","Searing Blow","Clash"],"picked":"SKIP","floor":6},{"not_picked":["Fiend Fire","Pommel Strike"],"picked":"Armaments","floor":12},{"not_picked":["Perfected Strike","True Grit"],"picked":"Ghostly Armor","floor":14},{"not_picked":["Replay:Many Hands","Feed"],"picked":"Hemogenesis","floor":16}],"player_experience":203980,"relics_obtained":[{"floor":6,"key":"Lantern"},{"floor":9,"key":"Omamori"},{"floor":12,"key":"ReplayTheSpireMod:Ninjato"},{"floor":13,"key":"Replay:Rubber Ducky"}],"event_choices":[{"damage_healed":0,"gold_gain":0,"player_choice":"Upgraded","damage_taken":0,"max_hp_gain":0,"max_hp_loss":0,"event_name":"Upgrade Shrine","floor":2,"gold_loss":0,"cards_upgraded":["Disarm"]},{"damage_healed":0,"gold_gain":75,"player_choice":"Gather Gold","damage_taken":11,"max_hp_gain":0,"max_hp_loss":0,"event_name":"World of Goop","floor":4,"gold_loss":0},{"cards_removed":["Strike_R"],"damage_healed":0,"gold_gain":0,"player_choice":"Forget","damage_taken":0,"max_hp_gain":0,"max_hp_loss":0,"event_name":"Living Wall","floor":11,"gold_loss":0}],"is_beta":false,"boss_relics":[{"not_picked":["SacredBark","Sozu"],"picked":"SlaversCollar"}],"items_purged_floors":[],"is_endless":false,"potions_floor_spawned":[6,14,16],"killed_by":"2 Thieves","ascension_level":0}}