{"host":"ifkniheryhug0h86","time":1609389013,"event":{"mods":["AchievementEnabler","BaseMod","Block Reminder","Colored Map","Colored Powertips","DeckTracker","Downfall","Googly Eyes","Highlight Path","Hubris","Infinite Spire","Minty Spire (QoL Compilation)","Quick Restart","Relic Sorter","Relic Stats","StSLib","The Construct","The Necromancer"],"gold_per_floor":[116,128,128,203,222,299,6,6,6,6,6,24,24,103,103,208,208,224,256,256,1,1,1,17,17,42,42,53,84,100,113,113,263,263],"floor_reached":33,"playtime":1855,"items_purged":["Strike_W"],"score":263,"play_id":"cd924599-81c7-433e-8691-07ebd342f9f5","local_time":"20201230233013","is_ascension_mode":false,"campfire_choices":[{"data":"Summon_Lich","floor":11,"key":"SMITH"},{"floor":15,"key":"REST"},{"data":"infinitespire:Collect","floor":23,"key":"SMITH"},{"data":"Pommel Strike","floor":25,"key":"SMITH"},{"floor":32,"key":"REST"}],"circlet_count":0,"master_deck":["Strike_W","Strike_W","Strike_W","Defend_W","Defend_W","Defend_W","Defend_W","Negative_Energy_Arrows","Bone_Wall","Finger_Of_Death","Vampiric_Strike","Finger_Of_Death","Shade_Step","Summon_Lich+1","Negative_Energy_Mist","Life_Drain","Summon_Death_Knight","Flesh_Made_Foul","Thousand_Bone_Knives","infinitespire:Collect+1","Pommel Strike+1","infinitespire:Punishment","Bone_Armor","Deaths_Shadow","Bone_Armory+1","Infernal Blade"],"relics":["Vampire_Amulet","hubris:Icosahedron","hubris:MobiusCoin","Anchor","Boot","hubris:Towel","Question Card","hubris:MysteriousPyramids","Sozu","Red Mask","hubris:DisguiseKit","Vajra","Strange Spoon","construct:FoamFinger"],"acts_visited":["Exordium","TheCity"],"potions_floor_usage":[6,14,16,16,19],"damage_taken":[{"damage":5,"enemies":"Small Slimes","floor":1,"turns":4},{"damage":1,"enemies":"2 Louse","floor":2,"turns":3},{"damage":12,"enemies":"Jaw Worm","floor":5,"turns":4},{"damage":21,"enemies":"Gremlin Nob","floor":6,"turns":4},{"damage":0,"enemies":"3 Louse","floor":12,"turns":2},{"damage":18,"enemies":"Lagavulin Event","floor":14,"turns":5},{"damage":56,"enemies":"Hexaghost","floor":16,"turns":11},{"damage":20,"enemies":"Spheric Guardian","floor":18,"turns":5},{"damage":32,"enemies":"Masked Bandits","floor":19,"turns":4},{"damage":0,"enemies":"3 Byrds","floor":24,"turns":4},{"damage":11,"enemies":"Snecko","floor":28,"turns":4},{"damage":32,"enemies":"Gremlin Leader","floor":29,"turns":5},{"damage":7,"enemies":"Cultist and Chosen","floor":30,"turns":6},{"damage":18,"enemies":"Snake Plant","floor":31,"turns":3},{"damage":71,"enemies":"Champ","floor":33,"turns":9}],"seed_played":"-2878970013846799121","potions_obtained":[{"floor":1,"key":"Fire Potion"},{"floor":6,"key":"Explosive Potion"},{"floor":12,"key":"ColorlessPotion"},{"floor":14,"key":"sneckomod:MuddlingPotion"},{"floor":16,"key":"ColorlessPotion"}],"is_trial":false,"path_per_floor":["M","M","?","?","M","E","$","?","T","$","R","M","$","?","R","B",null,"M","?","?","$","?","R","M","R","T","AVR","M","E","M","M","R","B"],"character_chosen":"NECROMANCER","items_purchased":["Boot","Summon_Lich","hubris:DisguiseKit"],"campfire_rested":2,"item_purchase_floors":[7,7,21],"current_hp_per_floor":[79,82,75,64,54,37,37,37,37,37,37,44,44,29,53,13,82,68,48,48,48,28,28,41,41,41,41,38,28,31,23,47,0,0],"gold":263,"neow_bonus":"TEN_PERCENT_HP_BONUS","is_daily":false,"chose_seed":false,"campfire_upgraded":3,"win_rate":0.0,"timestamp":1609389013,"path_taken":["M","M","?","?","M","E","?","?","T","?","R","?","$","?","R","BOSS","M","?","?","$","?","R","M","R","T","AVR","?","E","M","M","R","BOSS"],"items_purchased_type":["Relic","Card","Relic"],"build_version":"2020-12-22","purchased_purges":1,"victory":false,"max_hp_per_floor":[82,82,82,82,82,82,82,82,82,82,82,82,82,82,82,82,82,82,82,82,82,82,82,82,82,82,82,82,82,82,82,82,82,82],"relic_stats":{"Sozu":4,"Strange Spoon":[3],"counters":[15,73],"Boot":[117],"Question Card":28,"obtain_stats":[{"hubris:MobiusCoin":3,"hubris:DisguiseKit":21,"construct:FoamFinger":29,"Vajra":26,"hubris:Towel":8,"hubris:MysteriousPyramids":14,"Boot":7,"Question Card":9,"Sozu":17,"Strange Spoon":27,"Anchor":6,"hubris:Icosahedron":20,"Vampire_Amulet":0,"Red Mask":19},{"hubris:MobiusCoin":2,"hubris:DisguiseKit":9,"construct:FoamFinger":12,"Vajra":10,"hubris:Towel":4,"hubris:MysteriousPyramids":5,"Boot":4,"Question Card":4,"Sozu":7,"Strange Spoon":10,"Anchor":4,"hubris:Icosahedron":9,"Vampire_Amulet":0,"Red Mask":9},{"hubris:MobiusCoin":7,"hubris:DisguiseKit":42,"construct:FoamFinger":55,"Vajra":46,"hubris:Towel":15,"hubris:MysteriousPyramids":17,"Boot":15,"Question Card":15,"Sozu":33,"Strange Spoon":46,"Anchor":15,"hubris:Icosahedron":42,"Vampire_Amulet":0,"Red Mask":42}]},"card_choices":[{"not_picked":["Bone_Shift","Vampiric_Strike"],"picked":"Finger_Of_Death","floor":1},{"not_picked":["Consume_Illness","Blood_Shield"],"picked":"Vampiric_Strike","floor":2},{"not_picked":["Bone_Spikes","Cloudkill"],"picked":"Finger_Of_Death","floor":5},{"not_picked":["Bone_Armory","Thousand_Bone_Knives"],"picked":"Shade_Step","floor":6},{"not_picked":["Scare","Death_Coil","Plague_Bolt"],"picked":"Negative_Energy_Mist","floor":12},{"not_picked":["Chill_Blood","Negative_Energy_Sphere","Negative_Energy_Mist"],"picked":"Life_Drain","floor":14},{"not_picked":["Negative_Energy_Bomb","Cloudkill","Detonate_Bones"],"picked":"Summon_Death_Knight","floor":16},{"not_picked":["Vampiric_Strike","Negative_Energy_Javelin","Blood_Shield"],"picked":"Flesh_Made_Foul","floor":18},{"not_picked":["Shade_Step","Bone_Bullets","Blood_Curse+1"],"picked":"Thousand_Bone_Knives","floor":19},{"not_picked":["infinitespire:UltimateForm","infinitespire:Fortify"],"picked":"infinitespire:Collect","floor":22},{"not_picked":["Bone_Spikes+1","Death_Coil","Blood_Whip","Skeleton_Dragon"],"picked":"Pommel Strike","floor":24},{"not_picked":["Strike_from_Beyond","Blood_Shield","Negative_Energy_Shield","Second Wind"],"picked":"Bone_Armor","floor":28},{"not_picked":["Siphon_Strength","Blood_Wake","Toxic_Smoke_Screen","Metallicize"],"picked":"Deaths_Shadow","floor":29},{"not_picked":["Bone_Bullets","Negative_Energy_Burst","Bone_Armor","Flex"],"picked":"Bone_Armory+1","floor":30},{"not_picked":["Violent_Necrosis","Vampiric_Strike","Blood_Shield+1","Negative_Energy_Mist"],"picked":"Infernal Blade","floor":31}],"player_experience":0,"relics_obtained":[{"floor":6,"key":"Anchor"},{"floor":9,"key":"Question Card"},{"floor":19,"key":"Red Mask"},{"floor":26,"key":"Vajra"},{"floor":29,"key":"construct:FoamFinger"}],"event_choices":[{"damage_healed":0,"gold_gain":0,"player_choice":"Success","damage_taken":7,"relics_obtained":["hubris:MobiusCoin"],"max_hp_gain":0,"max_hp_loss":0,"event_name":"Scrap Ooze","floor":3,"gold_loss":0},{"damage_healed":0,"gold_gain":75,"player_choice":"Gather Gold","damage_taken":11,"max_hp_gain":0,"max_hp_loss":0,"event_name":"World of Goop","floor":4,"gold_loss":0},{"damage_healed":0,"gold_gain":30,"player_choice":"Searched \u00273\u0027 times","damage_taken":0,"relics_obtained":["hubris:MysteriousPyramids"],"max_hp_gain":0,"max_hp_loss":0,"event_name":"Dead Adventurer","floor":14,"gold_loss":0},{"damage_healed":0,"gold_gain":0,"player_choice":"Fought Bandits","damage_taken":0,"max_hp_gain":0,"max_hp_loss":0,"event_name":"Masked Bandits","floor":19,"gold_loss":0}],"is_beta":false,"boss_relics":[{"not_picked":["hubris:BlackHole","hubris:VirtuousBlindfold"],"picked":"Sozu"}],"items_purged_floors":[7],"is_endless":false,"potions_floor_spawned":[1,6,12,14,16,18,19,30,31],"killed_by":"Champ","ascension_level":0}}