{"host":"6yklbc9za0aylqsj","time":1609409144,"event":{"mods":["AchievementEnabler","BaseMod","Bestiary","Colored Map","Colored Powertips","Minty Spire (QoL Compilation)","Rare Cards Sparkle","Relic Stats","Slay-I","StSLib"],"gold_per_floor":[112,112,124,124,124,153,153,165,165,176,187,187,207,207,207,305,305,319,29,49,49,67,67,67],"floor_reached":23,"playtime":675,"items_purged":["Strike_G"],"score":436,"play_id":"432337b1-ecba-4b3f-b634-510b52ab584d","local_time":"20201231110544","is_ascension_mode":true,"campfire_choices":[{"data":"Noxious Fumes","floor":7.0,"key":"SMITH"},{"data":"Escape Plan","floor":12.0,"key":"SMITH"},{"floor":15.0,"key":"REST"}],"circlet_count":0,"master_deck":["AscendersBane","Strike_G","Strike_G","Strike_G+1","Defend_G","Defend_G","Defend_G","Defend_G","Defend_G","Survivor","Neutralize+1","Poisoned Stab","Poisoned Stab","Noxious Fumes+1","Escape Plan+1","Backflip","All Out Attack","Wraith Form v2","After Image","Apotheosis","Bane"],"relics":["Ring of the Serpent","NeowsBlessing","Orichalcum","Lantern","Letter Opener","Golden Idol"],"acts_visited":["Exordium","TheCity"],"potions_floor_usage":[23],"damage_taken":[{"damage":0.0,"enemies":"2 Louse","floor":1.0,"turns":1.0},{"damage":0.0,"enemies":"Jaw Worm","floor":3.0,"turns":1.0},{"damage":0.0,"enemies":"Lagavulin","floor":6.0,"turns":1.0},{"damage":1.0,"enemies":"Small Slimes","floor":8.0,"turns":3.0},{"damage":5.0,"enemies":"Blue Slaver","floor":10.0,"turns":3.0},{"damage":6.0,"enemies":"Exordium Wildlife","floor":11.0,"turns":5.0},{"damage":0.0,"enemies":"Looter","floor":13.0,"turns":3.0},{"damage":20.0,"enemies":"The Guardian","floor":16.0,"turns":10.0},{"damage":22.0,"enemies":"Shell Parasite","floor":18.0,"turns":7.0},{"damage":4.0,"enemies":"Chosen","floor":20.0,"turns":5.0},{"damage":22.0,"enemies":"Shelled Parasite and Fungi","floor":22.0,"turns":7.0},{"damage":0,"enemies":"Slavers","floor":23,"turns":1}],"seed_played":"3567685049143167754","potions_obtained":[{"floor":3.0,"key":"DuplicationPotion"},{"floor":8.0,"key":"Weak Potion"},{"floor":18.0,"key":"SteroidPotion"},{"floor":22.0,"key":"SkillPotion"}],"is_trial":false,"path_per_floor":["M","?","M","?","?","E","R","M","T","M","M","R","M","?","R","B",null,"M","$","M","?","M","E"],"character_chosen":"THE_SILENT","items_purchased":["Apotheosis"],"campfire_rested":1,"item_purchase_floors":[19],"current_hp_per_floor":[59,39,39,21,43,43,43,42,42,37,31,31,31,8,27,7,51,29,29,25,25,3,3,3],"gold":67,"neow_bonus":"THREE_ENEMY_KILL","is_daily":false,"chose_seed":false,"campfire_upgraded":2,"win_rate":0.0,"timestamp":1609409144,"path_taken":["M","?","M","?","?","E","R","M","T","?","M","R","M","?","R","BOSS","M","$","M","?","M","E"],"items_purchased_type":["Card"],"build_version":"2020-12-22","purchased_purges":1,"victory":false,"max_hp_per_floor":[66,66,66,66,66,66,66,66,66,66,66,66,66,66,66,66,66,66,66,66,66,66,66,66],"relic_stats":{"counters":[12,47],"Golden Idol":31,"Letter Opener":[45],"Orichalcum":[54],"obtain_stats":[{"Lantern":6,"NeowsBlessing":0,"Golden Idol":14,"Letter Opener":9,"Orichalcum":4,"Ring of the Serpent":17,"Ring of the Snake":0},{"Lantern":3,"NeowsBlessing":0,"Golden Idol":7,"Letter Opener":4,"Orichalcum":2,"Ring of the Serpent":8,"Ring of the Snake":0},{"Lantern":3,"NeowsBlessing":0,"Golden Idol":17,"Letter Opener":6,"Orichalcum":2,"Ring of the Serpent":27,"Ring of the Snake":0}]},"card_choices":[{"not_picked":["Deadly Poison","Prepared"],"picked":"Poisoned Stab","floor":1.0},{"not_picked":["Prepared","Corpse Explosion"],"picked":"Poisoned Stab","floor":3.0},{"not_picked":["Underhanded Strike","Deflect"],"picked":"Noxious Fumes","floor":6.0},{"not_picked":["Setup","Flying Knee"],"picked":"Escape Plan","floor":8.0},{"not_picked":["Slice","Blur"],"picked":"Backflip","floor":10.0},{"not_picked":["Dash","Bane"],"picked":"All Out Attack","floor":11.0},{"not_picked":["Underhanded Strike","Bane"],"picked":"Wraith Form v2","floor":13.0},{"not_picked":["A Thousand Cuts","Malaise"],"picked":"After Image","floor":16.0},{"not_picked":["Dagger Throw","Endless Agony","Skewer"],"picked":"SKIP","floor":18.0},{"not_picked":["Acrobatics","Deadly Poison"],"picked":"Bane","floor":20.0},{"not_picked":["PiercingWail","Prepared","Slice"],"picked":"SKIP","floor":22.0}],"player_experience":689031,"relics_obtained":[{"floor":6.0,"key":"Lantern"},{"floor":9.0,"key":"Letter Opener"}],"event_choices":[{"damage_healed":0.0,"max_hp_gain":0.0,"max_hp_loss":0.0,"gold_gain":0.0,"event_name":"Shining Light","player_choice":"Entered Light","floor":2.0,"gold_loss":0.0,"damage_taken":20.0,"cards_upgraded":["Neutralize","Strike_G"]},{"damage_healed":0.0,"max_hp_gain":0.0,"max_hp_loss":0.0,"gold_gain":0.0,"event_name":"Scrap Ooze","player_choice":"Success","floor":4.0,"gold_loss":0.0,"damage_taken":18.0,"relics_obtained":["Orichalcum"]},{"damage_healed":22.0,"max_hp_gain":0.0,"max_hp_loss":0.0,"gold_gain":0.0,"event_name":"Big Fish","player_choice":"Banana","floor":5.0,"gold_loss":0.0,"damage_taken":0.0},{"damage_healed":0.0,"max_hp_gain":0.0,"max_hp_loss":0.0,"gold_gain":0.0,"event_name":"Golden Idol","player_choice":"Take Damage","floor":14.0,"gold_loss":0.0,"damage_taken":23.0,"relics_obtained":["Golden Idol"]},{"cards_removed":["Strike_G"],"damage_healed":0.0,"max_hp_gain":0.0,"max_hp_loss":0.0,"gold_gain":0.0,"event_name":"Back to Basics","player_choice":"Elegance","floor":21.0,"gold_loss":0.0,"damage_taken":0.0}],"is_beta":false,"boss_relics":[{"not_picked":["Empty Cage","Ectoplasm"],"picked":"Ring of the Serpent"}],"items_purged_floors":[19],"is_endless":false,"potions_floor_spawned":[3,8,13,18,22],"killed_by":"Slavers","ascension_level":20}}