{"host":"fwes8e3a36usabj9","time":1609455191,"event":{"mods":["BaseMod","Colored Map","Colored Powertips","Minty Spire (QoL Compilation)"],"gold_per_floor":[111,122,134,134,152,180,194,227,227,254,209,209,2,19,19,120,120,136,146,161,180,180,180,210,210,261,273,289,289,289,4,4,101,101,116,136,151,151,204,229,229,256,311,338,355,46,72,84,84,84],"floor_reached":51,"playtime":4685,"items_purged":["Strike_G","Strike_G+1"],"score":1218,"play_id":"501ce890-45f1-47f4-8860-026215d441d5","local_time":"20201231145311","is_ascension_mode":true,"campfire_choices":[{"data":"Blade Dance","floor":12.0,"key":"SMITH"},{"data":"Backstab","floor":15.0,"key":"SMITH"},{"data":"Leg Sweep","floor":23,"key":"SMITH"},{"data":"Adrenaline","floor":25,"key":"SMITH"},{"data":"Blade Dance","floor":29,"key":"SMITH"},{"data":"Backstab","floor":32,"key":"SMITH"},{"data":"1","floor":41,"key":"LIFT"},{"data":"Blade Dance","floor":49,"key":"SMITH"}],"circlet_count":0,"master_deck":["Defend_G+1","Defend_G+1","Defend_G+1","Defend_G+1","Defend_G+1","Survivor+1","Neutralize","Backstab+1","Blur","Prepared","Dash","Masterful Stab","Backstab+1","Caltrops+1","Acrobatics","Blade Dance+1","Blade Dance+1","Leg Sweep+1","After Image+1","Blade Dance","Blade Dance+1","Infinite Blades+1","Caltrops+1","Adrenaline+1","Escape Plan+1","Blur","Tools of the Trade+1","Madness","Madness","Cloak And Dagger","Cloak And Dagger+1","Blade Dance+1","Storm of Steel","Infinite Blades+1","Blade Dance+1"],"relics":["WristBlade","Smiling Mask","Frozen Egg 2","Eternal Feather","Shuriken","DollysMirror","Black Star","Darkstone Periapt","War Paint","Nunchaku","Vajra","Sozu","Girya","Sundial","Ancient Tea Set","Orichalcum","Bottled Lightning","Boot","Omamori","Bag of Preparation","Oddly Smooth Stone","Ninja Scroll","Lantern"],"acts_visited":["Exordium","TheCity","TheBeyond"],"potions_floor_usage":[21,24,39,50],"damage_taken":[{"damage":0.0,"enemies":"Jaw Worm","floor":1.0,"turns":4.0},{"damage":0.0,"enemies":"Cultist","floor":2.0,"turns":3.0},{"damage":0.0,"enemies":"Small Slimes","floor":3.0,"turns":3.0},{"damage":0.0,"enemies":"3 Louse","floor":5.0,"turns":4.0},{"damage":0.0,"enemies":"3 Sentries","floor":6.0,"turns":7.0},{"damage":5.0,"enemies":"Large Slime","floor":7.0,"turns":9.0},{"damage":5.0,"enemies":"Gremlin Nob","floor":8.0,"turns":3.0},{"damage":0.0,"enemies":"3 Sentries","floor":10.0,"turns":7.0},{"damage":6.0,"enemies":"Looter","floor":14.0,"turns":2.0},{"damage":1.0,"enemies":"The Guardian","floor":16.0,"turns":7.0},{"damage":0.0,"enemies":"3 Byrds","floor":18.0,"turns":4.0},{"damage":4.0,"enemies":"Chosen","floor":19.0,"turns":3.0},{"damage":1.0,"enemies":"Centurion and Healer","floor":20.0,"turns":2.0},{"damage":4,"enemies":"Shelled Parasite and Fungi","floor":21,"turns":2},{"damage":10,"enemies":"Book of Stabbing","floor":24,"turns":3},{"damage":12,"enemies":"Snake Plant","floor":27,"turns":3},{"damage":0,"enemies":"Sentry and Sphere","floor":28,"turns":3},{"damage":0,"enemies":"Champ","floor":33,"turns":6},{"damage":0,"enemies":"Orb Walker","floor":35,"turns":2},{"damage":0,"enemies":"3 Shapes","floor":36,"turns":2},{"damage":0,"enemies":"Sphere and 2 Shapes","floor":37,"turns":3},{"damage":0,"enemies":"2 Orb Walkers","floor":39,"turns":3},{"damage":1,"enemies":"Reptomancer","floor":40,"turns":5},{"damage":0,"enemies":"Giant Head","floor":42,"turns":5},{"damage":9,"enemies":"Nemesis","floor":44,"turns":3},{"damage":0,"enemies":"3 Darklings","floor":45,"turns":3},{"damage":0,"enemies":"Giant Head","floor":47,"turns":5},{"damage":9,"enemies":"Maw","floor":48,"turns":4},{"damage":24,"enemies":"Awakened One","floor":50,"turns":7}],"seed_played":"5414853000284206146","potions_obtained":[{"floor":1.0,"key":"GhostInAJar"},{"floor":3.0,"key":"SteroidPotion"},{"floor":5.0,"key":"PowerPotion"},{"floor":6.0,"key":"GamblersBrew"},{"floor":10.0,"key":"SkillPotion"},{"floor":19.0,"key":"DuplicationPotion"},{"floor":21,"key":"Explosive Potion"},{"floor":27,"key":"Swift Potion"}],"is_trial":false,"path_per_floor":["M","M","M","?","M","E","M","E","T","E","$","R","$","M","R","B",null,"M","M","M","M","?","R","E","R","T","M","M","R","?","$","R","B",null,"M","M","M","?","?","E","R","E","T","E","M","$","E","M","R","B",null],"character_chosen":"THE_SILENT","items_purchased":["Blade Dance","DollysMirror","Vajra","Blur","Oddly Smooth Stone","Storm of Steel"],"campfire_rested":0,"item_purchase_floors":[11,13,31,31,46,46],"current_hp_per_floor":[70,70,70,70,70,70,65,60,60,60,60,70,70,64,70,69,70,70,66,65,61,61,70,60,70,70,58,58,70,70,70,70,70,70,70,70,70,61,61,60,70,70,70,61,61,61,61,52,70,46],"gold":84,"neow_bonus":"BOSS_RELIC","is_daily":false,"chose_seed":false,"campfire_upgraded":7,"win_rate":0.0,"timestamp":1609455191,"path_taken":["M","M","M","?","?","E","M","E","T","E","$","R","$","M","R","BOSS","M","M","M","?","?","R","E","R","T","M","M","R","?","$","R","BOSS","M","M","M","?","?","E","R","E","T","E","M","?","E","M","R","BOSS"],"items_purchased_type":["Card","Relic","Relic","Card","Relic","Card"],"build_version":"2020-12-22","purchased_purges":2,"victory":true,"max_hp_per_floor":[70,70,70,70,70,70,70,70,70,70,70,70,70,70,70,70,70,70,70,70,70,70,70,70,70,70,70,70,70,70,70,70,70,70,70,70,70,70,70,70,70,70,70,70,70,70,70,70,70,70],"card_choices":[{"not_picked":["Bane","Dagger Spray"],"picked":"Backstab","floor":1.0},{"not_picked":["Skewer","Quick Slash"],"picked":"Blur","floor":2.0},{"not_picked":["Deadly Poison","Sucker Punch"],"picked":"Prepared","floor":3.0},{"not_picked":["Dodge and Roll","Deadly Poison"],"picked":"Dash","floor":5.0},{"not_picked":["Calculated Gamble","Distraction"],"picked":"Masterful Stab","floor":6.0},{"not_picked":["Leg Sweep","Heel Hook"],"picked":"Backstab","floor":7.0},{"not_picked":["Riddle With Holes","Flying Knee"],"picked":"Caltrops+1","floor":8.0},{"not_picked":["Finisher","Dash"],"picked":"Acrobatics","floor":10.0},{"not_picked":["Flechettes","Deadly Poison"],"picked":"Leg Sweep","floor":14.0},{"not_picked":["Phantasmal Killer","Glass Knife"],"picked":"After Image+1","floor":16.0},{"not_picked":["Dagger Throw","Outmaneuver","Predator"],"picked":"SKIP","floor":18.0},{"not_picked":["Predator","Sucker Punch+1","Flying Knee"],"picked":"SKIP","floor":19.0},{"not_picked":["PiercingWail+1","Flechettes+1"],"picked":"Blade Dance","floor":20.0},{"not_picked":["Noxious Fumes+1","Catalyst+1"],"picked":"Blade Dance","floor":21},{"not_picked":["Glass Knife","Acrobatics"],"picked":"Adrenaline","floor":24},{"not_picked":["Deflect+1","Acrobatics","Underhanded Strike"],"picked":"SKIP","floor":27},{"not_picked":["Bane+1","Outmaneuver+1"],"picked":"Escape Plan+1","floor":28},{"not_picked":["Unload","Malaise"],"picked":"Tools of the Trade+1","floor":33},{"not_picked":["Bane","Catalyst+1","Deflect"],"picked":"SKIP","floor":35},{"not_picked":["Dagger Spray+1","Riddle With Holes","Poisoned Stab+1"],"picked":"SKIP","floor":36},{"not_picked":["Choke","Leg Sweep+1","Sucker Punch"],"picked":"SKIP","floor":37},{"not_picked":["Prepared","After Image+1"],"picked":"Cloak And Dagger","floor":39},{"not_picked":["Deadly Poison","Predator","Deflect+1"],"picked":"SKIP","floor":40},{"not_picked":["Deadly Poison","Poisoned Stab+1"],"picked":"Cloak And Dagger+1","floor":42},{"not_picked":["Flechettes","Outmaneuver","Caltrops+1"],"picked":"SKIP","floor":44},{"not_picked":["Masterful Stab+1","Backflip+1"],"picked":"Blade Dance+1","floor":45},{"not_picked":["Bane+1","PiercingWail"],"picked":"Infinite Blades+1","floor":47},{"not_picked":["Dodge and Roll+1","Dagger Throw"],"picked":"Blade Dance","floor":48}],"player_experience":658421,"relics_obtained":[{"floor":6.0,"key":"Smiling Mask"},{"floor":8.0,"key":"Frozen Egg 2"},{"floor":9.0,"key":"Eternal Feather"},{"floor":10.0,"key":"Shuriken"},{"floor":24,"key":"Darkstone Periapt"},{"floor":24,"key":"War Paint"},{"floor":26,"key":"Nunchaku"},{"floor":39,"key":"Girya"},{"floor":40,"key":"Sundial"},{"floor":40,"key":"Ancient Tea Set"},{"floor":42,"key":"Orichalcum"},{"floor":42,"key":"Bottled Lightning"},{"floor":43,"key":"Boot"},{"floor":44,"key":"Omamori"},{"floor":44,"key":"Bag of Preparation"},{"floor":47,"key":"Ninja Scroll"},{"floor":47,"key":"Lantern"}],"event_choices":[{"cards_removed":["Strike_G"],"damage_healed":0.0,"max_hp_gain":0.0,"max_hp_loss":0.0,"gold_gain":0.0,"event_name":"Purifier","player_choice":"Purged","floor":4.0,"gold_loss":0.0,"damage_taken":0.0},{"damage_healed":0,"gold_gain":0,"cards_transformed":["Strike_G","Strike_G"],"player_choice":"Became Test Subject","damage_taken":0,"max_hp_gain":0,"max_hp_loss":0,"event_name":"Drug Dealer","floor":22,"gold_loss":0,"cards_obtained":["Infinite Blades","Caltrops"]},{"damage_healed":0,"gold_gain":0,"player_choice":"Simplicity","damage_taken":0,"max_hp_gain":0,"max_hp_loss":0,"event_name":"Back to Basics","floor":30,"gold_loss":0,"cards_upgraded":["Strike_G","Defend_G","Defend_G","Defend_G","Defend_G"]},{"damage_healed":0,"gold_gain":0,"player_choice":"Embrace Madness","damage_taken":9,"max_hp_gain":0,"max_hp_loss":0,"event_name":"Winding Halls","floor":38,"gold_loss":0,"cards_obtained":["Madness","Madness"]},{"damage_healed":0,"gold_gain":0,"player_choice":"Fight","damage_taken":0,"max_hp_gain":0,"max_hp_loss":0,"event_name":"Mysterious Sphere","floor":39,"gold_loss":0}],"is_beta":false,"boss_relics":[{"not_picked":["Philosopher\u0027s Stone","Calling Bell"],"picked":"Black Star"},{"not_picked":["Velvet Choker","Empty Cage"],"picked":"Sozu"}],"items_purged_floors":[13,31],"is_endless":false,"potions_floor_spawned":[1,3,5,6,10,19,21,27,33,36,40,42,45,48],"ascension_level":5}}