{"host":"mtg945c5jssv10ty","time":1609429639,"event":{"mods":["BaseMod","Downfall","Minty Spire (QoL Compilation)","StSLib","SuperFastMode"],"gold_per_floor":[99,99,99,99,99,99,99,199,4,4,18,38,38,50,60,60,60,60],"floor_reached":16,"playtime":692,"items_purged":["downfall:Malfunctioning"],"score":113,"play_id":"260ba2a9-1cb5-4695-b6f6-a649c04c3bdc","local_time":"20201231104719","is_ascension_mode":false,"campfire_choices":[{"floor":1.0,"key":"RECALL"},{"data":"Guardian:SphericShield","floor":10.0,"key":"SMITH"},{"data":"Guardian:SpikerProtocol","floor":13.0,"key":"SMITH"}],"circlet_count":0,"master_deck":["Guardian:Strike_Guardian","Guardian:Strike_Guardian","Guardian:Strike_Guardian","Guardian:Defend_Guardian","Guardian:Defend_Guardian","Guardian:Defend_Guardian","Guardian:CurlUp","Guardian:TwinSlam","Guardian:VentSteam","Guardian:ChargeUp","Guardian:PiercingHide","Guardian:SphericShield+1","Guardian:ShieldSpikes","Guardian:SpikerProtocol+1","Guardian:PiercingHide","Guardian:ShieldCharger","Guardian:Harden","Guardian:ArmoredProtocol"],"relics":["Guardian:ModeShifter","downfall:HeartsMalice","downfall:BrokenWingStatue","Potion Belt"],"acts_visited":["Exordium"],"potions_floor_usage":[16,16],"damage_taken":[{"damage":0.0,"enemies":"2 Louse","floor":4.0,"turns":1.0},{"damage":0.0,"enemies":"Jaw Worm","floor":5.0,"turns":1.0},{"damage":0.0,"enemies":"Cultist","floor":6.0,"turns":1.0},{"damage":0.0,"enemies":"downfall:FleeingMerchant","floor":9.0,"turns":4.0},{"damage":0.0,"enemies":"Gremlin Gang","floor":11.0,"turns":8.0},{"damage":0.0,"enemies":"Blue Slaver","floor":12.0,"turns":5.0},{"damage":46.0,"enemies":"Exordium Thugs","floor":14.0,"turns":11.0},{"damage":7,"enemies":"Large Slime","floor":15,"turns":12},{"damage":98,"enemies":"downfall:Defect","floor":16,"turns":11}],"seed_played":"-1130768404122154821","potions_obtained":[{"floor":11.0,"key":"LiquidBronze"},{"floor":12.0,"key":"SkillPotion"},{"floor":14.0,"key":"Guardian:StasisDiscoveryPotion"}],"is_trial":false,"path_per_floor":["R","?","?","M","M","M","T","?","$","R","M","M","R","M","M","B"],"character_chosen":"GUARDIAN","items_purchased":["Guardian:ShieldSpikes","Guardian:SpikerProtocol"],"campfire_rested":0,"item_purchase_floors":[9,9],"current_hp_per_floor":[80,80,80,80,80,80,80,80,80,80,80,80,80,64,57,0,0,0],"gold":60,"neow_bonus":"THREE_ENEMY_KILL","is_daily":false,"chose_seed":false,"campfire_upgraded":2,"win_rate":0.0,"timestamp":1609429639,"path_taken":["R","?","?","?","M","?","T","?","$","R","M","M","R","M","M","BOSS"],"items_purchased_type":["Card","Card"],"build_version":"2020-12-22","purchased_purges":1,"victory":false,"max_hp_per_floor":[80,80,80,80,80,80,80,80,80,80,80,80,80,80,80,80,80,80],"card_choices":[{"not_picked":["Guardian:Planning","Guardian:Gem_Green"],"picked":"Guardian:VentSteam","floor":4.0},{"not_picked":["Guardian:ChargeCore","Guardian:WalkerClaw"],"picked":"Guardian:ChargeUp","floor":5.0},{"not_picked":["Guardian:VentSteam","Guardian:Recover"],"picked":"Guardian:PiercingHide","floor":6.0},{"not_picked":["Guardian:MultiBeam","Guardian:Gem_Green"],"picked":"Guardian:SphericShield","floor":9.0},{"not_picked":["Guardian:Gem_Cyan","Guardian:Gem_Green"],"picked":"Guardian:PiercingHide","floor":11.0},{"not_picked":["Guardian:Recover","Guardian:PrismaticBarrier"],"picked":"Guardian:ShieldCharger","floor":12.0},{"not_picked":["Guardian:Gem_Blue","Guardian:Reroute"],"picked":"Guardian:Harden","floor":14.0},{"not_picked":["Guardian:SentryBeam","Guardian:EvasiveProtocol"],"picked":"Guardian:ArmoredProtocol","floor":15}],"player_experience":169565,"relics_obtained":[{"floor":7.0,"key":"Potion Belt"}],"event_choices":[],"is_beta":false,"boss_relics":[],"items_purged_floors":[9],"is_endless":false,"potions_floor_spawned":[11,12,14],"killed_by":"downfall:Defect","ascension_level":0}}