{"host":"wl9at99caqxndrn4","time":1609383312,"event":{"mods":["BaseMod","BetterRewards","Colored Map","Colored Powertips","Downfall","Googly Eyes","Hermit","Marisa（霧雨　魔理沙）","Minty Spire (QoL Compilation)","Quick Restart","Rare Cards Sparkle","Shop Mod","StSLib","The Cursed","The Necromancer","The Poker Player"],"gold_per_floor":[115,125,125,138,138,178,190,223,258,270,320,353,409,421,433,568,580,615,627,656,681,693,731,743,766,778,790,818,860,890,914,926,938,938],"floor_reached":33,"playtime":7493,"items_purged":[],"score":309,"play_id":"dbe455da-c9d5-417e-97da-a62590a1d588","local_time":"20201231105512","is_ascension_mode":false,"campfire_choices":[{"floor":7,"key":"REST"},{"floor":10,"key":"REST"},{"floor":15,"key":"REST"},{"floor":32,"key":"REST"}],"circlet_count":0,"master_deck":["Strike_W","Strike_W","Strike_W","Strike_W","Defend_W","Defend_W","Defend_W","Defend_W","Negative_Energy_Arrows","Bone_Wall","Bone_Bullets","Death_March_Dance","Hellfire","Decay","Spectral_Armor","Plague_Bolt","Thousand_Bone_Knives","Negative_Energy_Burst","Skeleton_Dragon","Summon_Undead_Army","Shade_Step","Flesh_Made_Foul","Life_Drain+1","Summon_Undead+1","Bone_Armory+1","Vampiric_Strike+1","Finger_Of_Death"],"relics":["Vampire_Amulet","Bloody Idol","MawBank","PreservedInsect","Bag of Preparation","Juzu Bracelet","Sozu","Oddly Smooth Stone","MutagenicStrength","Frozen Egg 2","Boot"],"acts_visited":["Exordium","TheCity"],"potions_floor_usage":[16,16,16,33],"damage_taken":[{"damage":0,"enemies":"Jaw Worm","floor":1,"turns":6},{"damage":0,"enemies":"2 Louse","floor":2,"turns":4},{"damage":1,"enemies":"Cultist","floor":4,"turns":4},{"damage":52,"enemies":"Gremlin Nob","floor":6,"turns":6},{"damage":0,"enemies":"Looter","floor":8,"turns":3},{"damage":11,"enemies":"3 Sentries","floor":11,"turns":8},{"damage":1,"enemies":"Exordium Wildlife","floor":12,"turns":5},{"damage":13,"enemies":"Gremlin Nob","floor":13,"turns":3},{"damage":71,"enemies":"The Guardian","floor":16,"turns":17},{"damage":5,"enemies":"Spheric Guardian","floor":18,"turns":3},{"damage":0,"enemies":"Chosen","floor":20,"turns":3},{"damage":14,"enemies":"Centurion and Healer","floor":21,"turns":7},{"damage":38,"enemies":"Slavers","floor":23,"turns":4},{"damage":22,"enemies":"Snake Plant","floor":25,"turns":3},{"damage":5,"enemies":"Snecko","floor":28,"turns":3},{"damage":48,"enemies":"Book of Stabbing","floor":29,"turns":4},{"damage":10,"enemies":"Centurion and Healer","floor":30,"turns":5},{"damage":33,"enemies":"Shelled Parasite and Fungi","floor":31,"turns":4},{"damage":95,"enemies":"Champ","floor":33,"turns":12}],"seed_played":"-6134637970943067174","potions_obtained":[{"floor":6,"key":"Ancient Potion"},{"floor":8,"key":"champ:CounterPotion"},{"floor":12,"key":"PowerPotion"},{"floor":16,"key":"Energy Potion"}],"is_trial":false,"path_per_floor":["M","M","?","M","?","E","R","M","T","R","E","M","E","$","R","B",null,"M","?","M","M","?","E","?","M","T","?","M","E","M","M","R","B"],"character_chosen":"NECROMANCER","items_purchased":[],"campfire_rested":4,"item_purchase_floors":[],"current_hp_per_floor":[82,82,62,63,63,13,37,39,39,63,58,61,50,50,74,5,82,79,79,82,77,82,55,60,56,61,66,79,53,65,52,81,0,0],"gold":938,"neow_bonus":"TEN_PERCENT_HP_BONUS","is_daily":false,"chose_seed":false,"campfire_upgraded":0,"win_rate":0.0,"timestamp":1609383312,"path_taken":["M","M","?","M","?","E","R","M","T","R","E","?","E","$","R","BOSS","M","?","M","M","?","E","?","M","T","?","M","E","M","M","R","BOSS"],"items_purchased_type":[],"build_version":"2020-12-22","purchased_purges":0,"victory":false,"max_hp_per_floor":[82,82,82,82,82,82,82,82,82,82,82,82,82,82,82,82,82,82,82,82,82,82,82,82,82,82,82,82,82,82,82,82,82,82],"card_choices":[{"not_picked":["Blood_Whip","Scare"],"picked":"Bone_Bullets","floor":1},{"not_picked":["Bones_to_Steel","Death_Coil"],"picked":"Death_March_Dance","floor":2},{"not_picked":["Toxic_Smoke_Screen","Life_Tap"],"picked":"Hellfire","floor":4},{"not_picked":["Negative_Energy_Javelin","Consume_Illness"],"picked":"Spectral_Armor","floor":6},{"not_picked":["Shackles_Of_Pain","Negative_Energy_Mist"],"picked":"Plague_Bolt","floor":8},{"not_picked":["Negative_Energy_Shield","Blood_Is_Power"],"picked":"Thousand_Bone_Knives","floor":11},{"not_picked":["Death_March_Dance","Strike_from_Beyond"],"picked":"Negative_Energy_Burst","floor":12},{"not_picked":["Bones_to_Steel","Death_Coil","Necrotic_Claws"],"picked":"SKIP","floor":13},{"not_picked":["Requiem","Hellfire"],"picked":"Skeleton_Dragon","floor":16},{"not_picked":["Flesh_Made_Foul","Violent_Necrosis+1"],"picked":"Summon_Undead_Army","floor":18},{"not_picked":["Epidemic","Bone_Spikes"],"picked":"Shade_Step","floor":20},{"not_picked":["Blood_Whip+1","Negative_Energy_Javelin"],"picked":"Flesh_Made_Foul","floor":21},{"not_picked":["Flesh_Made_Foul","Death_March_Dance"],"picked":"Life_Drain+1","floor":23},{"not_picked":["Negative_Energy_Burst","Scare"],"picked":"Summon_Undead+1","floor":25},{"not_picked":["Negative_Energy_Mist","Acid_Javelin"],"picked":"Bone_Armory+1","floor":28},{"not_picked":["Bone_Armor","Blood_Wake"],"picked":"Vampiric_Strike+1","floor":29},{"not_picked":["Negative_Energy_Mist","Chill_Blood+1","Spectral_Walk"],"picked":"SKIP","floor":30},{"not_picked":["Vampiric_Strike","Scare"],"picked":"Finger_Of_Death","floor":31}],"player_experience":68402,"relics_obtained":[{"floor":6,"key":"MawBank"},{"floor":9,"key":"PreservedInsect"},{"floor":11,"key":"Bag of Preparation"},{"floor":13,"key":"Juzu Bracelet"},{"floor":23,"key":"Oddly Smooth Stone"},{"floor":26,"key":"Frozen Egg 2"},{"floor":29,"key":"Boot"}],"event_choices":[{"damage_healed":0,"gold_gain":0,"player_choice":"Take Damage","damage_taken":20,"relics_obtained":["Golden Idol"],"max_hp_gain":0,"max_hp_loss":0,"event_name":"Golden Idol","floor":3,"gold_loss":0},{"damage_healed":0,"gold_gain":0,"player_choice":"Cursed","damage_taken":0,"max_hp_gain":0,"max_hp_loss":0,"event_name":"Wheel of Change","floor":5,"gold_loss":0,"cards_obtained":["Decay"]},{"damage_healed":0,"gold_gain":0,"player_choice":"Gave Idol","damage_taken":0,"relics_obtained":["Bloody Idol"],"max_hp_gain":0,"max_hp_loss":0,"event_name":"Forgotten Altar","floor":19,"relics_lost":["Golden Idol"],"gold_loss":0},{"damage_healed":0,"gold_gain":0,"player_choice":"Got Potions","damage_taken":0,"max_hp_gain":0,"max_hp_loss":0,"event_name":"Lab","floor":22,"gold_loss":0},{"damage_healed":0,"gold_gain":0,"player_choice":"Inject Mutagens","damage_taken":0,"relics_obtained":["MutagenicStrength"],"max_hp_gain":0,"max_hp_loss":0,"event_name":"Drug Dealer","floor":24,"gold_loss":0},{"damage_healed":0,"gold_gain":0,"player_choice":"Bought 0 Potions","damage_taken":0,"max_hp_gain":0,"max_hp_loss":0,"event_name":"The Woman in Blue","floor":27,"gold_loss":0}],"is_beta":false,"boss_relics":[{"not_picked":["Philosopher\u0027s Stone","Velvet Choker"],"picked":"Sozu"}],"items_purged_floors":[],"is_endless":false,"potions_floor_spawned":[6,8,12,16,23,25,30],"killed_by":"Champ","ascension_level":0}}