{"host":"7k2a2omxz3voj5ax","time":1609447659,"event":{"mods":["BaseMod","Marisa£¨ìFÓê¡¡Ä§ÀíÉ³£©","Minty Spire (QoL Compilation)","Quick Restart","Spicy Shops","StSLib","Starting Relic: Pandora\u0027s Box","óô»ðÖ¸ÄÏ"],"gold_per_floor":[10,10,20,40,51,79,99,794,794,822,411,446,446,477,477,556,556,576,398,423,205,205,239,164,79,105,105,146,146,177,196,196,273,273,283,302,349,358,358,386,466,499,499,527,527,562,562,562,562,562,562,562,491,340,368,368],"floor_reached":57,"playtime":2132,"items_purged":["SporeBomb","LuminesStrike","GalacticHalo","UpSweep"],"score":3846,"play_id":"b0a78532-8472-4433-a698-27584cae596b","local_time":"20210101054739","is_ascension_mode":true,"campfire_choices":[{"data":"Deep Breath","floor":13.0,"key":"SMITH"},{"data":"EarthLightRay","floor":15.0,"key":"SMITH"},{"data":"UltimateShortwave","floor":29.0,"key":"SMITH"},{"data":"MachineGunSpark","floor":32.0,"key":"SMITH"},{"data":"Deep Breath","floor":45,"key":"SMITH"},{"floor":47,"key":"RECALL"}],"circlet_count":0,"master_deck":["AscendersBane","MilkyWay+1","AlicesGift","PowerUp+1","MachineGunSpark+1","UltimateShortwave+1","EarthLightRay+1","Singularity","Deep Breath+1","TreasureHunter","6A","Deep Breath+1"],"relics":["BewitchedHakkero","Darkstone Periapt","Anchor","Bag of Preparation","Orrery","War Paint","Meat on the Bone","Membership Card","Question Card","Torii","Orichalcum","Black Star","Omamori","Red Mask","SimpleLauncher","Bottled Lightning","Enchiridion","Juzu Bracelet","Nunchaku","Toy Ornithopter","CeramicFish","Tiny Chest","Dream Catcher","Akabeko","WingedGreaves","Du-Vu Doll","Girya","CatCart","Bag of Marbles","HornCleat","MagicBroom","Mercury Hourglass","Blood Vial","Mummified Hand","AmplifyWand","Toxic Egg 2","Potion Belt","Pear","Eternal Feather","Strawberry","Kunai","Bottled Tornado","InkBottle","TheAbacus","StrikeDummy","Sundial","BreadOfAWashokuLover"],"acts_visited":["Exordium","TheCity","TheBeyond","TheEnding"],"potions_floor_usage":[51,56],"damage_taken":[{"damage":1.0,"enemies":"2 Louse","floor":1.0,"turns":3.0},{"damage":0.0,"enemies":"Jaw Worm","floor":3.0,"turns":2.0},{"damage":1.0,"enemies":"Small Slimes","floor":4.0,"turns":3.0},{"damage":15.0,"enemies":"Exordium Wildlife","floor":5.0,"turns":4.0},{"damage":13.0,"enemies":"3 Sentries","floor":6.0,"turns":6.0},{"damage":1.0,"enemies":"Looter","floor":7.0,"turns":2.0},{"damage":0.0,"enemies":"Lagavulin","floor":10.0,"turns":3.0},{"damage":3.0,"enemies":"3 Sentries","floor":12.0,"turns":3.0},{"damage":0.0,"enemies":"Lagavulin","floor":14.0,"turns":2.0},{"damage":0.0,"enemies":"Slime Boss","floor":16.0,"turns":2.0},{"damage":1.0,"enemies":"2 Thieves","floor":18.0,"turns":3.0},{"damage":0.0,"enemies":"Masked Bandits","floor":20.0,"turns":3.0},{"damage":0.0,"enemies":"Book of Stabbing","floor":23.0,"turns":2.0},{"damage":7.0,"enemies":"Slavers","floor":28.0,"turns":4.0},{"damage":0.0,"enemies":"Gremlin Leader","floor":30.0,"turns":2.0},{"damage":0.0,"enemies":"Spheric Guardian","floor":31.0,"turns":1.0},{"damage":0.0,"enemies":"Automaton","floor":33.0,"turns":4.0},{"damage":0.0,"enemies":"Orb Walker","floor":35.0,"turns":2.0},{"damage":0.0,"enemies":"3 Darklings","floor":36.0,"turns":2.0},{"damage":0.0,"enemies":"Orin","floor":37.0,"turns":4.0},{"damage":0,"enemies":"Reptomancer","floor":40,"turns":1},{"damage":0,"enemies":"Nemesis","floor":42,"turns":1},{"damage":0,"enemies":"Giant Head","floor":44,"turns":3},{"damage":0,"enemies":"Reptomancer","floor":46,"turns":2},{"damage":0,"enemies":"Time Eater","floor":50,"turns":1},{"damage":0,"enemies":"Awakened One","floor":51,"turns":2},{"damage":0,"enemies":"Shield and Spear","floor":55,"turns":1},{"damage":45,"enemies":"The Heart","floor":56,"turns":5}],"seed_played":"-4073749596901042961","potions_obtained":[{"floor":3.0,"key":"DuplicationPotion"},{"floor":4.0,"key":"GamblersBrew"},{"floor":6.0,"key":"Ancient Potion"},{"floor":7.0,"key":"AttackPotion"},{"floor":18.0,"key":"GamblersBrew"},{"floor":31.0,"key":"SkillPotion"},{"floor":33.0,"key":"Energy Potion"}],"is_trial":false,"path_per_floor":["M","?","M","M","M","E","M","$","T","E","$","E","R","E","R","B",null,"M","$","?","$","?","E","?","?","T","?","E","R","E","M","R","B",null,"M","M","?","?","?","E","T","E","T","E","R","E","R","?","R","B","B",null,"R","$","E","B",null],"character_chosen":"MARISA","items_purchased":["Bag of Preparation","Orrery","Membership Card","Question Card","Deep Breath","Omamori","SimpleLauncher","Bottled Lightning","Bottled Tornado","InkBottle","TheAbacus"],"campfire_rested":0,"item_purchase_floors":[8,8,11,11,11,19,21,21,53,54,54],"current_hp_per_floor":[62,44,44,43,28,15,14,14,14,18,18,31,31,47,47,53,66,69,69,70,70,49,49,49,49,49,49,48,48,59,59,59,65,69,70,70,70,60,60,60,60,66,66,80,80,87,87,83,83,83,83,83,83,83,83,50],"gold":368,"neow_bonus":"REMOVE_TWO","is_daily":false,"chose_seed":false,"campfire_upgraded":5,"win_rate":0.0,"timestamp":1609447659,"path_taken":["M","?","M","M","M","E","M","$","T","E","$","E","R","E","R","BOSS","M","$","?","$","?","E","?","?","T","?","E","R","E","M","R","BOSS","M","M","?","?","?","E","?","E","T","E","R","E","R","?","R","BOSS","BOSS","R","$","E","BOSS"],"items_purchased_type":["Relic","Relic","Relic","Relic","Card","Relic","Relic","Relic","Relic","Relic","Relic"],"build_version":"2020-12-22","purchased_purges":4,"victory":true,"max_hp_per_floor":[70,70,70,70,70,70,70,70,70,70,70,70,70,70,70,70,70,70,70,70,70,70,70,70,70,70,70,70,70,70,70,70,70,70,70,70,70,70,70,70,70,70,70,80,80,87,87,83,83,83,83,83,83,83,83,83],"card_choices":[{"not_picked":["LuminesStrike","MagicAbsorber"],"picked":"Singularity","floor":1.0},{"not_picked":["PowerUp","DarkMatter","WitchLeyline"],"picked":"SKIP","floor":3.0},{"not_picked":["WitchOfGreed","PowerUp"],"picked":"MachineGunSpark","floor":4.0},{"not_picked":["StarlightTyphoon","MilkyWay","OpenUniverse"],"picked":"SKIP","floor":5.0},{"not_picked":["MilkyWay","AsteroidBelt"],"picked":"UltimateShortwave","floor":6.0},{"not_picked":["GrandCross","GravityBeat","MilkyWay"],"picked":"SKIP","floor":7.0},{"not_picked":["ShootTheMoon","FairyDestructionRay"],"picked":"EarthLightRay","floor":8.0},{"not_picked":["ShootTheMoon","LuminesStrike"],"picked":"Singularity","floor":8.0},{"not_picked":["WitchOfGreed","BinaryStars","MagicChant"],"picked":"SKIP","floor":10.0},{"not_picked":["DC","BinaryStars","WitchOfGreed","AsteroidBelt"],"picked":"SKIP","floor":12.0},{"not_picked":["StarlightTyphoon","MysteriousBeam","MagicChant","GalacticHalo"],"picked":"SKIP","floor":14.0},{"not_picked":["UltimateShortwave","BigCrunch","MillisecondPulsars"],"picked":"TreasureHunter","floor":16.0},{"not_picked":["FairyDestructionRay","MilkyWay","SprinkleStarSeal","DC"],"picked":"SKIP","floor":18.0},{"not_picked":["DoubleSpark","OneTimeOff","StarDustReverie","DarkMatter"],"picked":"SKIP","floor":23.0},{"not_picked":["SporeBomb+1","IllusionStar","LuminesStrike"],"picked":"6A","floor":28.0},{"not_picked":["EarthLightRay","Orbital","EnergyFlow","EnergyRecoil"],"picked":"SKIP","floor":30.0},{"not_picked":["UnstableBomb","StarlightTyphoon","MilkyWay","GravityBeat"],"picked":"SKIP","floor":31.0},{"not_picked":["UnstableBomb","OpenUniverse","Orbital","MysteriousBeam"],"picked":"SKIP","floor":35.0},{"not_picked":["DoubleSpark+1","UnstableBomb","SporeBomb","OneTimeOff"],"picked":"SKIP","floor":36.0},{"not_picked":["Flash of Steel","Dark Shackles","Dramatic Entrance"],"picked":"Deep Breath","floor":38},{"not_picked":["LuminesStrike","SporeBomb","MeteoricShower","GravityBeat+1"],"picked":"SKIP","floor":40},{"not_picked":["LuminesStrike","GravityBeat","UnstableBomb","ManaConvection"],"picked":"SKIP","floor":42},{"not_picked":["SporeBomb+1","ShootTheMoon","FinalSpark","PulseMagic+1"],"picked":"SKIP","floor":44},{"not_picked":["Acceleration+1","Occultation+1","UnstableBomb+1","DeepEcoloBomb"],"picked":"SKIP","floor":46},{"not_picked":["OneTimeOff+1","Occultation+1","PowerUp+1","WitchLeyline+1"],"picked":"SKIP","floor":55}],"player_experience":392106,"relics_obtained":[{"floor":6.0,"key":"Anchor"},{"floor":9.0,"key":"War Paint"},{"floor":10.0,"key":"Meat on the Bone"},{"floor":12.0,"key":"Torii"},{"floor":14.0,"key":"Orichalcum"},{"floor":20.0,"key":"Red Mask"},{"floor":22.0,"key":"Enchiridion"},{"floor":23.0,"key":"Juzu Bracelet"},{"floor":23.0,"key":"Nunchaku"},{"floor":23.0,"key":"Toy Ornithopter"},{"floor":28.0,"key":"Tiny Chest"},{"floor":28.0,"key":"Dream Catcher"},{"floor":30.0,"key":"Akabeko"},{"floor":30.0,"key":"WingedGreaves"},{"floor":30.0,"key":"Du-Vu Doll"},{"floor":33.0,"key":"Girya"},{"floor":37.0,"key":"CatCart"},{"floor":37.0,"key":"Bag of Marbles"},{"floor":40,"key":"HornCleat"},{"floor":40,"key":"MagicBroom"},{"floor":41,"key":"Mercury Hourglass"},{"floor":42,"key":"Blood Vial"},{"floor":42,"key":"Mummified Hand"},{"floor":43,"key":"AmplifyWand"},{"floor":44,"key":"Toxic Egg 2"},{"floor":44,"key":"Potion Belt"},{"floor":44,"key":"Pear"},{"floor":46,"key":"Eternal Feather"},{"floor":46,"key":"Strawberry"},{"floor":46,"key":"Kunai"},{"floor":55,"key":"StrikeDummy"},{"floor":55,"key":"Sundial"},{"floor":55,"key":"BreadOfAWashokuLover"}],"event_choices":[{"damage_healed":0.0,"max_hp_gain":0.0,"max_hp_loss":0.0,"gold_gain":0.0,"event_name":"Scrap Ooze","player_choice":"Success","floor":2.0,"gold_loss":0.0,"damage_taken":18.0,"relics_obtained":["Darkstone Periapt"]},{"damage_healed":0.0,"max_hp_gain":0.0,"max_hp_loss":0.0,"gold_gain":0.0,"event_name":"Masked Bandits","player_choice":"Fought Bandits","floor":20.0,"gold_loss":0.0,"damage_taken":0.0},{"damage_healed":0.0,"max_hp_gain":0.0,"max_hp_loss":0.0,"gold_gain":0.0,"event_name":"Cursed Tome","player_choice":"Obtained Book","floor":22.0,"gold_loss":0.0,"damage_taken":21.0},{"cards_removed":["AsteroidBelt"],"damage_healed":0.0,"max_hp_gain":0.0,"max_hp_loss":0.0,"gold_gain":0.0,"event_name":"Beggar","player_choice":"Gave Gold","floor":24.0,"gold_loss":75.0,"damage_taken":0.0},{"damage_healed":0.0,"max_hp_gain":0.0,"max_hp_loss":0.0,"gold_gain":0.0,"event_name":"Addict","player_choice":"Obtained Relic","floor":25.0,"gold_loss":85.0,"damage_taken":0.0,"relics_obtained":["CeramicFish"]},{"damage_healed":0.0,"max_hp_gain":0.0,"max_hp_loss":0.0,"gold_gain":0.0,"event_name":"Ghosts","player_choice":"Ignored","floor":27.0,"gold_loss":0.0,"damage_taken":0.0},{"damage_healed":0.0,"max_hp_gain":0.0,"max_hp_loss":0.0,"gold_gain":0.0,"event_name":"OrinTheCat","player_choice":"Fight","floor":37.0,"gold_loss":0.0,"damage_taken":0.0},{"damage_healed":0,"gold_gain":0,"player_choice":"Memory 3","damage_taken":10,"max_hp_gain":0,"max_hp_loss":0,"event_name":"SensoryStone","floor":38,"gold_loss":0},{"cards_removed":["Singularity"],"damage_healed":0,"gold_gain":0,"player_choice":"Removed Power","damage_taken":0,"max_hp_gain":0,"max_hp_loss":0,"event_name":"Falling","floor":39,"gold_loss":0},{"damage_healed":0,"gold_gain":0,"player_choice":"Max HP","damage_taken":0,"max_hp_gain":0,"max_hp_loss":4,"event_name":"Winding Halls","floor":48,"gold_loss":0}],"is_beta":false,"boss_relics":[{"not_picked":["Pandora\u0027s Box","SlaversCollar"],"picked":"Black Star"},{"not_picked":["Busted Crown","Cursed Key"],"picked":"BewitchedHakkero"}],"items_purged_floors":[8,11,19,19],"is_endless":false,"potions_floor_spawned":[3,4,6,7,18,31,33,36],"ascension_level":20}}