{"host":"udzsrhbqdxqtlypj","time":1609430260,"event":{"mods":["BaseMod","Minty Spire (QoL Compilation)","Relic Stats"],"gold_per_floor":[369,41,59,79,96,96,129,129,129,160,160,189,199,216,216,319,319,332,343,343,359,359,388,388,418,471,471,471,505,136,167,167,263,263,275,275,21,46,56,83,83,108,108,108,134,187,43,43,43,43,43,43,43,72,72],"floor_reached":56,"playtime":3327,"items_purged":["Doubt"],"score":2011,"play_id":"f77c56b1-2bc0-496c-9c25-ffbc6b07c49d","local_time":"20201231095740","is_ascension_mode":true,"campfire_choices":[{"data":"Perfected Strike","floor":6,"key":"SMITH"},{"data":"Shockwave","floor":11,"key":"SMITH"},{"data":"Bash","floor":15,"key":"SMITH"},{"data":"Shrug It Off","floor":24,"key":"SMITH"},{"data":"Blind","floor":28,"key":"SMITH"},{"data":"Demon Form","floor":32,"key":"SMITH"},{"data":"Ghostly","floor":41,"key":"SMITH"},{"floor":44,"key":"RECALL"},{"data":"Disarm","floor":49,"key":"SMITH"},{"data":"Ghostly","floor":52,"key":"SMITH"}],"circlet_count":0,"master_deck":["AscendersBane","Strike_R+1","Strike_R+1","Strike_R+1","Strike_R+1","Strike_R+1","Defend_R+1","Defend_R+1","Defend_R+1","Defend_R+1","Pommel Strike+1","Perfected Strike+1","Twin Strike","Cleave","Shockwave+1","Shrug It Off+1","Fiend Fire+1","Flame Barrier+1","Ghostly+1","Ghostly+1","Ghostly","Ghostly","Ghostly","Blind+1","Demon Form+1","Feed+1","Armaments+1","Offering","Shrug It Off+1","Heavy Blade+1","Impervious","Offering","Disarm+1"],"relics":["Burning Blood","Singing Bowl","Bronze Scales","Pen Nib","Molten Egg 2","Ginger","Mark of Pain","Juzu Bracelet","Thread and Needle","Boot","Red Mask","Orrery","Pear","Runic Pyramid","Paper Frog","Orichalcum","Regal Pillow","Mercury Hourglass","Dream Catcher","Du-Vu Doll","Art of War","Bottled Lightning"],"acts_visited":["Exordium","TheCity","TheBeyond","TheEnding"],"potions_floor_usage":[7,10,16,19,23,23,33,46,55,55],"damage_taken":[{"damage":14,"enemies":"Cultist","floor":1,"turns":5},{"damage":9,"enemies":"Jaw Worm","floor":3,"turns":3},{"damage":0,"enemies":"Small Slimes","floor":4,"turns":3},{"damage":6,"enemies":"Exordium Thugs","floor":5,"turns":3},{"damage":20,"enemies":"3 Sentries","floor":7,"turns":4},{"damage":30,"enemies":"Lagavulin","floor":10,"turns":5},{"damage":20,"enemies":"3 Sentries","floor":12,"turns":5},{"damage":6,"enemies":"Exordium Wildlife","floor":13,"turns":2},{"damage":3,"enemies":"Looter","floor":14,"turns":2},{"damage":20,"enemies":"The Guardian","floor":16,"turns":8},{"damage":0,"enemies":"Chosen","floor":18,"turns":3},{"damage":0,"enemies":"3 Byrds","floor":19,"turns":3},{"damage":5,"enemies":"3 Cultists","floor":21,"turns":4},{"damage":1,"enemies":"Gremlin Leader","floor":23,"turns":7},{"damage":19,"enemies":"Book of Stabbing","floor":25,"turns":7},{"damage":0,"enemies":"Masked Bandits","floor":29,"turns":4},{"damage":6,"enemies":"Slavers","floor":31,"turns":5},{"damage":4,"enemies":"Champ","floor":33,"turns":8},{"damage":2,"enemies":"3 Shapes","floor":35,"turns":4},{"damage":0,"enemies":"Orb Walker","floor":39,"turns":3},{"damage":2,"enemies":"Nemesis","floor":40,"turns":7},{"damage":28,"enemies":"Giant Head","floor":42,"turns":8},{"damage":1,"enemies":"Nemesis","floor":45,"turns":7},{"damage":2,"enemies":"2 Orb Walkers","floor":46,"turns":6},{"damage":6,"enemies":"Awakened One","floor":50,"turns":12},{"damage":1,"enemies":"Shield and Spear","floor":54,"turns":6},{"damage":91,"enemies":"The Heart","floor":55,"turns":10}],"seed_played":"8087868794509230001","potions_obtained":[{"floor":1,"key":"BlessingOfTheForge"},{"floor":5,"key":"Explosive Potion"},{"floor":10,"key":"BloodPotion"},{"floor":13,"key":"Swift Potion"},{"floor":16,"key":"EssenceOfSteel"},{"floor":18,"key":"Energy Potion"},{"floor":21,"key":"DistilledChaos"},{"floor":29,"key":"LiquidBronze"},{"floor":31,"key":"SkillPotion"},{"floor":35,"key":"Weak Potion"},{"floor":40,"key":"AttackPotion"},{"floor":42,"key":"Energy Potion"},{"floor":46,"key":"Fire Potion"}],"is_trial":false,"path_per_floor":["M","$","M","M","M","R","E","?","T","E","R","E","M","M","R","B",null,"M","M","?","M","?","E","R","E","T","?","R","?","$","E","R","B",null,"M","?","$","T","M","E","R","E","T","R","E","?","$","?","R","B",null,"R","$","E","B",null],"character_chosen":"IRONCLAD","items_purchased":["Singing Bowl","Demon Form","Feed+1","Orrery","Paper Frog","Art of War"],"campfire_rested":0,"item_purchase_floors":[2,30,30,30,37,47],"current_hp_per_floor":[64,64,61,67,67,67,55,55,55,31,31,19,19,24,24,27,71,79,85,44,46,46,48,48,37,37,37,37,45,49,59,59,61,65,72,72,72,72,74,80,80,60,60,60,71,79,79,79,79,83,93,93,93,102,17],"gold":72,"neow_bonus":"TWO_FIFTY_GOLD","is_daily":false,"chose_seed":false,"campfire_upgraded":9,"win_rate":0.0,"timestamp":1609430260,"path_taken":["M","$","M","?","M","R","E","?","T","E","R","E","M","M","R","BOSS","M","M","?","M","?","E","R","E","T","?","R","?","$","E","R","BOSS","M","?","$","?","M","E","R","E","T","R","E","?","$","?","R","BOSS","R","$","E","BOSS"],"items_purchased_type":["Relic","Card","Card","Relic","Relic","Relic"],"build_version":"2020-12-22","purchased_purges":1,"victory":true,"max_hp_per_floor":[80,80,80,80,80,80,82,82,82,82,82,84,84,86,86,86,86,88,88,44,46,46,48,48,50,50,50,50,52,56,66,66,66,66,72,72,72,72,74,80,80,82,82,82,88,92,92,92,92,96,96,96,96,102,102],"relic_stats":{"Regal Pillow":0,"Singing Bowl":32,"counters":[27,144],"Pen Nib":[18],"Juzu Bracelet":1,"Ginger":[12],"Orichalcum":[96],"Boot":[24],"Burning Blood":141,"Mercury Hourglass":[149],"Dream Catcher":0,"Bronze Scales":[574],"Art of War":[7],"obtain_stats":[{"Regal Pillow":42,"Pear":31,"Singing Bowl":2,"Thread and Needle":25,"Pen Nib":9,"Juzu Bracelet":23,"Ginger":12,"Orichalcum":40,"Boot":26,"Burning Blood":0,"Mercury Hourglass":43,"Du-Vu Doll":46,"Dream Catcher":45,"Bronze Scales":7,"Orrery":30,"Molten Egg 2":10,"Mark of Pain":17,"Red Mask":29,"Art of War":47,"Bottled Lightning":54,"Runic Pyramid":34,"Paper Frog":37},{"Regal Pillow":22,"Pear":17,"Singing Bowl":1,"Thread and Needle":15,"Pen Nib":5,"Juzu Bracelet":14,"Ginger":7,"Orichalcum":21,"Boot":15,"Burning Blood":0,"Mercury Hourglass":22,"Du-Vu Doll":24,"Dream Catcher":23,"Bronze Scales":5,"Orrery":16,"Molten Egg 2":6,"Mark of Pain":10,"Red Mask":16,"Art of War":24,"Bottled Lightning":26,"Runic Pyramid":18,"Paper Frog":19},{"Regal Pillow":103,"Pear":73,"Singing Bowl":5,"Thread and Needle":64,"Pen Nib":18,"Juzu Bracelet":57,"Ginger":28,"Orichalcum":95,"Boot":64,"Burning Blood":0,"Mercury Hourglass":103,"Du-Vu Doll":116,"Dream Catcher":110,"Bronze Scales":18,"Orrery":68,"Molten Egg 2":23,"Mark of Pain":40,"Red Mask":68,"Art of War":116,"Bottled Lightning":134,"Runic Pyramid":81,"Paper Frog":85}]},"card_choices":[{"not_picked":["True Grit","Dark Embrace"],"picked":"Pommel Strike","floor":1},{"not_picked":["Spot Weakness","Battle Trance"],"picked":"Perfected Strike","floor":3},{"not_picked":["Sword Boomerang","Flex"],"picked":"Twin Strike","floor":4},{"not_picked":["Flex","Wild Strike"],"picked":"Cleave","floor":5},{"not_picked":["Iron Wave","Intimidate","Anger"],"picked":"Singing Bowl","floor":7},{"not_picked":["Uppercut+1","Battle Trance"],"picked":"Shockwave","floor":10},{"not_picked":["Spot Weakness","Sever Soul+1","Double Tap"],"picked":"Singing Bowl","floor":12},{"not_picked":["Sentinel","Armaments"],"picked":"Shrug It Off","floor":13},{"not_picked":["Anger+1","Feel No Pain","Wild Strike+1"],"picked":"Singing Bowl","floor":14},{"not_picked":["Brutality","Offering"],"picked":"Fiend Fire+1","floor":16},{"not_picked":["Burning Pact","Sentinel","Rampage+1"],"picked":"Singing Bowl","floor":18},{"not_picked":["Infernal Blade","Disarm"],"picked":"Flame Barrier+1","floor":19},{"not_picked":["Hemokinesis+1","Headbutt+1","Rampage+1"],"picked":"Singing Bowl","floor":21},{"not_picked":["Sword Boomerang+1","Uppercut+1","Entrench"],"picked":"Singing Bowl","floor":23},{"not_picked":["Double Tap","Armaments","Twin Strike+1"],"picked":"Singing Bowl","floor":25},{"not_picked":["Shrug It Off","Rupture+1","Heavy Blade+1"],"picked":"Singing Bowl","floor":29},{"not_picked":["Burning Pact","Shrug It Off"],"picked":"Armaments+1","floor":30},{"not_picked":["Hemokinesis+1","True Grit"],"picked":"Offering","floor":30},{"not_picked":["Twin Strike+1","Metallicize+1"],"picked":"Shrug It Off+1","floor":30},{"not_picked":["Power Through","Headbutt+1","Clothesline+1"],"picked":"Singing Bowl","floor":30},{"not_picked":["Flex+1","Warcry","Whirlwind+1"],"picked":"Singing Bowl","floor":30},{"not_picked":["Juggernaut","Evolve"],"picked":"Heavy Blade+1","floor":31},{"not_picked":["Exhume","Demon Form"],"picked":"Impervious","floor":33},{"not_picked":["Iron Wave+1","Sentinel","Warcry"],"picked":"Singing Bowl","floor":35},{"not_picked":["Shrug It Off+1","Second Wind+1","Havoc"],"picked":"Singing Bowl","floor":39},{"not_picked":["Shockwave+1","Pummel+1","Flame Barrier"],"picked":"Singing Bowl","floor":40},{"not_picked":["Metallicize+1","Rage+1","True Grit"],"picked":"Singing Bowl","floor":42},{"not_picked":["Shockwave","Thunderclap+1","Intimidate+1"],"picked":"Singing Bowl","floor":45},{"not_picked":["Sword Boomerang+1","Offering"],"picked":"Disarm","floor":46},{"not_picked":["Shrug It Off","Wild Strike+1","Warcry"],"picked":"Singing Bowl","floor":54}],"player_experience":2772176,"relics_obtained":[{"floor":7,"key":"Bronze Scales"},{"floor":9,"key":"Pen Nib"},{"floor":10,"key":"Molten Egg 2"},{"floor":12,"key":"Ginger"},{"floor":23,"key":"Juzu Bracelet"},{"floor":25,"key":"Thread and Needle"},{"floor":26,"key":"Boot"},{"floor":29,"key":"Red Mask"},{"floor":31,"key":"Pear"},{"floor":40,"key":"Orichalcum"},{"floor":42,"key":"Regal Pillow"},{"floor":43,"key":"Mercury Hourglass"},{"floor":45,"key":"Dream Catcher"},{"floor":46,"key":"Du-Vu Doll"},{"floor":54,"key":"Bottled Lightning"}],"event_choices":[{"damage_healed":0,"gold_gain":0,"player_choice":"Grow","damage_taken":0,"max_hp_gain":0,"max_hp_loss":0,"event_name":"Living Wall","floor":8,"gold_loss":0,"cards_upgraded":["Pommel Strike"]},{"damage_healed":0,"gold_gain":0,"player_choice":"Became a Ghost","damage_taken":0,"max_hp_gain":0,"max_hp_loss":44,"event_name":"Ghosts","floor":20,"gold_loss":0,"cards_obtained":["Ghostly","Ghostly","Ghostly","Ghostly","Ghostly"]},{"damage_healed":0,"gold_gain":0,"player_choice":"Simplicity","damage_taken":0,"max_hp_gain":0,"max_hp_loss":0,"event_name":"Back to Basics","floor":22,"gold_loss":0,"cards_upgraded":["Strike_R","Strike_R","Strike_R","Strike_R","Strike_R","Defend_R","Defend_R","Defend_R","Defend_R"]},{"damage_healed":0,"gold_gain":0,"player_choice":"1 cards matched","damage_taken":0,"max_hp_gain":0,"max_hp_loss":0,"event_name":"Match and Keep!","floor":27,"gold_loss":0,"cards_obtained":["Blind"]},{"damage_healed":0,"gold_gain":0,"player_choice":"Fought Bandits","damage_taken":0,"max_hp_gain":0,"max_hp_loss":0,"event_name":"Masked Bandits","floor":29,"gold_loss":0},{"damage_healed":0,"gold_gain":0,"player_choice":"Copied","damage_taken":0,"max_hp_gain":0,"max_hp_loss":0,"event_name":"Duplicator","floor":36,"gold_loss":0,"cards_obtained":["Offering"]},{"damage_healed":0,"gold_gain":0,"player_choice":"Fight","damage_taken":0,"max_hp_gain":0,"max_hp_loss":0,"event_name":"Mysterious Sphere","floor":46,"gold_loss":0},{"cards_removed":["Bash"],"damage_healed":0,"gold_gain":0,"player_choice":"Removed Attack","damage_taken":0,"max_hp_gain":0,"max_hp_loss":0,"event_name":"Falling","floor":48,"gold_loss":0}],"is_beta":false,"boss_relics":[{"not_picked":["Black Blood","Runic Cube"],"picked":"Mark of Pain"},{"not_picked":["Coffee Dripper","Astrolabe"],"picked":"Runic Pyramid"}],"items_purged_floors":[2],"is_endless":false,"potions_floor_spawned":[1,5,10,13,16,18,21,29,31,35,40,42,46,54],"ascension_level":10}}