{"host":"873t0y8ybyo38pfq","time":1609431321,"event":{"mods":["BaseMod","Bestiary","Colored Map","Colored Powertips","Highlight Path","Minty Spire (QoL Compilation)","Quick Restart","RNG Fix","Rare Cards Sparkle","Relic Stats","StSLib"],"gold_per_floor":[19,19,33,33,46,75,75,75,75,75,75],"floor_reached":10,"playtime":619,"items_purged":[],"score":132,"play_id":"bbc3556a-7bad-4780-b0c6-ce7e17ddc620","local_time":"20201231111521","is_ascension_mode":true,"campfire_choices":[{"data":"Consume","floor":8,"key":"SMITH"}],"circlet_count":0,"master_deck":["AscendersBane","Strike_B","Defend_B","Defend_B","Defend_B","Defend_B","Zap","Dualcast","Hello World","White Noise","Darkness","Consume+1","Coolheaded","Seek"],"relics":["Cracked Core","Molten Egg 2","Lantern"],"acts_visited":["Exordium"],"potions_floor_usage":[6],"damage_taken":[{"damage":6,"enemies":"2 Louse","floor":1,"turns":3},{"damage":2,"enemies":"Jaw Worm","floor":3,"turns":4},{"damage":1,"enemies":"Cultist","floor":5,"turns":3},{"damage":15,"enemies":"Lagavulin","floor":6,"turns":5},{"damage":35,"enemies":"Gremlin Nob","floor":10,"turns":3}],"seed_played":"-6072222426815803211","potions_obtained":[{"floor":3,"key":"FocusPotion"}],"is_trial":false,"path_per_floor":["M","?","M","$","M","E","T","R","T","E"],"character_chosen":"DEFECT","items_purchased":[],"campfire_rested":0,"item_purchase_floors":[],"current_hp_per_floor":[58,51,49,49,48,33,33,33,33,0,0],"gold":75,"neow_bonus":"TRANSFORM_TWO_CARDS","is_daily":false,"chose_seed":false,"campfire_upgraded":1,"win_rate":0.0,"timestamp":1609431321,"path_taken":["M","?","M","?","M","E","?","R","T","E"],"items_purchased_type":[],"build_version":"2020-12-22","purchased_purges":0,"victory":false,"max_hp_per_floor":[71,71,71,71,71,71,71,71,71,71,71],"relic_stats":{"counters":[5,18],"obtain_stats":[{"Lantern":7,"Molten Egg 2":6,"Cracked Core":0},{"Lantern":4,"Molten Egg 2":4,"Cracked Core":0},{"Lantern":15,"Molten Egg 2":15,"Cracked Core":0}]},"card_choices":[{"not_picked":["Compile Driver","Chill"],"picked":"Darkness","floor":1},{"not_picked":["Stack","Scrape"],"picked":"Consume","floor":3},{"not_picked":["Ball Lightning","Chaos"],"picked":"Coolheaded","floor":5},{"not_picked":["Scrape+1","Ball Lightning+1"],"picked":"Seek","floor":6}],"player_experience":1446037,"relics_obtained":[{"floor":6,"key":"Molten Egg 2"},{"floor":7,"key":"Lantern"}],"event_choices":[{"cards_removed":["Strike_B"],"damage_healed":0,"gold_gain":0,"player_choice":"Card Removal","damage_taken":7,"max_hp_gain":0,"max_hp_loss":0,"event_name":"Golden Wing","floor":2,"gold_loss":0}],"is_beta":false,"boss_relics":[],"items_purged_floors":[],"is_endless":false,"potions_floor_spawned":[3],"killed_by":"Gremlin Nob","ascension_level":20}}