{"host":"c95txy58ipbu969e","time":1609415786,"event":{"mods":["Act Like it!","BaseMod","Downfall","Minty Spire (QoL Compilation)","Quick Restart","Replay The Spire","StSLib","vexMod"],"gold_per_floor":[99,99,99,99,114,114,165,181,191,219,230,230,258,276,293,392,392,392,406,423,117,134,134,157,67,80,80,96,96,113,143,162,265,265,265,281,13,23,23,35,35,73,85,100,129,140,140,140,159,159],"floor_reached":51,"playtime":4780,"items_purged":["champ:Defend","champ:Defend","champ:Strike"],"score":965,"play_id":"47df4b85-b616-46fd-9b18-e107d2053fda","local_time":"20201231195626","is_ascension_mode":false,"campfire_choices":[{"data":"champ:Taunt","floor":1.0,"key":"SMITH"},{"data":"champ:Improvising","floor":18.0,"key":"SMITH"},{"data":"champ:VampiricStrike","floor":27.0,"key":"SMITH"},{"data":"champ:Improvising","floor":35.0,"key":"SMITH"},{"data":"Crow Ritual","floor":47,"key":"SMITH"}],"circlet_count":0,"master_deck":["champ:Strike","champ:Execute","champ:Taunt+1","champ:AdrenalArmor","champ:AdrenalArmor","champ:Control","champ:VampiricStrike+1","champ:BerserkersShout","champ:AdrenalArmor","champ:Improvising+1","CurseOfTheBell","champ:DeathBlow","champ:BerserkerStyle","champ:IgnorePain+1","champ:StrikeOfGenius","champ:ArenaPreparation","champ:Improvising+1","Crow Ritual+1"],"relics":["champ:ChampionCrown","downfall:HeartsMalice","Replay:Rubber Ducky","Quantum Egg","Replay:Grab Bag","SlaversCollar","Coffee Dripper","Runic Pyramid","Calling Bell","vexMod:RetaliationKit","Kunai","Happy Flower","Guardian:BottledAnomaly","Omamori","Replay:Mystery Machine","Replay:Bronze Core","vexMod:FocusSash","Sundial","Bag of Marbles"],"acts_visited":["Exordium","TheCity","TheBeyond"],"potions_floor_usage":[],"damage_taken":[{"damage":0.0,"enemies":"Cultist","floor":2.0,"turns":1.0},{"damage":0.0,"enemies":"Jaw Worm","floor":3.0,"turns":1.0},{"damage":0.0,"enemies":"2 Louse","floor":4.0,"turns":1.0},{"damage":32.0,"enemies":"2 Fungi Beasts","floor":5.0,"turns":7.0},{"damage":24.0,"enemies":"Exordium Thugs","floor":8.0,"turns":7.0},{"damage":14.0,"enemies":"2 Fungi Beasts","floor":9.0,"turns":4.0},{"damage":59.0,"enemies":"Lagavulin","floor":10.0,"turns":7.0},{"damage":50.0,"enemies":"Large Slime","floor":11.0,"turns":10.0},{"damage":50.0,"enemies":"Gremlin Nob","floor":13.0,"turns":4.0},{"damage":54.0,"enemies":"Red Slaver","floor":14.0,"turns":8.0},{"damage":31.0,"enemies":"Gremlin Gang","floor":15.0,"turns":4.0},{"damage":140.0,"enemies":"downfall:Defect","floor":16.0,"turns":10.0},{"damage":57.0,"enemies":"3 Byrds","floor":19.0,"turns":8.0},{"damage":69.0,"enemies":"Chosen","floor":20.0,"turns":9.0},{"damage":28.0,"enemies":"downfall:FleeingMerchant","floor":21.0,"turns":4.0},{"damage":27.0,"enemies":"Snake Plant","floor":22.0,"turns":4.0},{"damage":44.0,"enemies":"downfall:FleeingMerchant","floor":25.0,"turns":4.0},{"damage":80.0,"enemies":"Centurion and Healer","floor":26.0,"turns":8.0},{"damage":50.0,"enemies":"Cultist and Chosen","floor":28.0,"turns":6.0},{"damage":89.0,"enemies":"Cultist and Chosen","floor":29.0,"turns":5.0},{"damage":52.0,"enemies":"Sentry and Sphere","floor":30.0,"turns":4.0},{"damage":62.0,"enemies":"Book of Stabbing","floor":31.0,"turns":4.0},{"damage":94.0,"enemies":"Shelled Parasite and Fungi","floor":32.0,"turns":4.0},{"damage":116.0,"enemies":"downfall:Silent","floor":33.0,"turns":8.0},{"damage":52.0,"enemies":"3 Darklings","floor":36.0,"turns":4.0},{"damage":53.0,"enemies":"downfall:FleeingMerchant","floor":37.0,"turns":5.0},{"damage":62.0,"enemies":"3 Shapes","floor":38.0,"turns":4.0},{"damage":67,"enemies":"Jaw Worm Horde","floor":40,"turns":4},{"damage":58,"enemies":"downfall:FleeingMerchant","floor":42,"turns":4},{"damage":119,"enemies":"Transient","floor":43,"turns":5},{"damage":42,"enemies":"Maw","floor":44,"turns":5},{"damage":76,"enemies":"Giant Head","floor":45,"turns":6},{"damage":51,"enemies":"Jaw Worm Horde","floor":46,"turns":4},{"damage":86,"enemies":"Spire Growth","floor":49,"turns":6},{"damage":53,"enemies":"downfall:Watcher","floor":50,"turns":5}],"seed_played":"6761860703143647357","potions_obtained":[{"floor":5.0,"key":"DuplicationPotion"},{"floor":9.0,"key":"AttackPotion"},{"floor":10.0,"key":"DuplicationPotion"},{"floor":11.0,"key":"PowerPotion"},{"floor":13.0,"key":"Elixir"},{"floor":15.0,"key":"Flashbang"},{"floor":20.0,"key":"Adrenaline Potion"},{"floor":28.0,"key":"SteroidPotion"},{"floor":32.0,"key":"PowerPotion"}],"is_trial":false,"path_per_floor":["R","M","M","M","M","?","T","M","M","E","M","?","E","M","M","B",null,"R","M","M","$","M","?","T","$","M","R","M","?","M","E","M","B",null,"R","M","$","M","?","M","T","$","M","M","E","M","R","?","M","B",null],"character_chosen":"THE_CHAMP","items_purchased":["champ:IgnorePain","Guardian:BottledAnomaly","vexMod:FocusSash","Crow Ritual"],"campfire_rested":0,"item_purchase_floors":[21,21,37,42],"current_hp_per_floor":[90,90,90,90,94,94,94,93,92,69,76,76,77,95,94,50,95,95,95,95,95,95,95,95,95,95,95,95,95,95,95,95,95,95,95,95,95,95,95,95,95,95,95,94,95,95,95,95,95,95],"gold":159,"neow_bonus":"THREE_ENEMY_KILL","is_daily":false,"chose_seed":false,"campfire_upgraded":5,"win_rate":0.0,"timestamp":1609415786,"path_taken":["R","M","M","?","M","?","T","M","M","E","?","?","E","M","M","BOSS","R","M","M","$","M","?","T","$","M","R","M","?","M","E","M","BOSS","R","M","$","M","?","M","T","?","M","M","E","M","R","?","M","BOSS"],"items_purchased_type":["Card","Relic","Relic","Card"],"build_version":"2020-12-22","purchased_purges":3,"victory":true,"max_hp_per_floor":[90,90,90,90,95,95,95,95,95,95,95,95,95,95,95,95,95,95,95,95,95,95,95,95,95,95,95,95,95,95,95,95,95,95,95,95,95,95,95,95,95,95,95,95,95,95,95,95,95,95],"card_choices":[{"not_picked":["champ:FaceSlap","champ:Backstep"],"picked":"champ:AdrenalArmor","floor":2.0},{"not_picked":["champ:RisingSlash","champ:Backstep"],"picked":"champ:AdrenalArmor","floor":3.0},{"not_picked":["champ:DefensiveShout","champ:AdrenalArmor"],"picked":"champ:FightOn","floor":4.0},{"not_picked":["champ:GutPunch","champ:BladeFlurry","champ:TornadoPunch"],"picked":"SKIP","floor":5.0},{"not_picked":["champ:BladeFlurry","champ:FocusedDefense"],"picked":"champ:Control","floor":8.0},{"not_picked":["champ:EnragedBash","champ:DefensiveShout","champ:Balance"],"picked":"SKIP","floor":9.0},{"not_picked":["champ:Circumvent","champ:BladeFlurry"],"picked":"champ:VampiricStrike","floor":10.0},{"not_picked":["champ:PreciseThrust","champ:BladeFlurry"],"picked":"champ:BerserkersShout","floor":11.0},{"not_picked":["champ:FocusedGladiator","champ:DefensiveShout","champ:RisingSlash"],"picked":"SKIP","floor":13.0},{"not_picked":["champ:SkillfulDodge","champ:Haymaker"],"picked":"champ:AdrenalArmor","floor":14.0},{"not_picked":["champ:FlashCut","champ:HeartStrike","champ:ViciousMockery"],"picked":"SKIP","floor":15.0},{"not_picked":["champ:ShieldSlam","champ:CrownThrow"],"picked":"champ:Improvising","floor":16.0},{"not_picked":["champ:BerserkersShout","champ:PerfectedStrike+1","champ:TornadoPunch"],"picked":"SKIP","floor":19.0},{"not_picked":["champ:AdrenalArmor","champ:TornadoPunch"],"picked":"champ:DeathBlow","floor":20.0},{"not_picked":["champ:AdrenalArmor+1","champ:Control"],"picked":"champ:BerserkerStyle","floor":21.0},{"not_picked":["champ:TornadoPunch","champ:GutPunch+1","champ:DefensiveShout"],"picked":"SKIP","floor":22.0},{"not_picked":["champ:FlashCut+1","champ:BerserkersShout"],"picked":"champ:StrikeOfGenius","floor":25.0},{"not_picked":["champ:GutPunch+1","champ:RapidStrikes","champ:BerserkersShout"],"picked":"SKIP","floor":26.0},{"not_picked":["champ:GladiatorsShout","champ:FlashCut"],"picked":"champ:ArenaPreparation","floor":28.0},{"not_picked":["champ:IronFortress","champ:Backstep","champ:Balance"],"picked":"SKIP","floor":30.0},{"not_picked":["champ:Riposte+1","champ:Duel+1","champ:Circumvent+1"],"picked":"SKIP","floor":31.0},{"not_picked":["champ:ArenaPreparation","champ:AdrenalArmor","champ:FlashCut+1"],"picked":"SKIP","floor":32.0},{"not_picked":["champ:StrikeOfGenius","champ:MurderStrike"],"picked":"champ:Improvising","floor":33.0},{"not_picked":["champ:PerfectedStrike","champ:GladiatorsShout","champ:GladiatorStyle+1"],"picked":"SKIP","floor":36.0},{"not_picked":["champ:Haymaker","champ:EnGarde","champ:GladiatorsShout+1"],"picked":"SKIP","floor":37.0},{"not_picked":["champ:RisingSlash+1","champ:FanOfKnives","champ:DefensiveStyle+1"],"picked":"SKIP","floor":38.0},{"not_picked":["champ:FanOfKnives+1","champ:PerfectedStrike+1","champ:EndlessRage"],"picked":"SKIP","floor":40},{"not_picked":["champ:Duel+1","champ:Backstep+1","champ:Circumvent+1"],"picked":"SKIP","floor":42},{"not_picked":["champ:ArenaPreparation","champ:EndlessRage+1","champ:AdrenalArmor"],"picked":"SKIP","floor":43},{"not_picked":["champ:PerfectForm","champ:StanceDance","champ:BerserkersShout"],"picked":"SKIP","floor":44},{"not_picked":["champ:DefensiveShout","champ:CrookedStrike","champ:GladiatorsShout"],"picked":"SKIP","floor":45},{"not_picked":["champ:Backstep","champ:PerfectedStrike","champ:StanceDance"],"picked":"SKIP","floor":46},{"not_picked":["champ:CrookedStrike+1","champ:SkillfulDodge+1","champ:FlashCut"],"picked":"SKIP","floor":49}],"player_experience":467749,"relics_obtained":[{"floor":10.0,"key":"Replay:Rubber Ducky"},{"floor":13.0,"key":"Quantum Egg"},{"floor":17.0,"key":"vexMod:RetaliationKit"},{"floor":17.0,"key":"Kunai"},{"floor":17.0,"key":"Happy Flower"},{"floor":24.0,"key":"Omamori"},{"floor":31.0,"key":"Replay:Mystery Machine"},{"floor":41,"key":"Sundial"},{"floor":45,"key":"Bag of Marbles"}],"event_choices":[{"cards_removed":["champ:Strike"],"damage_healed":0.0,"max_hp_gain":0.0,"max_hp_loss":0.0,"gold_gain":0.0,"event_name":"NoteForYourself","player_choice":"Took Card","floor":6.0,"gold_loss":0.0,"damage_taken":0.0,"cards_obtained":["champ:Strike"]},{"cards_removed":["champ:Strike"],"damage_healed":0.0,"max_hp_gain":0.0,"max_hp_loss":0.0,"gold_gain":0.0,"event_name":"The Cleric","player_choice":"Card Removal","floor":12.0,"gold_loss":0.0,"damage_taken":0.0},{"damage_healed":0,"gold_gain":0,"player_choice":"Ignored","damage_taken":0,"max_hp_gain":0,"max_hp_loss":0,"event_name":"Transmorgrifier","floor":39,"gold_loss":0}],"is_beta":false,"boss_relics":[{"not_picked":["Replay:Wanted Poster","Empty Cage"],"picked":"Replay:Grab Bag"},{"not_picked":["Cursed Key","Fusion Hammer"],"picked":"SlaversCollar"},{"not_picked":["vexMod:FluxCapacitor","Busted Crown"],"picked":"Coffee Dripper"},{"not_picked":["Kintsugi","Honey Jar"],"picked":"Runic Pyramid"},{"not_picked":["vexMod:ImprovementManual","SacredBark"],"picked":"Calling Bell"},{"not_picked":["Replay:Ancient Bell","Pandora\u0027s Box"],"picked":"Replay:Bronze Core"}],"items_purged_floors":[25,37,42],"is_endless":false,"potions_floor_spawned":[5,9,10,11,13,15,20,28,29,31,32,33,36,40,45,49],"ascension_level":0}}