{"host":"illcitrm55wwsa0m","time":1609439198,"event":{"mods":["AchievementEnabler","BaseMod","Colored Map","Minty Spire (QoL Compilation)","Quick Restart"],"gold_per_floor":[111,127,145,165,165,195,210,210,236,236,236],"floor_reached":10,"playtime":793,"items_purged":[],"score":74,"play_id":"a5d03875-26ae-43e1-b9df-274d4fffd520","local_time":"20201231192638","is_ascension_mode":true,"campfire_choices":[{"data":"Armaments","floor":8,"key":"SMITH"}],"circlet_count":0,"master_deck":["Strike_R","Strike_R","Strike_R","Defend_R","Defend_R","Defend_R","Defend_R","Bash","Armaments+1","Corruption","Disarm","Pommel Strike"],"relics":["Burning Blood","Calipers"],"acts_visited":["Exordium"],"potions_floor_usage":[6],"damage_taken":[{"damage":4,"enemies":"Jaw Worm","floor":1,"turns":5},{"damage":1,"enemies":"Cultist","floor":2,"turns":3},{"damage":2,"enemies":"Small Slimes","floor":3,"turns":3},{"damage":20,"enemies":"3 Louse","floor":4,"turns":6},{"damage":50,"enemies":"3 Sentries","floor":6,"turns":11},{"damage":2,"enemies":"2 Fungi Beasts","floor":7,"turns":7},{"damage":39,"enemies":"Gremlin Nob","floor":10,"turns":5}],"seed_played":"-3960948666905898164","potions_obtained":[{"floor":2,"key":"EssenceOfSteel"},{"floor":6,"key":"Ancient Potion"}],"is_trial":false,"path_per_floor":["M","M","M","M","?","E","M","R","T","E"],"character_chosen":"IRONCLAD","items_purchased":[],"campfire_rested":0,"item_purchase_floors":[],"current_hp_per_floor":[80,80,80,66,66,22,26,26,26,0,0],"gold":236,"neow_bonus":"REMOVE_CARD","is_daily":false,"chose_seed":false,"campfire_upgraded":1,"win_rate":0.0,"timestamp":1609439198,"path_taken":["M","M","M","M","?","E","?","R","T","E"],"items_purchased_type":[],"build_version":"2020-12-22","purchased_purges":0,"victory":false,"max_hp_per_floor":[80,80,80,80,80,80,80,80,80,80,80],"card_choices":[{"not_picked":["Clothesline","Intimidate"],"picked":"Armaments","floor":1},{"not_picked":["Havoc","Entrench","Wild Strike"],"picked":"SKIP","floor":2},{"not_picked":["Anger","Burning Pact","Hemokinesis"],"picked":"SKIP","floor":3},{"not_picked":["Armaments","Thunderclap","Seeing Red"],"picked":"SKIP","floor":4},{"not_picked":["Armaments","Thunderclap","Seeing Red"],"picked":"SKIP","floor":4},{"not_picked":["Berserk","Sentinel"],"picked":"Disarm","floor":6},{"not_picked":["True Grit","Iron Wave"],"picked":"Pommel Strike","floor":7}],"player_experience":99441,"relics_obtained":[{"floor":6,"key":"Calipers"}],"event_choices":[{"damage_healed":0,"gold_gain":0,"cards_transformed":["Strike_R"],"player_choice":"Transformed","damage_taken":0,"max_hp_gain":0,"max_hp_loss":0,"event_name":"Transmorgrifier","floor":5,"gold_loss":0,"cards_obtained":["Corruption"]}],"is_beta":false,"boss_relics":[],"items_purged_floors":[],"is_endless":false,"potions_floor_spawned":[2,6],"killed_by":"Gremlin Nob","ascension_level":1}}