{"host":"daa8jqyg4gqfaysm","time":1609388797,"event":{"mods":["BaseMod","Colored Powertips","Minty Spire (QoL Compilation)","StSLib"],"gold_per_floor":[161,311,331,331,256,256,291,301,325,338,356,356,384,384,384,458,458,469,118,393,93,103,103,121,121,171,196,215,291,291,310,310,385,385,403,403,416,416,416,416,416,416],"floor_reached":41,"playtime":1417,"items_purged":["Strike_G","Regret"],"score":913,"play_id":"086e20f2-5749-457b-8606-b19081ad1c15","local_time":"20201231122637","is_ascension_mode":true,"campfire_choices":[{"data":"Neutralize","floor":6,"key":"SMITH"},{"data":"Bouncing Flask","floor":12,"key":"SMITH"},{"floor":15,"key":"REST"},{"data":"Apotheosis","floor":23,"key":"SMITH"},{"floor":25,"key":"REST"},{"floor":30,"key":"REST"},{"floor":32,"key":"RECALL"},{"floor":40,"key":"REST"}],"circlet_count":0,"master_deck":["AscendersBane","Strike_G+1","Strike_G+1","Defend_G","Defend_G","Defend_G","Defend_G","Survivor","Neutralize+1","Flying Knee","Backstab+1","Cloak And Dagger","Predator","Backflip","Bouncing Flask+1","Backstab","Corpse Explosion","Concentrate+1","PiercingWail","Deadly Poison","Apotheosis+1","Catalyst","Flechettes","Bullet Time","After Image+1","Concentrate+1","Setup+1","Bane+1","Catalyst"],"relics":["Tiny House","Smiling Mask","Blue Candle","Anchor","Runic Pyramid","Whetstone","Bronze Scales","Eternal Feather","Shuriken","Astrolabe"],"acts_visited":["Exordium","TheCity","TheBeyond"],"potions_floor_usage":[7,11,27,28,28,36],"damage_taken":[{"damage":2,"enemies":"Jaw Worm","floor":1,"turns":4},{"damage":1,"enemies":"2 Louse","floor":3,"turns":3},{"damage":8,"enemies":"Gremlin Nob","floor":7,"turns":3},{"damage":0,"enemies":"Small Slimes","floor":8,"turns":3},{"damage":9,"enemies":"Exordium Wildlife","floor":10,"turns":6},{"damage":0,"enemies":"Gremlin Gang","floor":11,"turns":4},{"damage":17,"enemies":"3 Sentries","floor":13,"turns":11},{"damage":9,"enemies":"Hexaghost","floor":16,"turns":9},{"damage":11,"enemies":"Shell Parasite","floor":18,"turns":6},{"damage":2,"enemies":"Chosen","floor":22,"turns":5},{"damage":0,"enemies":"Centurion and Healer","floor":24,"turns":3},{"damage":33,"enemies":"Slavers","floor":27,"turns":5},{"damage":7,"enemies":"Shelled Parasite and Fungi","floor":28,"turns":3},{"damage":4,"enemies":"Chosen and Byrds","floor":31,"turns":5},{"damage":27,"enemies":"Champ","floor":33,"turns":9},{"damage":5,"enemies":"Orb Walker","floor":35,"turns":4},{"damage":41,"enemies":"2 Orb Walkers","floor":36,"turns":4},{"damage":0,"enemies":"3 Shapes","floor":37,"turns":5},{"damage":70,"enemies":"Jaw Worm Horde","floor":41,"turns":4}],"seed_played":"-2910500495473701022","potions_obtained":[{"floor":0,"key":"EntropicBrew"},{"floor":3,"key":"FearPotion"},{"floor":8,"key":"PowerPotion"},{"floor":11,"key":"BlessingOfTheForge"},{"floor":13,"key":"Swift Potion"},{"floor":28,"key":"Ancient Potion"}],"is_trial":false,"path_per_floor":["M","?","M","?","?","R","E","M","T","M","M","R","E","?","R","B",null,"M","$","?","$","M","R","M","R","T","E","M","T","R","M","R","B",null,"M","?","M","?","?","R","M"],"character_chosen":"THE_SILENT","items_purchased":["PiercingWail","Deadly Poison","Apotheosis","Catalyst","Whetstone"],"campfire_rested":4,"item_purchase_floors":[19,19,19,21,21],"current_hp_per_floor":[62,62,61,66,66,66,58,58,58,49,49,49,32,6,28,19,62,51,51,51,51,49,49,49,71,71,38,31,31,68,64,76,49,69,64,23,23,23,23,60,0,0],"gold":416,"neow_bonus":"BOSS_RELIC","is_daily":false,"chose_seed":false,"campfire_upgraded":3,"win_rate":0.0,"timestamp":1609388797,"path_taken":["M","?","M","?","?","R","E","M","T","M","M","R","E","?","R","BOSS","M","$","?","$","M","R","M","R","T","E","?","?","R","M","R","BOSS","M","?","M","?","?","R","M"],"items_purchased_type":["Card","Card","Card","Card","Relic"],"build_version":"2020-12-22","purchased_purges":2,"victory":false,"max_hp_per_floor":[71,71,71,76,76,76,76,76,76,76,76,76,76,76,76,76,76,76,76,76,76,76,76,76,76,76,76,76,76,76,76,76,76,76,76,76,76,76,76,76,76,76],"card_choices":[{"not_picked":["Sucker Punch","Slice"],"picked":"Flying Knee","floor":0},{"not_picked":["Distraction","Flying Knee"],"picked":"Backstab","floor":1},{"not_picked":["Outmaneuver","Deflect"],"picked":"Cloak And Dagger","floor":3},{"not_picked":["Well Laid Plans","Envenom"],"picked":"Predator","floor":7},{"not_picked":["Riddle With Holes","Catalyst"],"picked":"Backflip","floor":8},{"not_picked":["Caltrops","Bane"],"picked":"Bouncing Flask","floor":10},{"not_picked":["Blade Dance","Expertise"],"picked":"Backstab","floor":11},{"not_picked":["Quick Slash","Night Terror"],"picked":"Corpse Explosion","floor":13},{"not_picked":["Deadly Poison","Calculated Gamble"],"picked":"Concentrate+1","floor":18},{"not_picked":["Sucker Punch+1","Underhanded Strike"],"picked":"Flechettes","floor":22},{"not_picked":["Flying Knee+1","Dagger Throw+1","Quick Slash"],"picked":"SKIP","floor":24},{"not_picked":["Deadly Poison","Infinite Blades","Heel Hook+1"],"picked":"SKIP","floor":27},{"not_picked":["Caltrops","Acrobatics","Expertise"],"picked":"SKIP","floor":28},{"not_picked":["Eviscerate","Riddle With Holes","Underhanded Strike"],"picked":"SKIP","floor":31},{"not_picked":["Doppelganger","Die Die Die"],"picked":"Bullet Time","floor":33},{"not_picked":["Deflect","Slice+1"],"picked":"Bane+1","floor":35},{"not_picked":["Dagger Throw","Poisoned Stab+1","Underhanded Strike+1"],"picked":"SKIP","floor":37}],"player_experience":763067,"relics_obtained":[{"floor":7,"key":"Smiling Mask"},{"floor":13,"key":"Blue Candle"},{"floor":26,"key":"Bronze Scales"},{"floor":27,"key":"Eternal Feather"},{"floor":29,"key":"Shuriken"}],"event_choices":[{"damage_healed":0,"gold_gain":150,"player_choice":"AGREE","damage_taken":0,"max_hp_gain":0,"max_hp_loss":0,"event_name":"Liars Game","floor":2,"gold_loss":0,"cards_obtained":["Doubt"]},{"damage_healed":0,"gold_gain":0,"player_choice":"Donut","damage_taken":0,"max_hp_gain":5,"max_hp_loss":0,"event_name":"Big Fish","floor":4,"gold_loss":0},{"cards_removed":["Doubt"],"damage_healed":0,"gold_gain":0,"player_choice":"Card Removal","damage_taken":0,"max_hp_gain":0,"max_hp_loss":0,"event_name":"The Cleric","floor":5,"gold_loss":75},{"damage_healed":0,"gold_gain":0,"player_choice":"Success","damage_taken":26,"relics_obtained":["Anchor"],"max_hp_gain":0,"max_hp_loss":0,"event_name":"Scrap Ooze","floor":14,"gold_loss":0},{"damage_healed":0,"gold_gain":275,"player_choice":"Desecrate","damage_taken":0,"max_hp_gain":0,"max_hp_loss":0,"event_name":"Golden Shrine","floor":20,"gold_loss":0,"cards_obtained":["Regret"]},{"damage_healed":0,"gold_gain":0,"player_choice":"Fight","damage_taken":0,"max_hp_gain":0,"max_hp_loss":0,"event_name":"Mysterious Sphere","floor":36,"gold_loss":0},{"damage_healed":0,"gold_gain":0,"player_choice":"Ignored","damage_taken":0,"max_hp_gain":0,"max_hp_loss":0,"event_name":"The Moai Head","floor":38,"gold_loss":0},{"damage_healed":0,"gold_gain":0,"player_choice":"Copied","damage_taken":0,"max_hp_gain":0,"max_hp_loss":0,"event_name":"Duplicator","floor":39,"gold_loss":0,"cards_obtained":["Catalyst"]}],"is_beta":false,"boss_relics":[{"not_picked":["Snecko Eye","Busted Crown"],"picked":"Runic Pyramid"},{"not_picked":["Empty Cage","Sozu"],"picked":"Astrolabe"}],"items_purged_floors":[19,21],"is_endless":false,"potions_floor_spawned":[3,8,11,13,18,28,35],"killed_by":"Jaw Worm Horde","ascension_level":20}}