{"host":"6r3ioyv75hs1gp74","time":1609447391,"event":{"mods":["AchievementEnabler","BaseMod","Better Third Choice","Colored Map","Colored Powertips","Minty Spire (QoL Compilation)","StSLib"],"gold_per_floor":[115,40,40,40,55,89,99,99,99,113,113,125,142,157,157,261,261,272,272,272,272,272,297,312,322,322,322,322,322],"floor_reached":28,"playtime":1555,"items_purged":["Defend_G"],"score":242,"play_id":"38b987c5-9d54-4d6f-a0fd-9953bf93507c","local_time":"20201231204311","is_ascension_mode":false,"campfire_choices":[{"floor":8,"key":"REST"},{"floor":15,"key":"REST"}],"circlet_count":0,"master_deck":["Strike_G","Strike_G","Strike_G","Strike_G","Strike_G","Defend_G","Defend_G","Defend_G","Defend_G","Survivor","Neutralize","Dagger Throw","Doom and Gloom","Dash","Doppelganger","Quick Slash","Dash","Prepared","Deflect","Blade Dance","Dodge and Roll","Flying Knee","Corpse Explosion","Dodge and Roll","Insight","Decay","All Out Attack","Blade Dance","Acrobatics+1","Insight"],"relics":["SlaversCollar","Du-Vu Doll","PreservedInsect","Girya","WristBlade","Lantern","Centennial Puzzle","Tiny Chest","Letter Opener"],"acts_visited":["Exordium","TheCity"],"potions_floor_usage":[10,11,16,16,25],"damage_taken":[{"damage":3,"enemies":"Small Slimes","floor":1,"turns":4},{"damage":6,"enemies":"Jaw Worm","floor":5,"turns":3},{"damage":21,"enemies":"Lagavulin","floor":6,"turns":8},{"damage":1,"enemies":"Cultist","floor":7,"turns":4},{"damage":0,"enemies":"Looter","floor":10,"turns":3},{"damage":0,"enemies":"Large Slime","floor":11,"turns":1},{"damage":2,"enemies":"Blue Slaver","floor":12,"turns":5},{"damage":2,"enemies":"3 Louse","floor":13,"turns":2},{"damage":10,"enemies":"Lots of Slimes","floor":14,"turns":2},{"damage":1,"enemies":"Hexaghost","floor":16,"turns":12},{"damage":5,"enemies":"3 Byrds","floor":18,"turns":4},{"damage":24,"enemies":"Slavers","floor":23,"turns":2},{"damage":11,"enemies":"Chosen","floor":24,"turns":4},{"damage":6,"enemies":"Snecko","floor":25,"turns":6},{"damage":24,"enemies":"Snake Plant","floor":28,"turns":2}],"seed_played":"5338181350962895689","potions_obtained":[{"floor":6,"key":"Dexterity Potion"},{"floor":7,"key":"Energy Potion"},{"floor":10,"key":"SmokeBomb"},{"floor":13,"key":"SpeedPotion"},{"floor":18,"key":"GamblersBrew"}],"is_trial":false,"path_per_floor":["M","$","?","?","M","E","M","R","T","M","M","M","M","M","R","B",null,"M","?","?","T","?","E","M","M","T","?","M"],"character_chosen":"THE_SILENT","items_purchased":[],"campfire_rested":2,"item_purchase_floors":[],"current_hp_per_floor":[67,67,35,35,29,8,7,28,28,28,28,26,24,14,35,34,70,65,65,65,65,65,41,30,24,24,24,0,0],"gold":322,"neow_bonus":"BOSS_RELIC","is_daily":false,"chose_seed":false,"campfire_upgraded":0,"win_rate":0.0,"timestamp":1609447391,"path_taken":["M","$","?","?","M","E","M","R","T","M","M","M","?","M","R","BOSS","M","?","?","?","?","E","?","M","T","?","M"],"items_purchased_type":[],"build_version":"2020-12-22","purchased_purges":1,"victory":false,"max_hp_per_floor":[70,70,70,70,70,70,70,70,70,70,70,70,70,70,70,70,70,70,70,70,70,70,70,70,70,70,70,70,70],"card_choices":[{"not_picked":["Outmaneuver","Deadly Poison"],"picked":"Dagger Throw","floor":1},{"not_picked":["Well Laid Plans","Escape Plan"],"picked":"Quick Slash","floor":5},{"not_picked":["Underhanded Strike","Finisher"],"picked":"Dash","floor":6},{"not_picked":["Bane","Predator"],"picked":"Prepared","floor":7},{"not_picked":["Calculated Gamble","Distraction"],"picked":"Deflect","floor":10},{"not_picked":["Accuracy","Distraction"],"picked":"Blade Dance","floor":12},{"not_picked":["PiercingWail","Burst"],"picked":"Dodge and Roll","floor":13},{"not_picked":["Bane","Heel Hook"],"picked":"Flying Knee","floor":14},{"not_picked":["Envenom","Tools of the Trade"],"picked":"Corpse Explosion","floor":16},{"not_picked":["PiercingWail","Backflip"],"picked":"Dodge and Roll","floor":18},{"not_picked":["Bane","Dodge and Roll"],"picked":"All Out Attack","floor":23},{"not_picked":["All Out Attack+1","Underhanded Strike"],"picked":"Blade Dance","floor":24},{"not_picked":["Skewer","Catalyst+1"],"picked":"Acrobatics+1","floor":25}],"player_experience":45244,"relics_obtained":[{"floor":6,"key":"PreservedInsect"},{"floor":9,"key":"Girya"},{"floor":21,"key":"Lantern"},{"floor":23,"key":"Tiny Chest"},{"floor":26,"key":"Letter Opener"}],"event_choices":[{"damage_healed":0,"gold_gain":0,"player_choice":"2 cards matched","damage_taken":0,"max_hp_gain":0,"max_hp_loss":0,"event_name":"Match and Keep!","floor":4,"gold_loss":0,"cards_obtained":["Dash","Doppelganger"]},{"damage_healed":0,"gold_gain":0,"player_choice":"Insight","damage_taken":0,"max_hp_gain":0,"max_hp_loss":0,"event_name":"betterThird:BetterWriting","floor":19,"gold_loss":0,"cards_obtained":["Insight"]},{"damage_healed":0,"gold_gain":0,"player_choice":"Smashed Altar","damage_taken":0,"max_hp_gain":0,"max_hp_loss":0,"event_name":"Forgotten Altar","floor":20,"gold_loss":0,"cards_obtained":["Decay"]},{"damage_healed":0,"gold_gain":0,"player_choice":"Opened","damage_taken":0,"relics_obtained":["Centennial Puzzle"],"max_hp_gain":0,"max_hp_loss":0,"event_name":"The Mausoleum","floor":22,"gold_loss":0},{"damage_healed":0,"gold_gain":0,"player_choice":"Copied","damage_taken":0,"max_hp_gain":0,"max_hp_loss":0,"event_name":"Duplicator","floor":27,"gold_loss":0,"cards_obtained":["Insight"]}],"is_beta":false,"boss_relics":[{"not_picked":["SacredBark","Velvet Choker"],"picked":"WristBlade"}],"items_purged_floors":[2],"is_endless":false,"potions_floor_spawned":[6,7,10,13,18],"killed_by":"Snake Plant","ascension_level":0}}