{"host":"5ffrjkuvgrxgllwx","time":1609374150,"event":{"mods":["AchievementEnabler","BaseMod","Colored Map","Colored Powertips","Minty Spire (QoL Compilation)","Quick Restart","Rare Cards Sparkle","StSLib","everything is the same but u backflip on backflip"],"gold_per_floor":[112,112,77,77,90,90,108,136,136,148,185,40,40,52,52,125,125,137,187,204,204,204],"floor_reached":21,"playtime":823,"items_purged":[],"score":336,"play_id":"3450d3bb-bfa3-4f0e-8914-d30a062aa8d8","local_time":"20201230192230","is_ascension_mode":true,"campfire_choices":[{"data":"Predator","floor":6.0,"key":"SMITH"},{"data":"Dagger Spray","floor":10.0,"key":"SMITH"},{"data":"Dash","floor":13.0,"key":"SMITH"},{"data":"Cloak And Dagger","floor":15.0,"key":"SMITH"}],"circlet_count":0,"master_deck":["AscendersBane","Strike_G","Strike_G","Strike_G","Defend_G","Defend_G","Defend_G","Defend_G","Defend_G","Survivor","Neutralize","Prepared","Predator+1","Dagger Spray+1","Dash+1","Cloak And Dagger+1","Tools of the Trade","Dagger Throw","Tactician+1"],"relics":["Coffee Dripper","Letter Opener","MawBank","Anchor","PreservedInsect","SacredBark"],"acts_visited":["Exordium","TheCity"],"potions_floor_usage":[21],"damage_taken":[{"damage":4.0,"enemies":"Jaw Worm","floor":1.0,"turns":4.0},{"damage":0.0,"enemies":"2 Louse","floor":5.0,"turns":5.0},{"damage":0.0,"enemies":"Cultist","floor":7.0,"turns":3.0},{"damage":18.0,"enemies":"Lagavulin","floor":8.0,"turns":10.0},{"damage":0.0,"enemies":"Exordium Thugs","floor":14.0,"turns":3.0},{"damage":27.0,"enemies":"Hexaghost","floor":16.0,"turns":12.0},{"damage":3.0,"enemies":"Shell Parasite","floor":18.0,"turns":5.0},{"damage":31,"enemies":"Chosen","floor":20,"turns":6},{"damage":21,"enemies":"Masked Bandits","floor":21,"turns":2}],"seed_played":"307108645572233627","potions_obtained":[{"floor":1.0,"key":"PowerPotion"},{"floor":8.0,"key":"SkillPotion"},{"floor":14.0,"key":"Energy Potion"},{"floor":16.0,"key":"Strength Potion"},{"floor":18,"key":"FearPotion"}],"is_trial":false,"path_per_floor":["M","?","?","?","M","R","M","E","T","R","T","$","R","M","R","B",null,"M","?","M","?"],"character_chosen":"THE_SILENT","items_purchased":["PreservedInsect"],"campfire_rested":0,"item_purchase_floors":[12],"current_hp_per_floor":[55,48,64,64,64,64,64,46,46,46,46,46,46,46,46,19,54,51,51,20,0,0],"gold":204,"neow_bonus":"BOSS_RELIC","is_daily":false,"chose_seed":false,"campfire_upgraded":4,"win_rate":0.0,"timestamp":1609374150,"path_taken":["M","?","?","?","M","R","?","E","T","R","?","$","R","?","R","BOSS","M","?","?","?"],"items_purchased_type":["Relic"],"build_version":"2020-12-22","purchased_purges":0,"victory":false,"max_hp_per_floor":[66,66,66,66,66,66,66,66,66,66,66,66,66,66,66,66,66,66,66,66,66,66],"card_choices":[{"not_picked":["Concentrate","Expertise"],"picked":"Prepared","floor":1.0},{"not_picked":["Poisoned Stab","Prepared"],"picked":"Predator","floor":5.0},{"not_picked":["Dodge and Roll","Deadly Poison"],"picked":"Dagger Spray","floor":7.0},{"not_picked":["Dodge and Roll","Blade Dance"],"picked":"Dash","floor":8.0},{"not_picked":["Bane","Dodge and Roll"],"picked":"Cloak And Dagger","floor":14.0},{"not_picked":["Die Die Die","Unload"],"picked":"Tools of the Trade","floor":16.0},{"not_picked":["Flechettes","Prepared"],"picked":"Dagger Throw","floor":18},{"not_picked":["Flying Knee","Escape Plan"],"picked":"Tactician+1","floor":20}],"player_experience":1384294,"relics_obtained":[{"floor":8.0,"key":"Letter Opener"},{"floor":9.0,"key":"MawBank"},{"floor":11.0,"key":"Anchor"}],"event_choices":[{"cards_removed":["Strike_G"],"damage_healed":0.0,"max_hp_gain":0.0,"max_hp_loss":0.0,"gold_gain":0.0,"event_name":"Golden Wing","player_choice":"Card Removal","floor":2.0,"gold_loss":0.0,"damage_taken":7.0},{"damage_healed":16.0,"max_hp_gain":0.0,"max_hp_loss":0.0,"gold_gain":0.0,"event_name":"The Cleric","player_choice":"Healed","floor":3.0,"gold_loss":35.0,"damage_taken":0.0},{"cards_removed":["Strike_G"],"damage_healed":0.0,"max_hp_gain":0.0,"max_hp_loss":0.0,"gold_gain":0.0,"event_name":"Purifier","player_choice":"Purged","floor":4.0,"gold_loss":0.0,"damage_taken":0.0},{"damage_healed":0,"gold_gain":50,"player_choice":"Pray","damage_taken":0,"max_hp_gain":0,"max_hp_loss":0,"event_name":"Golden Shrine","floor":19,"gold_loss":0},{"damage_healed":0,"gold_gain":0,"player_choice":"Fought Bandits","damage_taken":0,"max_hp_gain":0,"max_hp_loss":0,"event_name":"Masked Bandits","floor":21,"gold_loss":0}],"is_beta":false,"boss_relics":[{"not_picked":["SlaversCollar","Runic Pyramid"],"picked":"SacredBark"}],"items_purged_floors":[],"is_endless":false,"potions_floor_spawned":[1,8,14,16,18],"killed_by":"Masked Bandits","ascension_level":18}}