{"host":"nk1hwk2qadwaubm5","time":1609374281,"event":{"mods":["BaseMod","Hubris","Infinite Spire","Minty Spire (QoL Compilation)","Replay The Spire","StSLib"],"gold_per_floor":[117,117,117,117,134,151,151,178,178,178,208,208,238,16,16,117,117,132,132,132,150,352,378,394,200,200,200,219,230,230,249,249,346,346,359,409,16,16,36,36,36],"floor_reached":40,"playtime":2242,"items_purged":["Strike_G+1","Bouncing Flask"],"score":464,"play_id":"157e7120-bb4a-410b-8d4c-c7d866798d8a","local_time":"20201231012441","is_ascension_mode":true,"campfire_choices":[{"data":"Footwork","floor":7,"key":"SMITH"},{"data":"Riddle With Holes","floor":10,"key":"SMITH"},{"data":"Noxious Fumes","floor":15,"key":"SMITH"},{"floor":27,"key":"REST"},{"data":"hubris:InfiniteBlow","floor":30,"key":"SMITH"},{"floor":32,"key":"REST"}],"circlet_count":0,"master_deck":["Strike_G+1","Strike_G+1","Strike_G+1","Strike_G+1","Defend_G+1","Defend_G+1","Defend_G+1","Defend_G+1","Defend_G+1","Survivor","Neutralize+1","AbeCurse","Acrobatics","Riddle With Holes+1","Terror+1","Footwork+1","Dagger Throw","Backflip","Noxious Fumes+1","Envenom","hubris:InfiniteBlow+1","Deadly Poison+1","Dash","Escape Plan","Dash","Bouncing Flask","Bouncing Flask","Quick Slash+1","Deadly Poison","Burst","hubris:Insight","Footwork+1"],"relics":["Abe\u0027s Treasure","Orichalcum","Gremlin Food","Snake Skull","Blood Vial","Pen Nib","Philosopher\u0027s Stone","Tiny Chest","BargainBundle","Juzu Bracelet","Black Star","infinitespire:Magic Flask","Prayer Wheel"],"acts_visited":["Exordium","TheCity","TheBeyond"],"potions_floor_usage":[13,23,23,23,24,33,40],"damage_taken":[{"damage":1,"enemies":"Jaw Worm","floor":1,"turns":5},{"damage":0,"enemies":"2 Louse","floor":5,"turns":3},{"damage":0,"enemies":"Small Slimes","floor":6,"turns":3},{"damage":11,"enemies":"Lagavulin","floor":8,"turns":7},{"damage":2,"enemies":"3 Sentries","floor":11,"turns":9},{"damage":7,"enemies":"Lagavulin","floor":13,"turns":6},{"damage":25,"enemies":"Fading Forest","floor":16,"turns":11},{"damage":22,"enemies":"Spheric Guardian","floor":18,"turns":5},{"damage":8,"enemies":"2 Thieves","floor":21,"turns":4},{"damage":10,"enemies":"Replay:Snechameleon","floor":23,"turns":5},{"damage":0,"enemies":"Snecko","floor":24,"turns":3},{"damage":10,"enemies":"Centurion and Healer","floor":28,"turns":5},{"damage":0,"enemies":"Snake Plant","floor":29,"turns":2},{"damage":15,"enemies":"Sentry and Sphere","floor":31,"turns":5},{"damage":14,"enemies":"Collector","floor":33,"turns":7},{"damage":34,"enemies":"3 Darklings","floor":35,"turns":5},{"damage":14,"enemies":"Mind Bloom Boss Battle","floor":36,"turns":5},{"damage":10,"enemies":"Orb Walker","floor":39,"turns":3},{"damage":31,"enemies":"Nemesis","floor":40,"turns":4}],"seed_played":"6777178180679052371","potions_obtained":[{"floor":6,"key":"Strength Potion"},{"floor":11,"key":"BlessingOfTheForge"},{"floor":21,"key":"EntropicBrew"},{"floor":23,"key":"Elixir"},{"floor":29,"key":"SneckoOil"},{"floor":31,"key":"ColorlessPotion"},{"floor":36,"key":"SteroidPotion"},{"floor":39,"key":"Swift Potion"}],"is_trial":false,"path_per_floor":["M","?","?","?","M","M","R","E","T","R","E","$","E","$","R","B",null,"M","?","?","M","?","E","M","$","T","R","M","M","R","M","R","B",null,"M","?","$","?","M","E"],"character_chosen":"THE_SILENT","items_purchased":["Noxious Fumes","Pen Nib","BargainBundle","Dash","Bouncing Flask","Prayer Wheel"],"campfire_rested":2,"item_purchase_floors":[14,14,25,25,25,37],"current_hp_per_floor":[69,74,74,59,59,59,59,48,48,48,46,46,39,39,39,16,75,53,53,35,29,11,3,5,5,5,27,19,21,21,8,30,18,75,41,29,29,29,21,0,0],"gold":36,"neow_bonus":"BOSS_RELIC","is_daily":false,"chose_seed":false,"campfire_upgraded":4,"win_rate":0.0,"timestamp":1609374281,"path_taken":["M","?","?","?","M","M","R","E","T","R","E","?","E","$","R","BOSS","M","?","?","M","?","E","M","$","T","R","M","M","R","M","R","BOSS","M","?","$","?","M","E"],"items_purchased_type":["Card","Relic","Relic","Card","Card","Relic"],"build_version":"2020-12-22","purchased_purges":2,"victory":false,"max_hp_per_floor":[70,75,75,75,75,75,75,75,75,75,75,75,75,75,75,75,75,75,75,75,75,75,75,75,75,75,75,75,75,75,75,75,75,75,75,75,75,75,75,75,75],"card_choices":[{"not_picked":["Bane","Underhanded Strike"],"picked":"Acrobatics","floor":1},{"not_picked":["Crippling Poison","Flechettes"],"picked":"Terror","floor":5},{"not_picked":["Dagger Throw","Hidden Blade"],"picked":"Footwork","floor":6},{"not_picked":["Flying Knee","Atom Bomb"],"picked":"Bouncing Flask","floor":8},{"not_picked":["Sucker Punch","ReplayTheSpireMod:Exploit Weakness"],"picked":"Dagger Throw","floor":11},{"not_picked":["Outmaneuver","Dagger Throw"],"picked":"Backflip","floor":13},{"not_picked":["Atom Bomb","ReplayTheSpireMod:From All Sides"],"picked":"Envenom","floor":16},{"not_picked":["hubris:TrickCloak","Reflex+1","Accuracy"],"picked":"SKIP","floor":18},{"not_picked":["ReplayTheSpireMod:??????????????????????","hubris:Fate"],"picked":"hubris:InfiniteBlow","floor":20},{"not_picked":["Dagger Spray","Masterful Stab+1"],"picked":"Deadly Poison+1","floor":21},{"not_picked":["Prepared+1","Outmaneuver+1"],"picked":"Dash","floor":22},{"not_picked":["Tools of the Trade","Prepared","Reflex"],"picked":"SKIP","floor":23},{"not_picked":["Deflect","Well Laid Plans"],"picked":"Escape Plan","floor":24},{"not_picked":["Prepared","Sucker Punch","Acrobatics"],"picked":"SKIP","floor":28},{"not_picked":["Infinite Blades+1","Finisher"],"picked":"Quick Slash+1","floor":29},{"not_picked":["Distraction","Slice"],"picked":"Deadly Poison","floor":31},{"not_picked":["Phantasmal Killer","After Image"],"picked":"Burst","floor":33},{"not_picked":["ReplayTheSpireMod:Scrap Shanks","Bane","Flying Knee"],"picked":"SKIP","floor":35},{"not_picked":["Sadistic Nature","ReplayTheSpireMod:Necrogeddon"],"picked":"hubris:Insight","floor":38},{"not_picked":["Deflect","Flying Knee"],"picked":"Footwork+1","floor":39},{"not_picked":["Bane+1","Dagger Throw","Endless Agony"],"picked":"SKIP","floor":39}],"player_experience":110205,"relics_obtained":[{"floor":8,"key":"Orichalcum"},{"floor":9,"key":"Gremlin Food"},{"floor":11,"key":"Snake Skull"},{"floor":13,"key":"Blood Vial"},{"floor":23,"key":"Tiny Chest"},{"floor":26,"key":"Juzu Bracelet"},{"floor":36,"key":"infinitespire:Magic Flask"}],"event_choices":[{"damage_healed":0,"gold_gain":0,"player_choice":"Donut","damage_taken":0,"max_hp_gain":5,"max_hp_loss":0,"event_name":"Big Fish","floor":2,"gold_loss":0},{"damage_healed":0,"gold_gain":0,"player_choice":"Entered Light","damage_taken":15,"max_hp_gain":0,"max_hp_loss":0,"event_name":"Shining Light","floor":4,"gold_loss":0,"cards_upgraded":["Strike_G","Defend_G"]},{"damage_healed":0,"gold_gain":0,"player_choice":"Simplicity","damage_taken":0,"max_hp_gain":0,"max_hp_loss":0,"event_name":"Back to Basics","floor":19,"gold_loss":0,"cards_upgraded":["Strike_G","Strike_G","Strike_G","Strike_G","Defend_G","Defend_G","Defend_G","Defend_G"]},{"damage_healed":0,"gold_gain":0,"player_choice":"Fight","damage_taken":0,"max_hp_gain":0,"max_hp_loss":0,"event_name":"MindBloom","floor":36,"gold_loss":0},{"damage_healed":0,"gold_gain":0,"player_choice":"Memory 1","damage_taken":0,"max_hp_gain":0,"max_hp_loss":0,"event_name":"SensoryStone","floor":38,"gold_loss":0}],"is_beta":false,"boss_relics":[{"not_picked":["Runic Dome","Replay:Ancient Bell"],"picked":"Philosopher\u0027s Stone"},{"not_picked":["hubris:BlackHole","Coffee Dripper"],"picked":"Black Star"}],"items_purged_floors":[25,37],"is_endless":false,"potions_floor_spawned":[6,11,21,23,29,31,36,39],"killed_by":"Nemesis","ascension_level":2}}