{"host":"qwttrqaysb380yri","time":1609408537,"event":{"mods":["BaseMod","Custom Start","Minty Spire (QoL Compilation)","Permanent Neow","Puzzle Mod","Relic Stats","StSLib","The Hierophant"],"gold_per_floor":[110,130,130,130,150,182,197,197,197],"floor_reached":8,"playtime":248,"items_purged":[],"score":102,"play_id":"96e640e8-2c43-48a1-ab2d-400bb4bdfe84","local_time":"20201231105537","is_ascension_mode":true,"campfire_choices":[],"circlet_count":0,"master_deck":["AscendersBane","Strike_G","Strike_G","Strike_G","Strike_G","Strike_G","Defend_G","Defend_G","Defend_G","Defend_G","Survivor","Neutralize","Bane","Eviscerate","Heel Hook","Deadly Poison","Acrobatics"],"relics":["Philosopher\u0027s Stone","Unceasing Top"],"acts_visited":["Exordium"],"potions_floor_usage":[6,6],"damage_taken":[{"damage":4,"enemies":"Jaw Worm","floor":1,"turns":6},{"damage":0,"enemies":"Small Slimes","floor":2,"turns":4},{"damage":0,"enemies":"Cultist","floor":5,"turns":3},{"damage":6,"enemies":"Gremlin Nob","floor":6,"turns":3},{"damage":3,"enemies":"Looter","floor":7,"turns":3},{"damage":11,"enemies":"Lagavulin","floor":8,"turns":5}],"seed_played":"-5912437856267384605","potions_obtained":[{"floor":2,"key":"BlessingOfTheForge"},{"floor":5,"key":"SneckoOil"}],"is_trial":false,"path_per_floor":["M","M","?","?","M","E","M","E"],"character_chosen":"THE_SILENT","items_purchased":[],"campfire_rested":0,"item_purchase_floors":[],"current_hp_per_floor":[55,55,37,37,37,31,28,17,17],"gold":197,"neow_bonus":"BOSS_RELIC","is_daily":false,"chose_seed":false,"campfire_upgraded":0,"win_rate":0.0,"timestamp":1609408537,"path_taken":["M","M","?","?","M","E","M","E"],"items_purchased_type":[],"build_version":"2020-12-22","purchased_purges":0,"victory":false,"max_hp_per_floor":[66,66,66,66,66,66,66,66,66],"relic_stats":{"counters":[6,24],"obtain_stats":[{"Philosopher\u0027s Stone":0,"Unceasing Top":6,"Ring of the Snake":0},{"Philosopher\u0027s Stone":0,"Unceasing Top":4,"Ring of the Snake":0},{"Philosopher\u0027s Stone":0,"Unceasing Top":16,"Ring of the Snake":0}],"Unceasing Top":[1]},"card_choices":[{"not_picked":["Deflect","Distraction"],"picked":"Bane","floor":1},{"not_picked":["Acrobatics","Dash"],"picked":"Eviscerate","floor":2},{"not_picked":["Outmaneuver","Escape Plan"],"picked":"Heel Hook","floor":5},{"not_picked":["Dagger Spray","Quick Slash"],"picked":"Deadly Poison","floor":6},{"not_picked":["Cloak And Dagger","Expertise"],"picked":"Acrobatics","floor":7}],"player_experience":1968372,"relics_obtained":[{"floor":6,"key":"Unceasing Top"}],"event_choices":[{"damage_healed":0,"gold_gain":0,"player_choice":"Fled","damage_taken":18,"max_hp_gain":0,"max_hp_loss":0,"event_name":"Scrap Ooze","floor":3,"gold_loss":0},{"cards_removed":["Defend_G"],"damage_healed":0,"gold_gain":0,"player_choice":"Purged","damage_taken":0,"max_hp_gain":0,"max_hp_loss":0,"event_name":"Purifier","floor":4,"gold_loss":0}],"is_beta":false,"boss_relics":[],"items_purged_floors":[],"is_endless":false,"potions_floor_spawned":[2,5],"killed_by":"Lagavulin","ascension_level":15}}