{"host":"vfg9szunmpjwj08o","time":1609429219,"event":{"mods":["Act Like it!","BaseMod","Challenge The Spire","Colored Map","Colored Powertips","Minty Spire (QoL Compilation)","StSLib","Waifu the Spire"],"gold_per_floor":[114,114,29,29,42,42,72,84,96,133,145,157,14,31,31,110,110,110,110,0,0,0,0,0,0],"floor_reached":24,"playtime":951,"items_purged":["Strike_B"],"score":443,"play_id":"6e5f463b-7605-462e-beb4-5fff8a5ece9c","local_time":"20201231164019","is_ascension_mode":true,"campfire_choices":[{"data":"Zap","floor":6,"key":"SMITH"},{"floor":8,"key":"RECALL"},{"data":"Capacitor","floor":11,"key":"SMITH"},{"data":"Coolheaded","floor":15,"key":"SMITH"},{"floor":23,"key":"REST"}],"circlet_count":0,"master_deck":["AscendersBane","Strike_B","Strike_B","Defend_B","Defend_B+1","Defend_B","Defend_B","Zap+1","Dualcast+1","Gash","Glacier","Compile Driver","Capacitor+1","Loop","Coolheaded+1","Echo Form","Gash"],"relics":["Cracked Core","NeowsBlessing","MawBank","HornCleat","Ectoplasm"],"acts_visited":["Exordium","TheCity"],"potions_floor_usage":[10,10,16,22,24],"damage_taken":[{"damage":0,"enemies":"Jaw Worm","floor":1,"turns":1},{"damage":0,"enemies":"2 Louse","floor":5,"turns":1},{"damage":0,"enemies":"Gremlin Nob","floor":7,"turns":1},{"damage":2,"enemies":"3 Sentries","floor":10,"turns":10},{"damage":0,"enemies":"Cultist","floor":14,"turns":3},{"damage":17,"enemies":"The Guardian","floor":16,"turns":9},{"damage":13,"enemies":"Shell Parasite","floor":18,"turns":7},{"damage":31,"enemies":"3 Byrds","floor":19,"turns":7},{"damage":11,"enemies":"Snake Plant","floor":22,"turns":6},{"damage":26,"enemies":"Slavers","floor":24,"turns":4}],"seed_played":"1335558909047782575","potions_obtained":[{"floor":4,"key":"EntropicBrew"},{"floor":4,"key":"Block Potion"},{"floor":22,"key":"PowerPotion"}],"is_trial":false,"path_per_floor":["M","?","$","?","M","R","E","R","T","E","R","?","$","M","R","B",null,"M","M","?","$","M","R","E"],"character_chosen":"DEFECT","items_purchased":["Glacier","Loop"],"campfire_rested":1,"item_purchase_floors":[3,13],"current_hp_per_floor":[64,43,43,43,43,43,43,43,43,41,41,41,41,41,41,24,59,46,15,15,15,4,25,0,0],"gold":0,"neow_bonus":"THREE_ENEMY_KILL","is_daily":false,"chose_seed":false,"campfire_upgraded":3,"win_rate":0.0,"timestamp":1609429219,"path_taken":["M","?","?","?","?","R","E","R","T","E","R","?","$","M","R","BOSS","M","?","?","$","M","R","E"],"items_purchased_type":["Card","Card"],"build_version":"2020-12-22","purchased_purges":1,"victory":false,"max_hp_per_floor":[71,71,71,71,71,71,71,71,71,71,71,71,71,71,71,71,71,71,71,71,71,71,71,71,71],"card_choices":[{"not_picked":["Cold Snap","Ball Lightning"],"picked":"Gash","floor":1},{"not_picked":["Steam Power","Redo","Sweeping Beam"],"picked":"SKIP","floor":5},{"not_picked":["FTL","Stack"],"picked":"Compile Driver","floor":7},{"not_picked":["Conserve Battery","Coolheaded"],"picked":"Capacitor","floor":10},{"not_picked":["Tempest","Melter"],"picked":"Coolheaded","floor":14},{"not_picked":["Fission","All For One"],"picked":"Echo Form","floor":16},{"not_picked":["Leap","Sweeping Beam"],"picked":"Gash","floor":18},{"not_picked":["Redo","Doom and Gloom","Stack"],"picked":"SKIP","floor":19},{"not_picked":["Streamline+1","Barrage+1","Multi-Cast"],"picked":"SKIP","floor":22}],"player_experience":1025867,"relics_obtained":[{"floor":7,"key":"MawBank"},{"floor":10,"key":"HornCleat"}],"event_choices":[{"damage_healed":0,"gold_gain":0,"player_choice":"Entered Light","damage_taken":21,"max_hp_gain":0,"max_hp_loss":0,"event_name":"Shining Light","floor":2,"gold_loss":0,"cards_upgraded":["Defend_B","Dualcast"]},{"damage_healed":0,"gold_gain":0,"player_choice":"Got Potions","damage_taken":0,"max_hp_gain":0,"max_hp_loss":0,"event_name":"Lab","floor":4,"gold_loss":0},{"cards_removed":["Strike_B"],"damage_healed":0,"gold_gain":0,"player_choice":"Offered Basic","damage_taken":0,"max_hp_gain":0,"max_hp_loss":0,"event_name":"Bonfire Elementals","floor":12,"gold_loss":0},{"damage_healed":0,"gold_gain":0,"player_choice":"Paid Fearfully","damage_taken":0,"max_hp_gain":0,"max_hp_loss":0,"event_name":"Masked Bandits","floor":20,"gold_loss":110}],"is_beta":false,"boss_relics":[{"not_picked":["Velvet Choker","Fusion Hammer"],"picked":"Ectoplasm"}],"items_purged_floors":[13],"is_endless":false,"potions_floor_spawned":[5,7,22],"killed_by":"Slavers","ascension_level":19}}