{"host":"lvhfn8l5bvc4nolx","time":1609379931,"event":{"mods":["AchievementEnabler","BaseMod","Colored Map","Keyboard Shortcuts","Minty Spire (QoL Compilation)","Permanent Neow","Quick Restart","SuperFastMode"],"gold_per_floor":[115,129,139,139,4,4,21,21,44,44,60,60,77,89,89,167,167,180,27,31,50,100,100,114,114,114],"floor_reached":25,"playtime":716,"items_purged":[],"score":420,"play_id":"538e4382-153a-4f3b-b187-9c73005a14d1","local_time":"20201231105851","is_ascension_mode":true,"campfire_choices":[{"data":"Barricade","floor":6,"key":"SMITH"},{"data":"Impervious","floor":10,"key":"SMITH"},{"floor":15,"key":"REST"},{"floor":23,"key":"REST"}],"circlet_count":0,"master_deck":["AscendersBane","Strike_R","Strike_R","Strike_R","Strike_R","Defend_R","Defend_R","Defend_R","Defend_R","Bash","Impervious+1","Pommel Strike+1","Sword Boomerang","Perfected Strike","Barricade+1","Pummel","Inflame","True Grit","Warcry","Berserk","Second Wind","Sentinel","Feel No Pain","Body Slam","Seeing Red","Bloodletting"],"relics":["Burning Blood","Ancient Tea Set","Fusion Hammer"],"acts_visited":["Exordium","TheCity"],"potions_floor_usage":[16,16,21],"damage_taken":[{"damage":1,"enemies":"Cultist","floor":1,"turns":4},{"damage":2,"enemies":"2 Louse","floor":2,"turns":2},{"damage":20,"enemies":"Small Slimes","floor":3,"turns":3},{"damage":9,"enemies":"Red Slaver","floor":7,"turns":4},{"damage":0,"enemies":"3 Louse","floor":11,"turns":5},{"damage":36,"enemies":"Exordium Thugs","floor":13,"turns":6},{"damage":0,"enemies":"Large Slime","floor":14,"turns":6},{"damage":0,"enemies":"The Guardian","floor":16,"turns":12},{"damage":13,"enemies":"Spheric Guardian","floor":18,"turns":6},{"damage":17,"enemies":"2 Thieves","floor":20,"turns":4},{"damage":8,"enemies":"Centurion and Healer","floor":21,"turns":8},{"damage":5,"enemies":"Snecko","floor":24,"turns":5},{"damage":76,"enemies":"Gremlin Leader","floor":25,"turns":3}],"seed_played":"5782548277682682216","potions_obtained":[{"floor":1,"key":"BlessingOfTheForge"},{"floor":3,"key":"SkillPotion"},{"floor":7,"key":"HeartOfIron"},{"floor":20,"key":"Block Potion"},{"floor":24,"key":"Energy Potion"}],"is_trial":false,"path_per_floor":["M","M","M","?","$","R","M","$","T","R","M","?","M","M","R","B",null,"M","$","M","M","?","R","M","E"],"character_chosen":"IRONCLAD","items_purchased":["Barricade","Sentinel","Feel No Pain"],"campfire_rested":2,"item_purchase_floors":[5,19,19],"current_hp_per_floor":[68,68,54,54,54,54,51,51,51,51,57,57,27,33,53,59,66,59,59,48,46,46,66,67,0,0],"gold":114,"neow_bonus":"THREE_RARE_CARDS","is_daily":false,"chose_seed":false,"campfire_upgraded":2,"win_rate":0.0,"timestamp":1609379931,"path_taken":["M","M","M","?","$","R","M","?","T","R","?","?","M","M","R","BOSS","M","$","M","?","?","R","?","E"],"items_purchased_type":["Card","Card","Card"],"build_version":"2020-12-22","purchased_purges":0,"victory":false,"max_hp_per_floor":[68,68,68,68,68,68,68,68,68,68,68,68,68,68,68,68,68,68,68,68,68,68,68,68,68,68],"card_choices":[{"not_picked":["Bludgeon","Limit Break"],"picked":"Impervious","floor":0},{"not_picked":["Infernal Blade","Twin Strike"],"picked":"Pommel Strike","floor":1},{"not_picked":["Havoc","Reckless Charge"],"picked":"Sword Boomerang","floor":2},{"not_picked":["Dual Wield","Iron Wave"],"picked":"Perfected Strike","floor":3},{"not_picked":["Iron Wave","Clash"],"picked":"Pummel","floor":7},{"not_picked":["Cleave","Clothesline"],"picked":"Inflame","floor":11},{"not_picked":["Twin Strike","Clash"],"picked":"True Grit","floor":13},{"not_picked":["Flex","Dual Wield"],"picked":"Warcry","floor":14},{"not_picked":["Demon Form","Juggernaut"],"picked":"Berserk","floor":16},{"not_picked":["Flame Barrier","Cleave"],"picked":"Second Wind","floor":18},{"not_picked":["Sword Boomerang+1","Perfected Strike"],"picked":"Body Slam","floor":20},{"not_picked":["Feel No Pain+1","Warcry"],"picked":"Seeing Red","floor":21},{"not_picked":["Searing Blow","Warcry"],"picked":"Bloodletting","floor":24}],"player_experience":353807,"relics_obtained":[{"floor":9,"key":"Ancient Tea Set"}],"event_choices":[{"damage_healed":0,"gold_gain":0,"player_choice":"Upgraded","damage_taken":0,"max_hp_gain":0,"max_hp_loss":0,"event_name":"Upgrade Shrine","floor":4,"gold_loss":0,"cards_upgraded":["Pommel Strike"]},{"cards_removed":["Strike_R"],"damage_healed":0,"gold_gain":0,"player_choice":"Purged","damage_taken":0,"max_hp_gain":0,"max_hp_loss":0,"event_name":"Purifier","floor":12,"gold_loss":0},{"damage_healed":0,"gold_gain":100,"player_choice":"Bet on Murderer","damage_taken":0,"max_hp_gain":0,"max_hp_loss":0,"event_name":"The Joust","floor":22,"gold_loss":50}],"is_beta":false,"boss_relics":[{"not_picked":["SacredBark","Tiny House"],"picked":"Fusion Hammer"}],"items_purged_floors":[],"is_endless":false,"potions_floor_spawned":[1,3,7,13,20,24],"killed_by":"Gremlin Leader","ascension_level":14}}