{"host":"sfkslwp4t49i7lrt","time":1609427655,"event":{"mods":["BaseMod","Bestiary","Block Reminder","Downfall","Highlight Path","Minty Spire (QoL Compilation)","Relic Stats","StSLib","everything is the same but u backflip on backflip","slay the spire mod where everything is the same but ironclad has a cowboy hat"],"gold_per_floor":[99,109,125,125,125,142,168,186,215,215,244,244,244,269,282,384,384,384,398,65,79,97,97,97,131,31,50,35,46,46,46,66,168,168,68,86,21,21,21,31,31,31,31,43,43,57,70,97,97,97],"floor_reached":51,"playtime":2899,"items_purged":["Guardian:Strike_Guardian","Guardian:Strike_Guardian"],"score":990,"play_id":"55d3a3a6-e907-4e8c-8731-f138d677f109","local_time":"20201231221415","is_ascension_mode":true,"campfire_choices":[{"data":"Guardian:TwinSlam","floor":1,"key":"SMITH"},{"data":"Guardian:SentryBeam","floor":10,"key":"SMITH"},{"data":"Guardian:ChargeUp","floor":12,"key":"SMITH"},{"data":"Guardian:WalkerClaw","floor":18,"key":"SMITH"},{"floor":23,"key":"RECALL"},{"data":"Guardian:ConstructionForm","floor":26,"key":"SMITH"},{"floor":30,"key":"REST"},{"data":"Guardian:EvasiveProtocol","floor":35,"key":"SMITH"},{"data":"Guardian:WalkerClaw","floor":43,"key":"SMITH"},{"data":"Guardian:TemporalShield","floor":45,"key":"SMITH"},{"floor":49,"key":"REST"}],"circlet_count":0,"master_deck":["Guardian:Strike_Guardian","Guardian:Defend_Guardian","Guardian:Defend_Guardian","Guardian:Defend_Guardian","Guardian:Defend_Guardian","Guardian:CurlUp","Guardian:TwinSlam+1","Guardian:ConstructionForm+1","Guardian:ChargeUp+1","Guardian:PiercingHide","Guardian:SentryBeam+1","Guardian:TemporalStrike","Guardian:Incinerate","Guardian:RollAttack","Guardian:ChargeUp+1","Guardian:WalkerClaw+1","Guardian:BronzeArmor","Guardian:GatlingBeam","Guardian:ShieldCharger","Guardian:GuardianWhirl","Guardian:EvasiveProtocol+1","Guardian:PrimingBeam+1","Guardian:ShieldSpikes+1","Guardian:TemporalShield+1","Guardian:WalkerClaw+1"],"relics":["Guardian:ModeShifter","Guardian:StasisCodex","Pen Nib","Smiling Mask","Turnip","Bronze Scales","SlaversCollar","hexamod:BolsterEngine","MealTicket","downfall:HeartBlessingRed","Busted Crown","downfall:HeartBlessingBlue","Thread and Needle","Mercury Hourglass","Kunai"],"acts_visited":["Exordium","TheCity","TheBeyond"],"potions_floor_usage":[],"damage_taken":[{"damage":6,"enemies":"Jaw Worm","floor":2,"turns":4},{"damage":0,"enemies":"2 Louse","floor":3,"turns":2},{"damage":0,"enemies":"Cultist","floor":6,"turns":3},{"damage":11,"enemies":"Blue Slaver","floor":8,"turns":4},{"damage":0,"enemies":"Lagavulin","floor":9,"turns":6},{"damage":10,"enemies":"3 Sentries","floor":11,"turns":5},{"damage":0,"enemies":"Lagavulin","floor":14,"turns":5},{"damage":14,"enemies":"Lots of Slimes","floor":15,"turns":3},{"damage":7,"enemies":"downfall:Watcher","floor":16,"turns":10},{"damage":12,"enemies":"Shell Parasite","floor":19,"turns":5},{"damage":0,"enemies":"downfall:FleeingMerchant","floor":20,"turns":4},{"damage":18,"enemies":"Sentry and Sphere","floor":21,"turns":5},{"damage":9,"enemies":"Centurion and Healer","floor":22,"turns":7},{"damage":9,"enemies":"Slavers","floor":25,"turns":5},{"damage":0,"enemies":"3 Cultists","floor":27,"turns":5},{"damage":7,"enemies":"downfall:FleeingMerchant","floor":28,"turns":4},{"damage":3,"enemies":"Chosen and Byrds","floor":29,"turns":6},{"damage":24,"enemies":"Snake Plant","floor":32,"turns":2},{"damage":18,"enemies":"downfall:Ironclad","floor":33,"turns":8},{"damage":11,"enemies":"3 Darklings","floor":36,"turns":6},{"damage":0,"enemies":"downfall:FleeingMerchant","floor":37,"turns":4},{"damage":14,"enemies":"3 Shapes","floor":40,"turns":4},{"damage":8,"enemies":"Sphere and 2 Shapes","floor":44,"turns":4},{"damage":5,"enemies":"Transient","floor":46,"turns":5},{"damage":25,"enemies":"4 Shapes","floor":47,"turns":3},{"damage":0,"enemies":"Giant Head","floor":48,"turns":9},{"damage":8,"enemies":"downfall:Silent","floor":50,"turns":11}],"seed_played":"1185022284839403404","potions_obtained":[{"floor":2,"key":"Ancient Potion"},{"floor":3,"key":"Ancient Potion"},{"floor":11,"key":"GamblersBrew"},{"floor":44,"key":"Guardian:DefensiveModePotion"}],"is_trial":false,"path_per_floor":["R","M","M","?","?","M","T","M","E","R","E","R","?","E","M","B",null,"R","M","$","M","M","R","T","E","R","M","$","M","R","?","M","B",null,"R","M","?","?","?","M","T","$","R","M","R","M","M","E","R","B",null],"character_chosen":"GUARDIAN","items_purchased":["hexamod:BolsterEngine","Guardian:Gem_White","Guardian:GuardianWhirl","Thread and Needle","Guardian:WalkerClaw"],"campfire_rested":2,"item_purchase_floors":[20,20,20,37,37],"current_hp_per_floor":[72,66,66,59,59,59,59,48,48,48,38,38,38,38,24,17,64,64,52,52,34,25,25,25,16,16,16,24,21,45,45,21,3,61,71,60,60,60,60,46,46,61,61,53,53,48,23,23,50,42],"gold":97,"neow_bonus":"ONE_RANDOM_RARE_CARD","is_daily":false,"chose_seed":false,"campfire_upgraded":8,"win_rate":0.0,"timestamp":1609427655,"path_taken":["R","M","M","?","?","M","T","?","E","R","E","R","?","E","M","BOSS","R","M","$","M","M","R","T","E","R","M","?","M","R","?","M","BOSS","R","M","?","?","?","M","T","$","R","M","R","M","M","E","R","BOSS"],"items_purchased_type":["Relic","Card","Card","Relic","Card"],"build_version":"2020-12-22","purchased_purges":2,"victory":true,"max_hp_per_floor":[80,80,80,80,80,80,80,80,80,80,80,80,80,80,80,80,80,80,80,80,80,80,80,80,80,80,80,80,80,80,80,80,80,80,90,90,90,90,90,90,90,90,90,90,90,90,90,90,90,90],"relic_stats":{"Busted Crown":14,"counters":[27,139],"Bronze Scales":[309],"MealTicket":30,"Pen Nib":[22],"Turnip":[12],"Kunai":[4],"Smiling Mask":75,"obtain_stats":[{"downfall:HeartBlessingRed":26,"Guardian:ModeShifter":0,"Guardian:StasisCodex":4,"Thread and Needle":37,"Pen Nib":7,"Smiling Mask":9,"Mercury Hourglass":41,"SlaversCollar":17,"Busted Crown":34,"downfall:HeartBlessingBlue":35,"Bronze Scales":14,"MealTicket":25,"Turnip":11,"Kunai":48,"hexamod:BolsterEngine":20},{"downfall:HeartBlessingRed":14,"Guardian:ModeShifter":0,"Guardian:StasisCodex":2,"Thread and Needle":21,"Pen Nib":3,"Smiling Mask":5,"Mercury Hourglass":22,"SlaversCollar":9,"Busted Crown":19,"downfall:HeartBlessingBlue":19,"Bronze Scales":7,"MealTicket":14,"Turnip":6,"Kunai":26,"hexamod:BolsterEngine":11},{"downfall:HeartBlessingRed":68,"Guardian:ModeShifter":0,"Guardian:StasisCodex":6,"Thread and Needle":103,"Pen Nib":9,"Smiling Mask":19,"Mercury Hourglass":107,"SlaversCollar":42,"Busted Crown":93,"downfall:HeartBlessingBlue":93,"Bronze Scales":29,"MealTicket":68,"Turnip":24,"Kunai":128,"hexamod:BolsterEngine":51}],"Mercury Hourglass":[96]},"card_choices":[{"not_picked":["Guardian:TemporalStrike","Guardian:Gem_Red"],"picked":"Guardian:ChargeUp","floor":2},{"not_picked":["Guardian:Reroute","Guardian:TimeBomb"],"picked":"Guardian:PiercingHide","floor":3},{"not_picked":["Guardian:Orbwalk","Guardian:Gem_Green"],"picked":"Guardian:SentryBeam","floor":6},{"not_picked":["Guardian:Gem_Fragmented","Guardian:Reroute"],"picked":"Guardian:TemporalStrike","floor":8},{"not_picked":["Guardian:Gem_Crimson","Guardian:Gem_Red"],"picked":"Guardian:Incinerate","floor":9},{"not_picked":["Guardian:Gem_Crimson","Guardian:BronzeOrb"],"picked":"Guardian:RollAttack","floor":11},{"not_picked":["Guardian:AncientConstruct","Guardian:FastForward"],"picked":"Guardian:WalkerClaw","floor":14},{"not_picked":["Guardian:Emergency","Guardian:Gem_Cyan"],"picked":"Guardian:BronzeArmor","floor":15},{"not_picked":["Guardian:TimeSifter","Guardian:CompilePackage"],"picked":"Guardian:GatlingBeam","floor":16},{"not_picked":["Guardian:Gem_Lightblue","Guardian:RollAttack"],"picked":"Guardian:ShieldCharger","floor":19},{"not_picked":["Guardian:PrismaticBarrier","Guardian:ChargeUp","Guardian:Suspension"],"picked":"SKIP","floor":20},{"not_picked":["Guardian:RollAttack+1","Guardian:Incinerate"],"picked":"Guardian:EvasiveProtocol","floor":21},{"not_picked":["Guardian:FierceBash","Guardian:PiercingHide"],"picked":"Guardian:PrimingBeam+1","floor":22},{"not_picked":["Guardian:BronzeArmor","Guardian:BaubleBeam"],"picked":"Guardian:ShieldSpikes+1","floor":25},{"not_picked":["Guardian:Recover","Guardian:FuturePlans","Guardian:PrimingBeam"],"picked":"SKIP","floor":27},{"not_picked":["Guardian:VentSteam","Guardian:Gem_Red","Guardian:Reroute"],"picked":"SKIP","floor":28},{"not_picked":["Guardian:Gem_Green","Guardian:Suspension"],"picked":"Guardian:Gem_Fragmented","floor":29},{"not_picked":["Guardian:ShieldCharger","Guardian:Gem_Cyan"],"picked":"Guardian:TemporalShield","floor":32},{"not_picked":["Guardian:GemFinder","Guardian:FierceBash"],"picked":"Guardian:Gem_Synthetic","floor":33},{"not_picked":["Guardian:ChargeCore"],"picked":"SKIP","floor":36},{"not_picked":["Guardian:TemporalStrike+1"],"picked":"SKIP","floor":37},{"not_picked":["Guardian:Orbwalk"],"picked":"SKIP","floor":40},{"not_picked":["Guardian:WalkerClaw"],"picked":"SKIP","floor":44},{"not_picked":["Guardian:SpikerProtocol+1"],"picked":"SKIP","floor":46},{"not_picked":["Guardian:TemporalStrike"],"picked":"SKIP","floor":47},{"not_picked":["Guardian:SentryBeam"],"picked":"SKIP","floor":48}],"player_experience":409142,"relics_obtained":[{"floor":7,"key":"Pen Nib"},{"floor":9,"key":"Smiling Mask"},{"floor":11,"key":"Turnip"},{"floor":14,"key":"Bronze Scales"},{"floor":25,"key":"MealTicket"},{"floor":41,"key":"Mercury Hourglass"},{"floor":48,"key":"Kunai"}],"event_choices":[{"damage_healed":0,"gold_gain":0,"player_choice":"Success","damage_taken":7,"relics_obtained":["Guardian:StasisCodex"],"max_hp_gain":0,"max_hp_loss":0,"event_name":"Scrap Ooze","floor":4,"gold_loss":0}],"is_beta":false,"boss_relics":[{"not_picked":["Astrolabe","bronze:MakeshiftBattery"],"picked":"SlaversCollar"},{"not_picked":["Sozu","Black Star"],"picked":"Busted Crown"}],"items_purged_floors":[20,37],"is_endless":false,"potions_floor_spawned":[2,3,11,15,22,27,29,32,36,44,46,48],"ascension_level":6}}