{"host":"1zfbckszmdcrhnfi","time":1609438541,"event":{"mods":["AchievementEnabler","BaseMod","Colored Map","Downfall","Marisa£®ÏF”Í°°ƒß¿Ì…≥£©","Minty Spire (QoL Compilation)","Replay The Spire","Shop Mod","StSLib","The Cursed","The Servant 0.9.4"],"gold_per_floor":[113,63,63,138,138,167,182,182,209,220,232,202,213,242,242,341,341,365,389,55,80,104,149,149,175,175,216,216,216,141,165,165,274,274,293,347,371,394,410,410,410,433,479,226,254,254,268,291,291,301,301],"floor_reached":50,"playtime":3048,"items_purged":["Fluid Movement","Parasite"],"score":553,"play_id":"6fe3057c-3a2e-432d-a8ff-7202ba5a7d66","local_time":"20210101021541","is_ascension_mode":false,"campfire_choices":[{"floor":8.0,"key":"RECALL"},{"floor":15.0,"key":"REST"},{"floor":24.0,"key":"REST"},{"floor":28.0,"key":"REST"},{"floor":32.0,"key":"REST"},{"floor":40.0,"key":"REST"},{"floor":46.0,"key":"REST"},{"floor":49.0,"key":"REST"}],"circlet_count":0,"master_deck":["Survivor","Neutralize","PiercingWail","ReplayTheSpireMod:Speed Training","Toxin Wave","ReplayTheSpireMod:Speed Training","Deflect","Deadly Poison","Bane","Corpse Explosion","CurseOfTheBell","Distraction","Dagger Spray","Toxin Wave","Terror","Toxin Wave","Poisoned Stab","Sneak Up+1","Noxious Fumes","Catalyst","Outmaneuver","Bullet Time","A Thousand Cuts","Backstab+1"],"relics":["Ring of the Snake","NeowsBlessing","War Paint","Snake Skull","Replay:Grab Bag","ChewingGum","SlaversCollar","Calling Bell","Pandora\u0027s Box","Replay:Bandana","Darkstone Periapt","Basket Of Snakes","Iron Hammer","Bottled Lightning","Vajra","Red Mask","Fusion Hammer","Regal Pillow","Bag of Marbles","OrangePellets"],"acts_visited":["Exordium","TheCity","TheBeyond"],"potions_floor_usage":[50,50,50],"damage_taken":[{"damage":0.0,"enemies":"Jaw Worm","floor":1.0,"turns":1.0},{"damage":0.0,"enemies":"Lagavulin","floor":6.0,"turns":1.0},{"damage":0.0,"enemies":"Small Slimes","floor":7.0,"turns":2.0},{"damage":0.0,"enemies":"Cultist","floor":10.0,"turns":4.0},{"damage":1.0,"enemies":"2 Fungi Beasts","floor":11.0,"turns":5.0},{"damage":4.0,"enemies":"Large Slime","floor":13.0,"turns":9.0},{"damage":8.0,"enemies":"3 Sentries","floor":14.0,"turns":14.0},{"damage":65.0,"enemies":"Fading Forest","floor":16.0,"turns":11.0},{"damage":2.0,"enemies":"Spheric Guardian","floor":18.0,"turns":4.0},{"damage":10.0,"enemies":"3 Byrds","floor":19.0,"turns":5.0},{"damage":21.0,"enemies":"Snake Plant","floor":21.0,"turns":4.0},{"damage":0.0,"enemies":"Cultist and Chosen","floor":22.0,"turns":4.0},{"damage":0.0,"enemies":"Slavers","floor":23.0,"turns":3.0},{"damage":10.0,"enemies":"Centurion and Healer","floor":25.0,"turns":5.0},{"damage":10.0,"enemies":"Masked Bandits","floor":27.0,"turns":2.0},{"damage":21.0,"enemies":"Snecko","floor":31.0,"turns":5.0},{"damage":40.0,"enemies":"Champ","floor":33.0,"turns":8.0},{"damage":0.0,"enemies":"3 Shapes","floor":35.0,"turns":3.0},{"damage":6.0,"enemies":"3 Darklings","floor":37.0,"turns":2.0},{"damage":2.0,"enemies":"Transient","floor":38.0,"turns":5.0},{"damage":10.0,"enemies":"4 Shapes","floor":39.0,"turns":5.0},{"damage":37.0,"enemies":"Writhing Mass","floor":42.0,"turns":4.0},{"damage":22.0,"enemies":"Transient","floor":45.0,"turns":5.0},{"damage":0.0,"enemies":"Jaw Worm Horde","floor":47.0,"turns":2.0},{"damage":0.0,"enemies":"Sphere and 2 Shapes","floor":48.0,"turns":3.0},{"damage":83,"enemies":"Time Eater","floor":50,"turns":7}],"seed_played":"-3758455582773456105","potions_obtained":[{"floor":6.0,"key":"Weak Potion"},{"floor":12.0,"key":"GhostInAJar"},{"floor":12.0,"key":"Elixir"},{"floor":13.0,"key":"LifebloodPotion"},{"floor":19.0,"key":"Swift Potion"},{"floor":21.0,"key":"LiquidBronze"},{"floor":23.0,"key":"DuplicationPotion"},{"floor":35.0,"key":"LiquidBronze"},{"floor":38.0,"key":"Guardian:BlockOnCardUsePotion"}],"is_trial":false,"path_per_floor":["M","?","$","?","?","E","M","R","T","M","M","?","M","E","R","B",null,"M","M","$","M","M","E","R","M","T","?","R","?","$","M","R","B",null,"M","?","M","M","M","R","?","M","T","$","M","R","M","M","R","B"],"character_chosen":"THE_SILENT","items_purchased":["Iron Hammer","Noxious Fumes","OrangePellets"],"campfire_rested":7,"item_purchase_floors":[20,20,44],"current_hp_per_floor":[70,70,70,59,59,59,59,59,59,59,58,58,54,46,67,22,70,68,58,58,37,37,37,58,48,48,38,59,59,59,38,59,19,70,70,70,64,62,52,70,70,39,39,39,17,53,53,53,73,0,0],"gold":301,"neow_bonus":"THREE_ENEMY_KILL","is_daily":false,"chose_seed":false,"campfire_upgraded":0,"win_rate":0.0,"timestamp":1609438541,"path_taken":["M","?","$","?","?","E","M","R","T","M","M","?","?","E","R","BOSS","M","M","$","M","M","E","R","M","T","?","R","?","$","M","R","BOSS","M","?","M","M","M","R","?","?","T","$","M","R","M","M","R","BOSS"],"items_purchased_type":["Relic","Card","Relic"],"build_version":"2020-12-22","purchased_purges":2,"victory":false,"max_hp_per_floor":[70,70,70,70,70,70,70,70,70,70,70,70,70,70,70,70,70,70,70,70,70,70,70,70,70,70,70,70,70,70,70,70,70,70,70,70,70,70,70,70,70,76,76,73,73,73,73,73,73,73,73],"card_choices":[{"not_picked":["Dagger Spray","Masterful Stab"],"picked":"PiercingWail","floor":1.0},{"not_picked":["Backflip","Calculated Gamble"],"picked":"ReplayTheSpireMod:Speed Training","floor":6.0},{"not_picked":["Hidden Blade","Dagger Throw"],"picked":"Toxin Wave","floor":7.0},{"not_picked":["Blade Dance","Flying Knee"],"picked":"ReplayTheSpireMod:Speed Training","floor":10.0},{"not_picked":["Backflip","PiercingWail"],"picked":"Deflect","floor":11.0},{"not_picked":["Acrobatics","Slice"],"picked":"Deadly Poison","floor":13.0},{"not_picked":["Leg Sweep","Acrobatics"],"picked":"Bane","floor":14.0},{"not_picked":["Tools of the Trade","Wraith Form v2"],"picked":"Corpse Explosion","floor":16.0},{"not_picked":["Dagger Throw","Quick Slash+1"],"picked":"Sneak Up+1","floor":18.0},{"not_picked":["PiercingWail","Calculated Gamble","Draining Mist"],"picked":"SKIP","floor":19.0},{"not_picked":["Crippling Poison","Predator","Sneak Up+1"],"picked":"SKIP","floor":21.0},{"not_picked":["Cloak And Dagger","Acrobatics+1","Reflex+1"],"picked":"SKIP","floor":22.0},{"not_picked":["Hidden Blade+1","Bane+1","Acrobatics+1"],"picked":"SKIP","floor":23.0},{"not_picked":["Backstab","Draining Mist"],"picked":"Catalyst","floor":25.0},{"not_picked":["Predator","Crippling Poison+1"],"picked":"Bullet Time","floor":31.0},{"not_picked":["Wraith Form v2","Glass Knife"],"picked":"A Thousand Cuts","floor":33.0},{"not_picked":["ReplayTheSpireMod:The Works+1","Outmaneuver+1","Dagger Throw+1"],"picked":"SKIP","floor":35.0},{"not_picked":["Prepared","ReplayTheSpireMod:Shiv Toss","Backflip+1"],"picked":"SKIP","floor":37.0},{"not_picked":["Blur+1","ReplayTheSpireMod:Tripwire","Underhanded Strike"],"picked":"SKIP","floor":38.0},{"not_picked":["Poisoned Stab","Dagger Throw"],"picked":"Backstab+1","floor":39.0},{"not_picked":["Slice","ReplayTheSpireMod:Speed Training","Well Laid Plans+1"],"picked":"SKIP","floor":42.0},{"not_picked":["Deadly Poison","ReplayTheSpireMod:Scrap Shanks","Acrobatics+1"],"picked":"SKIP","floor":45.0},{"not_picked":["Prepared","Quick Slash+1","Night Terror"],"picked":"SKIP","floor":47.0},{"not_picked":["ReplayTheSpireMod:The Works+1","Dagger Throw+1","Prepared+1"],"picked":"SKIP","floor":48.0}],"player_experience":167894,"relics_obtained":[{"floor":6.0,"key":"War Paint"},{"floor":14.0,"key":"Snake Skull"},{"floor":17.0,"key":"Replay:Bandana"},{"floor":17.0,"key":"Darkstone Periapt"},{"floor":17.0,"key":"Basket Of Snakes"},{"floor":23.0,"key":"Bottled Lightning"},{"floor":26.0,"key":"Vajra"},{"floor":27.0,"key":"Red Mask"},{"floor":36.0,"key":"Regal Pillow"},{"floor":43.0,"key":"Bag of Marbles"}],"event_choices":[{"cards_removed":["Strike_G"],"damage_healed":0.0,"max_hp_gain":0.0,"max_hp_loss":0.0,"gold_gain":0.0,"event_name":"The Cleric","player_choice":"Card Removal","floor":2.0,"gold_loss":50.0,"damage_taken":0.0},{"damage_healed":0.0,"max_hp_gain":0.0,"max_hp_loss":0.0,"gold_gain":75.0,"event_name":"World of Goop","player_choice":"Gather Gold","floor":4.0,"gold_loss":0.0,"damage_taken":11.0},{"cards_removed":["Defend_G"],"damage_healed":0.0,"max_hp_gain":0.0,"max_hp_loss":0.0,"gold_gain":0.0,"event_name":"Living Wall","player_choice":"Forget","floor":5.0,"gold_loss":0.0,"damage_taken":0.0},{"damage_healed":0.0,"max_hp_gain":0.0,"max_hp_loss":0.0,"gold_gain":0.0,"event_name":"The Woman in Blue","player_choice":"Bought 2 Potions","floor":12.0,"gold_loss":0.0,"damage_taken":0.0},{"damage_healed":0.0,"max_hp_gain":0.0,"max_hp_loss":0.0,"gold_gain":0.0,"event_name":"Masked Bandits","player_choice":"Fought Bandits","floor":27.0,"gold_loss":0.0,"damage_taken":0.0},{"damage_healed":0.0,"max_hp_gain":0.0,"max_hp_loss":0.0,"gold_gain":0.0,"cards_transformed":["Accuracy","Dodge and Roll"],"event_name":"Drug Dealer","player_choice":"Became Test Subject","floor":29.0,"gold_loss":0.0,"damage_taken":0.0,"cards_obtained":["Fluid Movement","Outmaneuver"]},{"damage_healed":0.0,"max_hp_gain":0.0,"max_hp_loss":0.0,"gold_gain":0.0,"event_name":"SecretPortal","player_choice":"Ignored","floor":41.0,"gold_loss":0.0,"damage_taken":0.0}],"is_beta":false,"boss_relics":[{"not_picked":["Ectoplasm","Cursed Key"],"picked":"Replay:Grab Bag"},{"not_picked":["Sozu","Runic Dome"],"picked":"ChewingGum"},{"not_picked":["Philosopher\u0027s Stone","Velvet Choker"],"picked":"SlaversCollar"},{"not_picked":["Ring of the Serpent","Astrolabe"],"picked":"Calling Bell"},{"not_picked":["Tiny House","Snecko Scales"],"picked":"Pandora\u0027s Box"},{"not_picked":["Abe\u0027s Treasure","WristBlade"],"picked":"Fusion Hammer"}],"items_purged_floors":[30,44],"is_endless":false,"potions_floor_spawned":[6,13,19,21,23,35,38],"killed_by":"Time Eater","ascension_level":0}}