{"host":"hfxahm4y1ssattqc","time":1609381417,"event":{"mods":["2.2 Compatiblity","Act Like it!","BaseMod","Beaked The Cultist","BetterRewards","Colored Map","Colored Powertips","Custom Start","Googly Eyes","Halation","Hallownest","Highlight Path","Hubris","Mimic Mod","Minty Spire (QoL Compilation)","Shop Mod","Spikes Relics","StSLib","The Bug Knight","The IronCluck","The Jungle","Unknown Chances","slay the spire mod where everything is the same but ironclad has a cowboy hat"],"gold_per_floor":[112,129,129,148,162,162,187,199,211,236,248,273,285,315,327,434,446,472,154,164,141,155,155,174,174,253,263,263,263,188,188,188,188,188],"floor_reached":33,"playtime":807,"items_purged":[],"score":249,"play_id":"8355bbfa-2c68-477c-a865-ef5716bb5e28","local_time":"20201230182337","is_ascension_mode":false,"campfire_choices":[{"data":"Redo","floor":6,"key":"SMITH"},{"floor":8,"key":"REST"},{"floor":15,"key":"REST"},{"floor":23,"key":"REST"},{"floor":29,"key":"REST"},{"floor":32,"key":"REST"}],"circlet_count":0,"master_deck":["Strike_B+1","Strike_B+1","Strike_B+1","Strike_B+1","Defend_B+1","Defend_B+1","Defend_B+1","Defend_B+1","Zap","All For One","Steam","Redo+1","Gash","Redo","Beam Cell","Chill","All For One","FTL","Go for the Eyes","Turbo+1","Conserve Battery","Gash"],"relics":["Cracked Core","MawBank","StrikeDummy","Black Star","HollowMod:StagPassRelic","halation:EternalFortune","MutagenicStrength"],"acts_visited":["Exordium","TheCity"],"potions_floor_usage":[16,18,33,33],"damage_taken":[{"damage":9,"enemies":"Cultist","floor":1,"turns":4},{"damage":1,"enemies":"Jaw Worm","floor":2,"turns":4},{"damage":0,"enemies":"Small Slimes","floor":4,"turns":3},{"damage":8,"enemies":"Blue Slaver","floor":5,"turns":3},{"damage":29,"enemies":"Gremlin Nob","floor":7,"turns":4},{"damage":7,"enemies":"2 Fungi Beasts","floor":10,"turns":2},{"damage":6,"enemies":"Exordium Wildlife","floor":12,"turns":2},{"damage":0,"enemies":"Looter","floor":14,"turns":3},{"damage":56,"enemies":"The Guardian","floor":16,"turns":8},{"damage":9,"enemies":"3 Byrds","floor":18,"turns":6},{"damage":28,"enemies":"Spheric Guardian","floor":20,"turns":4},{"damage":30,"enemies":"Snake Plant","floor":22,"turns":4},{"damage":17,"enemies":"Snecko","floor":24,"turns":6},{"damage":13,"enemies":"Chosen and Byrds","floor":27,"turns":6},{"damage":59,"enemies":"Champ","floor":33,"turns":7}],"seed_played":"-424710338161014635","potions_obtained":[{"floor":2,"key":"AttackPotion"},{"floor":5,"key":"Swift Potion"},{"floor":12,"key":"Energy Potion"},{"floor":22,"key":"SpeedPotion"},{"floor":24,"key":"FearPotion"}],"is_trial":false,"path_per_floor":["M","M","$","M","M","R","E","R","T","M","$","M","$","M","R","B",null,"M","$","M","$","M","R","M","?","T","M","?","R","?","?","R","B"],"character_chosen":"DEFECT","items_purchased":["HollowMod:StagPassRelic","FTL","Turbo"],"campfire_rested":5,"item_purchase_floors":[19,19,21],"current_hp_per_floor":[66,65,65,65,57,57,28,50,50,43,43,37,37,37,59,3,75,66,66,38,38,8,30,13,16,16,3,3,26,26,26,49,0,0],"gold":188,"neow_bonus":"ONE_RANDOM_RARE_CARD","is_daily":false,"chose_seed":false,"campfire_upgraded":1,"win_rate":0.0,"timestamp":1609381417,"path_taken":["M","?","?","M","M","R","E","R","T","?","$","M","$","M","R","BOSS","M","$","M","$","M","R","M","?","T","M","?","R","?","?","R","BOSS"],"items_purchased_type":["Relic","Card","Card"],"build_version":"2020-12-22","purchased_purges":0,"victory":false,"max_hp_per_floor":[75,75,75,75,75,75,75,75,75,75,75,75,75,75,75,75,75,75,75,75,75,75,75,75,78,78,78,78,78,78,78,78,78,78],"card_choices":[{"not_picked":["Hello World","Skim"],"picked":"Steam","floor":1},{"not_picked":["Sweeping Beam","Ball Lightning"],"picked":"Redo","floor":2},{"not_picked":["Turbo","Reprogram","Conserve Battery"],"picked":"SKIP","floor":4},{"not_picked":["Compile Driver","Leap"],"picked":"Gash","floor":5},{"not_picked":["Rebound","Capacitor"],"picked":"Redo","floor":7},{"not_picked":["Gash","Rebound"],"picked":"Beam Cell","floor":10},{"not_picked":["Lockon","Ball Lightning","Aggregate"],"picked":"SKIP","floor":12},{"not_picked":["Hologram","Go for the Eyes"],"picked":"Chill","floor":14},{"not_picked":["Hyperbeam","Seek"],"picked":"All For One","floor":16},{"not_picked":["Static Discharge+1","Steam","Beam Cell"],"picked":"SKIP","floor":18},{"not_picked":["Sunder","hubris:Ukulele"],"picked":"Go for the Eyes","floor":20},{"not_picked":["Barrage","Chill"],"picked":"Conserve Battery","floor":22},{"not_picked":["Hologram","Aggregate","Blizzard"],"picked":"SKIP","floor":24},{"not_picked":["Redo+1","Static Discharge"],"picked":"Gash","floor":27}],"player_experience":850950,"relics_obtained":[{"floor":7,"key":"MawBank"},{"floor":9,"key":"StrikeDummy"}],"event_choices":[{"damage_healed":0,"gold_gain":0,"player_choice":"Inject Mutagens","damage_taken":0,"relics_obtained":["MutagenicStrength"],"max_hp_gain":0,"max_hp_loss":0,"event_name":"Drug Dealer","floor":28,"gold_loss":0},{"cards_removed":["Dualcast"],"damage_healed":0,"gold_gain":0,"player_choice":"Gave Gold","damage_taken":0,"max_hp_gain":0,"max_hp_loss":0,"event_name":"Beggar","floor":30,"gold_loss":75},{"damage_healed":0,"gold_gain":0,"player_choice":"Simplicity","damage_taken":0,"max_hp_gain":0,"max_hp_loss":0,"event_name":"Back to Basics","floor":31,"gold_loss":0,"cards_upgraded":["Strike_B","Strike_B","Strike_B","Strike_B","Defend_B","Defend_B","Defend_B","Defend_B"]}],"is_beta":false,"boss_relics":[{"not_picked":["Inserter","hubris:VirtuousBlindfold"],"picked":"Black Star"}],"items_purged_floors":[],"is_endless":false,"potions_floor_spawned":[2,5,12,14,22,24],"killed_by":"Champ","ascension_level":0}}