{"host":"skr63qsdfgeey3it","time":1609381825,"event":{"mods":["BaseMod","Colored Map","Hubris","Minty Spire (QoL Compilation)","Replay The Spire","Robot Space Explorer","Spicy Shops","StSLib"],"gold_per_floor":[119,119,129,129,129,154,154,180,180,180,197,48,65,72,72,170,220,135,135,35,35,35,68,68,103,103,103,18,18,29,57,57,57,57],"floor_reached":33,"playtime":2677,"items_purged":["Clumsy","Voices"],"score":516,"play_id":"bb89a7b3-7ded-4a1e-9d32-913424a3f29f","local_time":"20201230203025","is_ascension_mode":true,"campfire_choices":[{"data":"Armaments","floor":7,"key":"SMITH"},{"floor":10,"key":"REST"},{"floor":15,"key":"REST"},{"data":"Entrench","floor":27,"key":"SMITH"},{"data":"hubris:StunningStrike","floor":29,"key":"SMITH"},{"floor":32,"key":"REST"}],"circlet_count":0,"master_deck":["AscendersBane","Defend_R+1","Defend_R+1","Defend_R","Defend_R","Bash","AbeCurse","Armaments+1","Shockwave+1","Entrench+1","hubris:StunningStrike+1","Impervious","Disarm","Burning Pact","Metallicize","Double Tap","ReplayReversal","Sentinel+1","Bite","Bite","Bite","Bite","Bite","ReplayTheSpireMod:Strike From Hell"],"relics":["Abe\u0027s Treasure","Vajra","ReplayTheSpireMod:Spearhead","hubris:TinFlute","Orrery","ReplayTheSpireMod:CursedCoin","Tiny House","MealTicket","Centennial Puzzle","Toy Ornithopter","hubris:DeckOfHolding","Self Forming Clay","Strawberry"],"acts_visited":["Exordium","TheCity"],"potions_floor_usage":[16,25,31],"damage_taken":[{"damage":4,"enemies":"2 Louse","floor":1,"turns":3},{"damage":0,"enemies":"Cultist","floor":3,"turns":3},{"damage":31,"enemies":"Gremlin Nob","floor":6,"turns":5},{"damage":13,"enemies":"Replay:BlueRogue","floor":8,"turns":7},{"damage":0,"enemies":"Jaw Worm","floor":11,"turns":3},{"damage":6,"enemies":"Red Slaver","floor":13,"turns":5},{"damage":42,"enemies":"Slime Boss","floor":16,"turns":11},{"damage":21,"enemies":"Chosen","floor":18,"turns":6},{"damage":17,"enemies":"Book of Stabbing","floor":23,"turns":9},{"damage":10,"enemies":"Gremlin Leader","floor":25,"turns":10},{"damage":21,"enemies":"Spheric Guardian","floor":30,"turns":5},{"damage":50,"enemies":"Slavers","floor":31,"turns":8},{"damage":0,"enemies":"Automaton","floor":33,"turns":3}],"seed_played":"8064437211207510736","potions_obtained":[{"floor":13,"key":"PowerPotion"},{"floor":17,"key":"Swift Potion"},{"floor":18,"key":"ElixirPotion"},{"floor":31,"key":"Fire Potion"}],"is_trial":false,"path_per_floor":["M","?","M","?","?","E","R","E","T","R","M","$","M","$","R","B",null,"M","?","$","?","$","E","?","E","T","R","?","R","M","E","R","B"],"character_chosen":"IRONCLAD","items_purchased":["Orrery","ReplayTheSpireMod:CursedCoin","Metallicize"],"campfire_rested":3,"item_purchase_floors":[12,14,14],"current_hp_per_floor":[68,68,68,52,52,21,21,8,8,32,32,32,26,26,50,8,67,46,46,61,61,76,59,59,59,59,59,59,59,41,19,38,40,40],"gold":57,"neow_bonus":"BOSS_RELIC","is_daily":false,"chose_seed":false,"campfire_upgraded":3,"win_rate":0.0,"timestamp":1609381825,"path_taken":["M","?","?","?","?","E","R","E","T","R","M","?","?","?","R","BOSS","M","?","$","?","$","E","?","E","T","R","?","R","?","E","R","BOSS"],"items_purchased_type":["Relic","Relic","Card"],"build_version":"2020-12-22","purchased_purges":2,"victory":false,"max_hp_per_floor":[80,80,80,80,80,80,80,80,80,80,80,80,80,80,80,80,85,85,85,85,85,85,85,59,59,59,59,59,59,59,66,66,66,66],"card_choices":[{"not_picked":["Havoc","Thunderclap"],"picked":"Armaments","floor":1},{"not_picked":["Twin Strike","Anger"],"picked":"Shockwave","floor":3},{"not_picked":["Hemokinesis","Power Through"],"picked":"Entrench","floor":6},{"not_picked":["Clash","Juggernaut"],"picked":"hubris:StunningStrike","floor":8},{"not_picked":["Pommel Strike","Havoc","Shrug It Off"],"picked":"SKIP","floor":11},{"not_picked":["Sword Boomerang","hubris:ReadiedAction"],"picked":"Impervious","floor":12},{"not_picked":["Inflame","Armaments"],"picked":"Disarm","floor":12},{"not_picked":["Heavy Blade","hubris:CleavingFinish"],"picked":"Burning Pact","floor":12},{"not_picked":["Shrug It Off","Havoc","Sever Soul"],"picked":"SKIP","floor":13},{"not_picked":["Hemogenesis","Corruption"],"picked":"Double Tap","floor":16},{"not_picked":["Cleave","Pummel"],"picked":"ReplayReversal","floor":17},{"not_picked":["Rupture","Clash+1","Warcry"],"picked":"SKIP","floor":18},{"not_picked":["Anger","Pommel Strike"],"picked":"Sentinel+1","floor":23},{"not_picked":["Massacre","Hemokinesis+1","Seeing Red"],"picked":"SKIP","floor":25},{"not_picked":["hubris:ReadiedAction","Burning Pact","Havoc"],"picked":"SKIP","floor":30},{"not_picked":["Pummel","Pommel Strike"],"picked":"ReplayTheSpireMod:Strike From Hell","floor":31}],"player_experience":733147,"relics_obtained":[{"floor":6,"key":"Vajra"},{"floor":8,"key":"ReplayTheSpireMod:Spearhead"},{"floor":9,"key":"hubris:TinFlute"},{"floor":23,"key":"Centennial Puzzle"},{"floor":25,"key":"Toy Ornithopter"},{"floor":26,"key":"hubris:DeckOfHolding"},{"floor":31,"key":"Strawberry"}],"event_choices":[{"cards_removed":["Strike_R"],"damage_healed":0,"gold_gain":0,"player_choice":"Purged","damage_taken":0,"max_hp_gain":0,"max_hp_loss":0,"event_name":"Purifier","floor":2,"gold_loss":0},{"damage_healed":0,"gold_gain":0,"player_choice":"Entered Light","damage_taken":16,"max_hp_gain":0,"max_hp_loss":0,"event_name":"Shining Light","floor":4,"gold_loss":0,"cards_upgraded":["Strike_R","Defend_R"]},{"damage_healed":0,"gold_gain":0,"player_choice":"Became a vampire","damage_taken":0,"max_hp_gain":0,"max_hp_loss":26,"event_name":"Vampires","floor":24,"gold_loss":0,"cards_obtained":["Bite","Bite","Bite","Bite","Bite"]},{"damage_healed":0,"gold_gain":0,"player_choice":"Obtained Relic","damage_taken":0,"relics_obtained":["Self Forming Clay"],"max_hp_gain":0,"max_hp_loss":0,"event_name":"Addict","floor":28,"gold_loss":85}],"is_beta":false,"boss_relics":[{"not_picked":["Velvet Choker","Busted Crown"],"picked":"Tiny House"}],"items_purged_floors":[14,20],"is_endless":false,"potions_floor_spawned":[13,18,31],"killed_by":"Automaton","ascension_level":12}}