{"host":"3edarkbdflqia4y6","time":1609439214,"event":{"mods":["Bard","BaseMod","Conspire","Downfall","Friendly Minions","Hermit","Hubris","Kiyohime????","Marisa????????","Minty Spire (QoL Compilation)","Remilia??????","Shade Mod","StSLib","The Animator","The Jungle","The Servant 0.9.4"],"gold_per_floor":[118,393,406,421,421,421,202,231,231,9,29,46,61,71,71,71,71],"floor_reached":16,"playtime":968,"items_purged":["Shade:Strike_Shade","Shade:Strike_Shade"],"score":104,"play_id":"f1039454-f602-4133-b08f-8679e4f4d615","local_time":"20201231132654","is_ascension_mode":false,"campfire_choices":[{"data":"Shade:Bonestorm","floor":6,"key":"SMITH"},{"data":"Shade:WallOfFlesh","floor":15,"key":"SMITH"}],"circlet_count":0,"master_deck":["Shade:Strike_Shade","Shade:Strike_Shade","Shade:Defend_Shade","Shade:Defend_Shade","Shade:Defend_Shade","Shade:Defend_Shade","Shade:AnimateDead","Shade:CarefulCut","Shade:FreshBones","Shade:Bonestorm+1","Shade:CommandSoldier","Shade:SkeletonHug","Shade:OpenGraves","Shade:Bonestorm","Shade:WallOfFlesh+1","Shade:CommandSoldier","Shade:AblativeArmor"],"relics":["Shade:YorickSkull","NeowsBlessing","Toolbox","Omamori"],"acts_visited":["Exordium"],"potions_floor_usage":[11,16,16,16],"damage_taken":[{"damage":0,"enemies":"2 Louse","floor":1,"turns":1},{"damage":0,"enemies":"Cultist","floor":3,"turns":1},{"damage":0,"enemies":"Small Slimes","floor":4,"turns":1},{"damage":40,"enemies":"Gremlin Nob","floor":8,"turns":5},{"damage":8,"enemies":"Exordium Thugs","floor":11,"turns":3},{"damage":1,"enemies":"Gremlin Gang","floor":12,"turns":2},{"damage":2,"enemies":"Exordium Wildlife","floor":13,"turns":2},{"damage":0,"enemies":"Looter","floor":14,"turns":4},{"damage":0,"enemies":"Hexaghost","floor":16,"turns":11}],"seed_played":"593521596614541214","potions_obtained":[{"floor":8,"key":"hexamod:EctoCoolerPotion"},{"floor":12,"key":"Guardian:BlockOnCardUsePotion"},{"floor":13,"key":"SkillPotion"},{"floor":14,"key":"Weak Potion"}],"is_trial":false,"path_per_floor":["M","?","M","M","?","R","$","E","T","$","M","M","M","M","R","B"],"character_chosen":"SHADE","items_purchased":["Toolbox","Shade:OpenGraves","Shade:Bonestorm"],"campfire_rested":0,"item_purchase_floors":[7,10,10],"current_hp_per_floor":[65,65,65,65,65,65,65,25,25,25,17,16,14,14,14,14,14],"gold":71,"neow_bonus":"THREE_ENEMY_KILL","is_daily":false,"chose_seed":false,"campfire_upgraded":2,"win_rate":0.0,"timestamp":1609439214,"path_taken":["M","?","M","?","?","R","?","E","T","$","M","M","M","M","R","BOSS"],"items_purchased_type":["Relic","Card","Card"],"build_version":"2020-12-22","purchased_purges":2,"victory":false,"max_hp_per_floor":[65,65,65,65,65,65,65,65,65,65,65,65,65,65,65,65,65],"card_choices":[{"not_picked":["Shade:FeralStrike","Shade:CoffinDance"],"picked":"Shade:FreshBones","floor":1},{"not_picked":["Shade:GraveStillness","Shade:AblativeArmor"],"picked":"Shade:Bonestorm","floor":3},{"not_picked":["Shade:FreshBones","Shade:BoneShards"],"picked":"Shade:CommandSoldier","floor":4},{"not_picked":["Shade:Bonestorm","Shade:DarkOfNight"],"picked":"Shade:SkeletonHug","floor":8},{"not_picked":["Shade:FeralStrike","Shade:FleshToFlesh","Shade:OpenGraves"],"picked":"SKIP","floor":11},{"not_picked":["Shade:SkeletonHug","Shade:FeralStrike"],"picked":"Shade:WallOfFlesh","floor":12},{"not_picked":["Shade:FleshToFlesh","Shade:FeralStrike"],"picked":"Shade:CommandSoldier","floor":13},{"not_picked":["Shade:SkeletonHug","Shade:Premonition"],"picked":"Shade:AblativeArmor","floor":14}],"player_experience":718275,"relics_obtained":[{"floor":8,"key":"Omamori"}],"event_choices":[{"damage_healed":0,"gold_gain":275,"player_choice":"Desecrate","damage_taken":0,"max_hp_gain":0,"max_hp_loss":0,"event_name":"Golden Shrine","floor":2,"gold_loss":0,"cards_obtained":["Regret"]},{"cards_removed":["Regret"],"damage_healed":0,"gold_gain":0,"player_choice":"Purged","damage_taken":0,"max_hp_gain":0,"max_hp_loss":0,"event_name":"Purifier","floor":5,"gold_loss":0}],"is_beta":false,"boss_relics":[],"items_purged_floors":[7,10],"is_endless":false,"potions_floor_spawned":[8,12,13,14],"killed_by":"Hexaghost","ascension_level":0}}