{"host":"1eo5f82aifdzd7pr","time":1609430892,"event":{"mods":["AchievementEnabler","BaseMod","Colored Map","Colored Powertips","DeckTracker","Marisa????????","Minty Spire (QoL Compilation)","StSLib","SuperFastMode","The Servant 0.9.4"],"gold_per_floor":[113,130,130,140,156,156,156,189,258,258,269,284,7,33,33,128,128,139,151,29,43,43,43,76,76,144,162,177,177,177,188,188,286,286,299,199,109,120,139,139,159,159,159,175,247,0,0,31,31,31],"floor_reached":51,"playtime":2859,"items_purged":["Defend_S","Strike_S","Strike_S"],"score":1172,"play_id":"11e7bbb3-6dbd-4360-bb3b-c2660f4ac5da","local_time":"20201231180812","is_ascension_mode":true,"campfire_choices":[{"data":"KidneyShot","floor":6,"key":"SMITH"},{"floor":10,"key":"REST"},{"data":"Defy","floor":15,"key":"SMITH"},{"data":"Exchange","floor":23,"key":"SMITH"},{"data":"Advance","floor":25,"key":"SMITH"},{"floor":29,"key":"REST"},{"data":"Starlight","floor":32,"key":"SMITH"},{"data":"SilverBlades","floor":40,"key":"SMITH"},{"data":"Sunlight","floor":42,"key":"SMITH"},{"data":"SilverBlades","floor":47,"key":"SMITH"},{"data":"BottledTime","floor":49,"key":"SMITH"}],"circlet_count":0,"master_deck":["AscendersBane","Defend_S","Defend_S","Defend_S","KidneyShot+1","Exchange+1","SilverBlades+1","Potential+1","Defy+1","SilverBlades+1","Rewind","Sabotage+1","TimeWarp+1","Sunlight+1","Contraction","Alleviate+1","BottledTime","Advance+1","TimeWarp","Starlight+1","Defy+1","Defy+1","BottledTime+1","TimeWarp","DualDimension+1"],"relics":["Uniform","StoneCalendar","Letter Opener","Whetstone","Boot","Sozu","PreservedInsect","The Courier","StoneMask","HornCleat","InkBottle","Red Mask","Mummified Hand"],"acts_visited":["Exordium","TheCity","TheBeyond"],"potions_floor_usage":[11,50],"damage_taken":[{"damage":0.0,"enemies":"Cultist","floor":1.0,"turns":5.0},{"damage":3.0,"enemies":"2 Louse","floor":2.0,"turns":4.0},{"damage":15.0,"enemies":"Small Slimes","floor":4.0,"turns":5.0},{"damage":19,"enemies":"Exordium Thugs","floor":5,"turns":7},{"damage":29,"enemies":"Gremlin Nob","floor":8,"turns":6},{"damage":4,"enemies":"Looter","floor":11,"turns":4},{"damage":4,"enemies":"Blue Slaver","floor":12,"turns":4},{"damage":8,"enemies":"Hexaghost","floor":16,"turns":11},{"damage":2,"enemies":"Chosen","floor":18,"turns":4},{"damage":4,"enemies":"Shell Parasite","floor":19,"turns":4},{"damage":0,"enemies":"3 Cultists","floor":21,"turns":4},{"damage":13,"enemies":"Book of Stabbing","floor":24,"turns":7},{"damage":11,"enemies":"Centurion and Healer","floor":27,"turns":5},{"damage":0,"enemies":"Snecko","floor":28,"turns":4},{"damage":0,"enemies":"Chosen and Byrds","floor":31,"turns":5},{"damage":0,"enemies":"Champ","floor":33,"turns":9},{"damage":13,"enemies":"3 Darklings","floor":35,"turns":4},{"damage":8,"enemies":"3 Shapes","floor":38,"turns":6},{"damage":0,"enemies":"Maw","floor":39,"turns":7},{"damage":0,"enemies":"Writhing Mass","floor":41,"turns":8},{"damage":0,"enemies":"3 Darklings","floor":44,"turns":3},{"damage":0,"enemies":"Reptomancer","floor":48,"turns":3},{"damage":55,"enemies":"Donu and Deca","floor":50,"turns":7}],"seed_played":"-1572518952420242013","potions_obtained":[{"floor":4,"key":"Energy Potion"},{"floor":8,"key":"LiquidMemories"},{"floor":16,"key":"Ancient Potion"}],"is_trial":false,"path_per_floor":["M","M","?","M","M","R","?","E","T","R","M","M","$","T","R","B",null,"M","M","$","M","?","R","E","R","T","M","M","R","?","M","R","B",null,"M","$","?","M","M","R","M","R","T","M","T","?","R","E","R","B",null],"character_chosen":"THE_SERVANT","items_purchased":["TimeWarp","Whetstone","BottledTime"],"campfire_rested":2,"item_purchase_floors":[13,13,20],"current_hp_per_floor":[65,62,67,52,33,33,33,4,4,26,22,18,18,18,18,10,60,58,54,54,54,40,40,27,27,27,16,16,40,40,40,40,40,71,61,61,61,62,65,65,68,68,68,71,71,71,71,74,74,25],"gold":31,"neow_bonus":"TEN_PERCENT_HP_BONUS","is_daily":false,"chose_seed":false,"campfire_upgraded":9,"win_rate":0.0,"timestamp":1609430892,"path_taken":["M","?","?","M","M","R","?","E","T","R","M","M","$","?","R","BOSS","M","M","$","M","?","R","E","R","T","M","M","R","?","M","R","BOSS","M","$","?","M","M","R","?","R","T","M","?","?","R","E","R","BOSS"],"items_purchased_type":["Card","Relic","Card"],"build_version":"2020-12-22","purchased_purges":3,"victory":true,"max_hp_per_floor":[71,71,76,76,76,76,76,76,76,76,76,76,76,76,76,76,76,76,76,76,76,81,81,81,81,81,81,81,81,81,81,81,81,81,82,82,82,85,86,86,87,87,87,88,88,88,88,89,89,91],"card_choices":[{"not_picked":["FastForward","Unruled","Deadline"],"picked":"SKIP","floor":1.0},{"not_picked":["Rewind","Ricochet"],"picked":"SilverBlades","floor":2.0},{"not_picked":["WasteNot","Moondial","Alleviate"],"picked":"SKIP","floor":4},{"not_picked":["TimeWarp","SpecialFormula"],"picked":"Potential","floor":5},{"not_picked":["Collapse","Moondial"],"picked":"SilverBlades","floor":8},{"not_picked":["SilverBlades","GearUp"],"picked":"Rewind","floor":11},{"not_picked":["Misdirection","ForgedInTime"],"picked":"Sabotage","floor":12},{"not_picked":["Embodiment","Initiator"],"picked":"Sunlight","floor":16},{"not_picked":["FanOfKnives+1","Rearm"],"picked":"Contraction","floor":18},{"not_picked":["Unruled+1","Replace+1"],"picked":"Alleviate+1","floor":19},{"not_picked":["ShatteredReality","DoubleEdge","Potential"],"picked":"SKIP","floor":21},{"not_picked":["RealityMarble","Unruled"],"picked":"Advance","floor":24},{"not_picked":["ShatteredReality","Potential","Orbit"],"picked":"SKIP","floor":27},{"not_picked":["SilverMatrix","Luminosity","ShatteredReality"],"picked":"SKIP","floor":28},{"not_picked":["Revamp","Read"],"picked":"Starlight","floor":31},{"not_picked":["Ricochet+1","TimeWarp+1"],"picked":"Defy+1","floor":35},{"not_picked":["InstantArmor","DoubleEdge"],"picked":"Defy+1","floor":38},{"not_picked":["Spin","Potential+1","TrueSight"],"picked":"SKIP","floor":39},{"not_picked":["ShatteredReality+1","Rewind"],"picked":"BottledTime","floor":41},{"not_picked":["Barrier+1","WasteNot+1"],"picked":"TimeWarp","floor":44},{"not_picked":["ShatteredReality","Read"],"picked":"DualDimension+1","floor":48}],"player_experience":769543,"relics_obtained":[{"floor":8,"key":"StoneCalendar"},{"floor":9,"key":"Letter Opener"},{"floor":14,"key":"Boot"},{"floor":24,"key":"PreservedInsect"},{"floor":26,"key":"The Courier"},{"floor":43,"key":"HornCleat"},{"floor":45,"key":"InkBottle"},{"floor":48,"key":"Mummified Hand"}],"event_choices":[{"damage_healed":0.0,"max_hp_gain":5.0,"max_hp_loss":0.0,"gold_gain":0.0,"event_name":"Big Fish","player_choice":"Donut","floor":3.0,"gold_loss":0.0,"damage_taken":0.0},{"damage_healed":0,"gold_gain":0,"cards_transformed":["Strike_S"],"player_choice":"Transformed","damage_taken":0,"max_hp_gain":0,"max_hp_loss":0,"event_name":"Transmorgrifier","floor":7,"gold_loss":0,"cards_obtained":["Defy"]},{"damage_healed":0,"gold_gain":0,"player_choice":"Shed Blood","damage_taken":19,"max_hp_gain":5,"max_hp_loss":0,"event_name":"Forgotten Altar","floor":22,"gold_loss":0},{"damage_healed":0,"gold_gain":0,"player_choice":"Read","damage_taken":0,"max_hp_gain":0,"max_hp_loss":0,"event_name":"The Library","floor":30,"gold_loss":0,"cards_obtained":["TimeWarp"]},{"cards_removed":["Strike_S"],"damage_healed":0,"gold_gain":0,"player_choice":"Upgrade and Remove","damage_taken":0,"max_hp_gain":0,"max_hp_loss":0,"event_name":"Designer","floor":37,"gold_loss":90,"cards_upgraded":["Potential"]},{"damage_healed":0,"gold_gain":0,"player_choice":"Paid","damage_taken":0,"relics_obtained":["Red Mask"],"max_hp_gain":0,"max_hp_loss":0,"event_name":"Tomb of Lord Red Mask","floor":46,"gold_loss":247}],"is_beta":false,"boss_relics":[{"not_picked":["Busted Crown","Coffee Dripper"],"picked":"Sozu"},{"not_picked":["Pandora\u0027s Box","MysterySword"],"picked":"StoneMask"}],"items_purged_floors":[13,20,36],"is_endless":false,"potions_floor_spawned":[4,8,16,18,21,27,33,39,48],"ascension_level":11}}