{"host":"5hj512uv6i1x1iks","time":1609451238,"event":{"mods":["BaseMod","Block Reminder","Colored Powertips","Minty Spire (QoL Compilation)","Random Character Button","Rare Cards Sparkle","Relic Stats","StSLib","ojb\u0027s Better Paths Mod","ojb\u0027s Info Mod"],"gold_per_floor":[114,114,114,134,5,5,40,50,50,50,50,50,76,90,90,164,164,178,189,189,189,218,218,250,250,303,315,315,335,362,19,19,19,19],"floor_reached":33,"playtime":890,"items_purged":["Pain"],"score":811,"play_id":"8508fd19-1969-41de-9fd3-9cdb6f783b44","local_time":"20201231154718","is_ascension_mode":true,"campfire_choices":[{"data":"Eruption","floor":6,"key":"SMITH"},{"data":"CrushJoints","floor":10,"key":"SMITH"},{"data":"Meditate","floor":15,"key":"SMITH"},{"data":"SpiritShield","floor":23,"key":"SMITH"},{"data":"FearNoEvil","floor":32,"key":"SMITH"}],"circlet_count":0,"master_deck":["AscendersBane","Strike_P","Strike_P","Strike_P","Strike_P","Defend_P+1","Defend_P","Defend_P+1","Defend_P","Eruption+1","Vigilance+1","Halt+1","EmptyFist","CutThroughFate+1","Brilliance","CrushJoints+1","Meditate+1","SpiritShield+1","FlurryOfBlows","Vengeance","FearNoEvil+1","TalkToTheHand","Conclude"],"relics":["PureWater","NeowsBlessing","WarpedTongs","MealTicket","InkBottle","Question Card","Snecko Eye","MutagenicStrength","Red Mask","War Paint","PreservedInsect","Turnip","Lantern"],"acts_visited":["Exordium","TheCity"],"potions_floor_usage":[33,33,33,33],"damage_taken":[{"damage":0,"enemies":"Jaw Worm","floor":1,"turns":1},{"damage":0,"enemies":"Cultist","floor":4,"turns":1},{"damage":0,"enemies":"Lagavulin","floor":7,"turns":1},{"damage":2,"enemies":"Small Slimes","floor":8,"turns":3},{"damage":0,"enemies":"Gremlin Nob","floor":13,"turns":2},{"damage":0,"enemies":"3 Louse","floor":14,"turns":2},{"damage":0,"enemies":"Slime Boss","floor":16,"turns":4},{"damage":12,"enemies":"3 Byrds","floor":18,"turns":6},{"damage":0,"enemies":"Spheric Guardian","floor":19,"turns":2},{"damage":10,"enemies":"Masked Bandits","floor":22,"turns":5},{"damage":3,"enemies":"Book of Stabbing","floor":24,"turns":3},{"damage":2,"enemies":"Snecko","floor":27,"turns":3},{"damage":0,"enemies":"Cultist and Chosen","floor":29,"turns":3},{"damage":0,"enemies":"Gremlin Leader","floor":30,"turns":3},{"damage":62,"enemies":"Champ","floor":33,"turns":10}],"seed_played":"-1043960233205781770","potions_obtained":[{"floor":1,"key":"EntropicBrew"},{"floor":4,"key":"GamblersBrew"},{"floor":16,"key":"LiquidMemories"}],"is_trial":false,"path_per_floor":["M","?","?","M","$","R","E","M","T","R","$","?","E","M","R","B",null,"M","M","?","?","?","R","E","$","T","M","?","M","E","$","R","B"],"character_chosen":"WATCHER","items_purchased":["CutThroughFate","TalkToTheHand","Lantern","Conclude"],"campfire_rested":0,"item_purchase_floors":[5,31,31,31],"current_hp_per_floor":[61,41,41,41,41,41,41,39,39,39,54,54,54,54,54,54,65,53,53,53,34,24,24,21,36,36,34,34,34,34,49,49,0,0],"gold":19,"neow_bonus":"THREE_ENEMY_KILL","is_daily":false,"chose_seed":false,"campfire_upgraded":5,"win_rate":0.0,"timestamp":1609451238,"path_taken":["M","?","?","?","?","R","E","M","T","R","$","?","E","M","R","BOSS","M","M","?","?","?","R","E","$","T","M","?","M","E","$","R","BOSS"],"items_purchased_type":["Card","Card","Relic","Card"],"build_version":"2020-12-22","purchased_purges":1,"victory":false,"max_hp_per_floor":[68,68,68,68,68,68,68,68,68,68,68,68,68,68,68,68,68,68,68,68,73,73,73,73,73,73,73,73,73,73,73,73,73,73],"relic_stats":{"counters":[15,49],"Snecko Eye":[73,73,55,68],"MealTicket":45,"PreservedInsect":51,"Turnip":[4],"War Paint":["Defend_P","Defend_P"],"Question Card":9,"obtain_stats":[{"Lantern":31,"NeowsBlessing":0,"PreservedInsect":26,"War Paint":24,"Question Card":13,"WarpedTongs":3,"MutagenicStrength":20,"Snecko Eye":17,"MealTicket":7,"Turnip":30,"Red Mask":22,"PureWater":0,"InkBottle":9},{"Lantern":14,"NeowsBlessing":0,"PreservedInsect":11,"War Paint":11,"Question Card":5,"WarpedTongs":1,"MutagenicStrength":9,"Snecko Eye":7,"MealTicket":3,"Turnip":14,"Red Mask":10,"PureWater":0,"InkBottle":4},{"Lantern":39,"NeowsBlessing":0,"PreservedInsect":30,"War Paint":30,"Question Card":8,"WarpedTongs":1,"MutagenicStrength":22,"Snecko Eye":14,"MealTicket":3,"Turnip":39,"Red Mask":27,"PureWater":0,"InkBottle":6}],"InkBottle":[18],"WarpedTongs":[47]},"card_choices":[{"not_picked":["CarveReality","Evaluate"],"picked":"Halt","floor":1},{"not_picked":["PathToVictory","FollowUp"],"picked":"EmptyFist","floor":4},{"not_picked":["EmptyBody","SandsOfTime"],"picked":"Brilliance","floor":7},{"not_picked":["EmptyFist","FollowUp"],"picked":"CrushJoints","floor":8},{"not_picked":["DeusExMachina","ClearTheMind","CrushJoints"],"picked":"SKIP","floor":13},{"not_picked":["Evaluate","Protect","Consecrate"],"picked":"Meditate","floor":14},{"not_picked":["Judgement","DevaForm","Establishment"],"picked":"SpiritShield","floor":16},{"not_picked":["EmptyFist","PathToVictory","FlyingSleeves","JustLucky"],"picked":"SKIP","floor":18},{"not_picked":["Prostrate+1","Protect","SandsOfTime","EmptyFist"],"picked":"SKIP","floor":19},{"not_picked":["ClearTheMind","CutThroughFate","Collect"],"picked":"FlurryOfBlows","floor":24},{"not_picked":["FlyingSleeves","BattleHymn+1","SandsOfTime","EmptyMind"],"picked":"SKIP","floor":27},{"not_picked":["CrushJoints","EmptyBody+1","CutThroughFate"],"picked":"Vengeance","floor":29},{"not_picked":["Consecrate","ReachHeaven+1","LikeWater"],"picked":"FearNoEvil","floor":30}],"player_experience":535558,"relics_obtained":[{"floor":7,"key":"MealTicket"},{"floor":9,"key":"InkBottle"},{"floor":13,"key":"Question Card"},{"floor":22,"key":"Red Mask"},{"floor":24,"key":"War Paint"},{"floor":26,"key":"PreservedInsect"},{"floor":30,"key":"Turnip"}],"event_choices":[{"damage_healed":0,"gold_gain":0,"player_choice":"Entered Light","damage_taken":20,"max_hp_gain":0,"max_hp_loss":0,"event_name":"Shining Light","floor":2,"gold_loss":0,"cards_upgraded":["Vigilance","Halt"]},{"damage_healed":0,"gold_gain":0,"player_choice":"Rummage","damage_taken":0,"relics_obtained":["WarpedTongs"],"max_hp_gain":0,"max_hp_loss":0,"event_name":"Accursed Blacksmith","floor":3,"gold_loss":0,"cards_obtained":["Pain"]},{"damage_healed":0,"gold_gain":0,"player_choice":"Grow","damage_taken":0,"max_hp_gain":0,"max_hp_loss":0,"event_name":"Living Wall","floor":12,"gold_loss":0,"cards_upgraded":["CutThroughFate"]},{"damage_healed":0,"gold_gain":0,"player_choice":"Inject Mutagens","damage_taken":0,"relics_obtained":["MutagenicStrength"],"max_hp_gain":0,"max_hp_loss":0,"event_name":"Drug Dealer","floor":20,"gold_loss":0},{"damage_healed":0,"gold_gain":0,"player_choice":"Shed Blood","damage_taken":24,"max_hp_gain":5,"max_hp_loss":0,"event_name":"Forgotten Altar","floor":21,"gold_loss":0},{"damage_healed":0,"gold_gain":0,"player_choice":"Fought Bandits","damage_taken":0,"max_hp_gain":0,"max_hp_loss":0,"event_name":"Masked Bandits","floor":22,"gold_loss":0},{"damage_healed":0,"gold_gain":0,"player_choice":"Got Potions","damage_taken":0,"max_hp_gain":0,"max_hp_loss":0,"event_name":"Lab","floor":28,"gold_loss":0}],"is_beta":false,"boss_relics":[{"not_picked":["Pandora\u0027s Box","Runic Pyramid"],"picked":"Snecko Eye"}],"items_purged_floors":[5],"is_endless":false,"potions_floor_spawned":[1,4,14,16,19,27],"killed_by":"Champ","ascension_level":19}}