{"host":"x7xd4wkamhrqrrvw","time":1609450589,"event":{"mods":["BaseMod","Minty Spire (QoL Compilation)","StSLib"],"gold_per_floor":[111,111,186,186,202,202,237,237,237,237,54,4,4,39,39,163,163,184,225,225,235,275,300,300,300],"floor_reached":24,"playtime":807,"items_purged":["Strike_P"],"score":388,"play_id":"0c04a5d6-c695-4004-850a-edd5a661f668","local_time":"20201231193629","is_ascension_mode":true,"campfire_choices":[{"data":"Eruption","floor":6,"key":"SMITH"},{"data":"Fasting2","floor":8,"key":"SMITH"},{"data":"Vigilance","floor":10,"key":"SMITH"},{"data":"DevaForm","floor":15,"key":"SMITH"}],"circlet_count":0,"master_deck":["Strike_P","Strike_P+1","Defend_P","Defend_P+1","Defend_P","Defend_P","Eruption+1","Vigilance+1","Consecrate","Fasting2+1","DevaForm+1","Wish"],"relics":["PureWater","NeowsBlessing","Golden Idol","Art of War","Membership Card","Akabeko","Velvet Choker","Red Mask","FaceOfCleric"],"acts_visited":["Exordium","TheCity"],"potions_floor_usage":[14,19,21,23,24],"damage_taken":[{"damage":0,"enemies":"2 Louse","floor":1,"turns":1},{"damage":0,"enemies":"Small Slimes","floor":5,"turns":1},{"damage":0,"enemies":"Gremlin Nob","floor":7,"turns":1},{"damage":7,"enemies":"Lagavulin","floor":14,"turns":7},{"damage":0,"enemies":"The Guardian","floor":16,"turns":10},{"damage":1,"enemies":"Spheric Guardian","floor":18,"turns":5},{"damage":0,"enemies":"Masked Bandits","floor":19,"turns":3},{"damage":13,"enemies":"2 Thieves","floor":21,"turns":4},{"damage":21,"enemies":"Centurion and Healer","floor":22,"turns":7},{"damage":14,"enemies":"Snake Plant","floor":23,"turns":7},{"damage":23,"enemies":"Gremlin Leader","floor":24,"turns":5}],"seed_played":"-7951936050997347751","potions_obtained":[{"floor":5,"key":"EssenceOfSteel"},{"floor":14,"key":"LiquidMemories"},{"floor":16,"key":"Energy Potion"},{"floor":19,"key":"GamblersBrew"},{"floor":22,"key":"LiquidMemories"}],"is_trial":false,"path_per_floor":["M","?","?","?","M","R","E","R","T","R","$","?","$","E","R","B",null,"M","?","?","M","M","M","E"],"character_chosen":"WATCHER","items_purchased":["Membership Card"],"campfire_rested":0,"item_purchase_floors":[11],"current_hp_per_floor":[65,47,36,22,22,22,22,22,22,22,22,22,22,15,15,15,58,57,57,57,45,25,12,0,0],"gold":300,"neow_bonus":"THREE_ENEMY_KILL","is_daily":false,"chose_seed":false,"campfire_upgraded":4,"win_rate":0.0,"timestamp":1609450589,"path_taken":["M","?","?","?","M","R","E","R","T","R","$","?","$","E","R","BOSS","M","?","?","?","M","M","E"],"items_purchased_type":["Relic"],"build_version":"2020-12-22","purchased_purges":1,"victory":false,"max_hp_per_floor":[72,72,72,72,72,72,72,72,72,72,72,72,72,72,72,72,72,72,72,72,73,74,75,75,75],"card_choices":[{"not_picked":["Halt","BowlingBash"],"picked":"Consecrate","floor":1},{"not_picked":["Consecrate","WreathOfFlame"],"picked":"Fasting2","floor":5},{"not_picked":["SashWhip","Tantrum"],"picked":"DevaForm","floor":7},{"not_picked":["MentalFortress","Wireheading","PathToVictory"],"picked":"SKIP","floor":14},{"not_picked":["Scrawl","Omniscience"],"picked":"Wish","floor":16},{"not_picked":["ThirdEye","Swivel","Consecrate+1"],"picked":"SKIP","floor":18},{"not_picked":["Crescendo+1","SashWhip","JustLucky"],"picked":"SKIP","floor":21},{"not_picked":["Fasting2","PathToVictory+1","Establishment"],"picked":"SKIP","floor":22},{"not_picked":["Evaluate","BowlingBash","EmptyFist"],"picked":"SKIP","floor":23}],"player_experience":259590,"relics_obtained":[{"floor":7,"key":"Art of War"},{"floor":14,"key":"Akabeko"},{"floor":19,"key":"Red Mask"}],"event_choices":[{"damage_healed":0,"gold_gain":0,"player_choice":"Take Damage","damage_taken":18,"relics_obtained":["Golden Idol"],"max_hp_gain":0,"max_hp_loss":0,"event_name":"Golden Idol","floor":2,"gold_loss":0},{"damage_healed":0,"gold_gain":75,"player_choice":"Gather Gold","damage_taken":11,"max_hp_gain":0,"max_hp_loss":0,"event_name":"World of Goop","floor":3,"gold_loss":0},{"damage_healed":0,"gold_gain":0,"player_choice":"Entered Light","damage_taken":14,"max_hp_gain":0,"max_hp_loss":0,"event_name":"Shining Light","floor":4,"gold_loss":0,"cards_upgraded":["Strike_P","Defend_P"]},{"cards_removed":["Strike_P"],"damage_healed":0,"gold_gain":0,"player_choice":"Card Removal","damage_taken":0,"max_hp_gain":0,"max_hp_loss":0,"event_name":"The Cleric","floor":12,"gold_loss":50},{"damage_healed":0,"gold_gain":0,"player_choice":"Fought Bandits","damage_taken":0,"max_hp_gain":0,"max_hp_loss":0,"event_name":"Masked Bandits","floor":19,"gold_loss":0},{"damage_healed":0,"gold_gain":0,"player_choice":"Trade","damage_taken":0,"relics_obtained":["FaceOfCleric"],"max_hp_gain":0,"max_hp_loss":0,"event_name":"FaceTrader","floor":20,"gold_loss":0}],"is_beta":false,"boss_relics":[{"not_picked":["Runic Dome","Cursed Key"],"picked":"Velvet Choker"}],"items_purged_floors":[11],"is_endless":false,"potions_floor_spawned":[5,14,16,19,22],"killed_by":"Gremlin Leader","ascension_level":8}}