{"host":"bz6gkvdcavhdnmlv","time":1609442417,"event":{"mods":["2.2 Compatiblity","Aspiration","BaseMod","BetterRewards","Block Reminder","CCEM","Clawfect","Colored Map","Conspire","Downfall","Energized Spire","GifTheSpireLib","Googly Eyes","Halation","Highlight Path","Hubris","Infinite Spire","Minty Spire (QoL Compilation)","Permanent Neow","Quick Restart","Replay The Spire","Spicy Shops","StSLib","Stuff the Spire","SuperFastMode","The Construct","The IronCluck","Unceasing Turn Reminder","everything is the same but u backflip on backflip"],"gold_per_floor":[3116,3132,3132,2366,2386,2413,2413,2257,2284,1684,1634,1654,1654,1670,1670,1774,1774,1795,1795,1795,1795,1811,1811],"floor_reached":22,"playtime":1237,"items_purged":[],"score":257,"play_id":"d83f31c9-8086-47fa-96de-03b8eb1e44dc","local_time":"20201231142017","is_ascension_mode":false,"campfire_choices":[{"floor":13,"key":"REST"},{"floor":15,"key":"REST"}],"circlet_count":0,"master_deck":["construct:Strike_Gold+1","construct:Strike_Gold+1","construct:Strike_Gold+1","construct:Strike_Gold+1","construct:Strike_Gold+1","construct:Defend_Gold+1","construct:Defend_Gold+1","construct:Defend_Gold+1","construct:Defend_Gold+1","construct:Defend_Gold+1","construct:AttackMode","construct:DefenseMode","construct:Autoturret","construct:OmegaCannon+1","construct:Autoturret","conspire:SpireCoStock","construct:Autoturret","construct:Tumble+1","construct:ShieldBurst+1","Decay","hubris:NaturalOne"],"relics":["construct:Cogwheel","Calipers","Ice Cream","TungstenRod","Anchor","Orichalcum","hubris:Icosahedron","halation:TwoAmDonut","Letter Opener","Dream Catcher","Cauldron","infinitespire:Joker Card","hubris:Towel","ClockworkSouvenir","Ancient Tea Set","Boot","Art of War","Molten Egg 2"],"acts_visited":["Exordium","TheCity"],"potions_floor_usage":[6,14,16,18],"damage_taken":[{"damage":1,"enemies":"2 Louse","floor":1,"turns":3},{"damage":4,"enemies":"Small Slimes","floor":2,"turns":7},{"damage":0,"enemies":"Jaw Worm","floor":5,"turns":3},{"damage":80,"enemies":"Gremlin Nob","floor":6,"turns":8},{"damage":0,"enemies":"2 Fungi Beasts","floor":12,"turns":4},{"damage":2,"enemies":"Looter","floor":14,"turns":4},{"damage":49,"enemies":"Slime Boss","floor":16,"turns":17},{"damage":32,"enemies":"conspire:FuzzyDice","floor":18,"turns":7},{"damage":8,"enemies":"conspire:MimicChest","floor":22,"turns":7}],"seed_played":"-5350440805033806402","potions_obtained":[{"floor":1,"key":"BlessingOfTheForge"},{"floor":4,"key":"Death Potion"},{"floor":4,"key":"Explosive Potion"},{"floor":6,"key":"SkillPotion"},{"floor":16,"key":"Dexterity Potion"}],"is_trial":false,"path_per_floor":["M","M","?","$","M","E","?","$","T","$","?","M","R","M","R_BF","B",null,"M","?","?","?","?"],"character_chosen":"THE_CONSTRUCT_MOD","items_purchased":["halation:TwoAmDonut","Letter Opener","construct:OmegaCannon+1","Dream Catcher","Cauldron","ClockworkSouvenir","construct:Autoturret","Boot","Art of War","Molten Egg 2"],"campfire_rested":2,"item_purchase_floors":[4,4,4,4,4,8,10,10,10,10],"current_hp_per_floor":[92,88,88,88,88,8,8,8,8,8,8,8,35,33,60,11,93,61,61,61,61,53,53],"gold":1811,"neow_bonus":"TEN_PERCENT_HP_BONUS","is_daily":false,"chose_seed":false,"campfire_upgraded":0,"win_rate":0.0,"timestamp":1609442417,"path_taken":["M","M","?","$","M","E","?","$","T","$","?","M","R","M","R_BF","BOSS","M","?","?","?","?"],"items_purchased_type":["Relic","Relic","Card","Relic","Relic","Relic","Card","Relic","Relic","Relic"],"build_version":"2020-12-22","purchased_purges":0,"victory":false,"max_hp_per_floor":[93,93,93,93,93,93,93,93,93,93,93,93,93,93,93,93,93,93,93,93,93,93,93],"card_choices":[{"not_picked":["construct:Construct_Overclock","construct:Enhance"],"picked":"construct:Autoturret","floor":1},{"not_picked":["construct:Analyze","construct:HardReboot","construct:SyphonStrike"],"picked":"SKIP","floor":2},{"not_picked":["construct:FocusedBeam","construct:SweepLaser","construct:SyphonStrike"],"picked":"SKIP","floor":5},{"not_picked":["construct:Zapper","construct:Construct_Overclock","construct:Electrocute"],"picked":"SKIP","floor":6},{"not_picked":["construct:CriticalHit+1","construct:FierceBash+1"],"picked":"construct:Autoturret","floor":12},{"not_picked":["construct:Impenetrable","construct:ShiftGuard","construct:HardReboot"],"picked":"SKIP","floor":14},{"not_picked":["construct:Accumulate+1","construct:ReactiveShield"],"picked":"construct:Tumble+1","floor":15},{"not_picked":["construct:LongRangeLance","construct:ShiftingStance"],"picked":"construct:ShieldBurst+1","floor":16},{"not_picked":["construct:Backfire+1","construct:Boost+1","construct:FocusedBeam+1"],"picked":"SKIP","floor":18}],"player_experience":214088,"relics_obtained":[{"floor":6,"key":"infinitespire:Joker Card"},{"floor":9,"key":"Ancient Tea Set"}],"event_choices":[{"damage_healed":0,"gold_gain":0,"player_choice":"Invest 1","damage_taken":0,"max_hp_gain":0,"max_hp_loss":0,"event_name":"conspire:Investor","floor":11,"gold_loss":0},{"damage_healed":0,"gold_gain":0,"player_choice":"Smashed Altar","damage_taken":0,"max_hp_gain":0,"max_hp_loss":0,"event_name":"Forgotten Altar","floor":19,"gold_loss":0,"cards_obtained":["Decay"]},{"damage_healed":0,"gold_gain":0,"player_choice":"Ignored","damage_taken":0,"max_hp_gain":0,"max_hp_loss":0,"event_name":"Ghosts","floor":20,"gold_loss":0},{"damage_healed":0,"gold_gain":0,"player_choice":"Simplicity","damage_taken":0,"max_hp_gain":0,"max_hp_loss":0,"event_name":"Back to Basics","floor":21,"gold_loss":0,"cards_upgraded":["construct:Strike_Gold","construct:Strike_Gold","construct:Strike_Gold","construct:Strike_Gold","construct:Strike_Gold","construct:Defend_Gold","construct:Defend_Gold","construct:Defend_Gold","construct:Defend_Gold","construct:Defend_Gold"]}],"is_beta":false,"boss_relics":[{"not_picked":["halation:SmartPhone","halation:Yufonium","aspiration:SecretTechniqueScroll"]}],"items_purged_floors":[],"is_endless":false,"potions_floor_spawned":[1,5,6,16],"killed_by":"conspire:MimicChest","ascension_level":0}}