{"host":"5gc11emcm5chfr5t","time":1609427867,"event":{"mods":["2.2 Compatiblity","AchievementEnabler","BaseMod","Bestiary","Better Note","Colored Map","Colored Powertips","Downfall","Googly Eyes","Minty Spire (QoL Compilation)","Rare Cards Sparkle","StSLib"],"gold_per_floor":[99,99,99,99,99,24,73,90,100,125,140,190,40,52,64,140,140,65,81,81,101,101,101,125,145,30,42,42,42],"floor_reached":28,"playtime":1048,"items_purged":["Regret","Pain"],"score":461,"play_id":"03856d27-ea49-44f9-98a6-74ade5cf52dc","local_time":"20201231101747","is_ascension_mode":true,"campfire_choices":[{"floor":1,"key":"RECALL"},{"data":"sneckomod:QuickMove","floor":13,"key":"SMITH"},{"data":"sneckomod:Transmogrify","floor":18,"key":"SMITH"}],"circlet_count":0,"master_deck":["AscendersBane","sneckomod:Defend","sneckomod:Defend","sneckomod:Defend+1","sneckomod:TailWhip","sneckomod:SnekBite+1","sneckomod:Unknown+1","sneckomod:Unknown","sneckomod:WideSting+1","sneckomod:RainOfDice","sneckomod:QuickMove+1","sneckomod:SlitherStrike","sneckomod:QuickMove","sneckomod:DiceBlock","sneckomod:UnknownBlock","sneckomod:IronFang","sneckomod:CheapStock","sneckomod:Transmogrify+1","sneckomod:Unknown0Cost+1","Bite","Bite","Bite","Bite","Bite","sneckomod:UnknownStrike","sneckomod:SoulRoll","sneckomod:UnknownExhaust","sneckomod:ImprovisedGuard"],"relics":["sneckomod:SneckoSoul","downfall:HeartsMalice","downfall:HeartBlessingBlue","downfall:HeartBlessingRed","downfall:HeartBlessingGreen","WarpedTongs","Letter Opener","Nunchaku","sneckomod:SneckoTalon"],"acts_visited":["Exordium","TheCity"],"potions_floor_usage":[10,15,16,25,27],"damage_taken":[{"damage":0,"enemies":"2 Louse","floor":2,"turns":1},{"damage":0,"enemies":"Cultist","floor":4,"turns":1},{"damage":0,"enemies":"downfall:FleeingMerchant","floor":6,"turns":1},{"damage":0,"enemies":"Jaw Worm","floor":8,"turns":4},{"damage":9,"enemies":"2 Fungi Beasts","floor":9,"turns":4},{"damage":6,"enemies":"Lagavulin","floor":10,"turns":6},{"damage":0,"enemies":"Blue Slaver","floor":11,"turns":3},{"damage":0,"enemies":"Lots of Slimes","floor":14,"turns":2},{"damage":19,"enemies":"Exordium Thugs","floor":15,"turns":5},{"damage":33,"enemies":"downfall:Watcher","floor":16,"turns":11},{"damage":41,"enemies":"Spheric Guardian","floor":19,"turns":8},{"damage":14,"enemies":"3 Byrds","floor":21,"turns":7},{"damage":28,"enemies":"Centurion and Healer","floor":25,"turns":7},{"damage":4,"enemies":"downfall:FleeingMerchant","floor":26,"turns":4},{"damage":58,"enemies":"Shelled Parasite and Fungi","floor":27,"turns":7},{"damage":55,"enemies":"Slavers","floor":28,"turns":4}],"seed_played":"3583875448752687799","potions_obtained":[{"floor":8,"key":"champ:CounterPotion"},{"floor":10,"key":"FairyPotion"},{"floor":11,"key":"ColorlessPotion"},{"floor":14,"key":"Regen Potion"},{"floor":15,"key":"ColorlessPotion"},{"floor":19,"key":"DuplicationPotion"},{"floor":25,"key":"Regen Potion"}],"is_trial":false,"path_per_floor":["R","M","?","M","?","$","T","M","M","E","M","?","R","M","M","B",null,"R","M","?","M","?","?","T","M","$","M","E"],"character_chosen":"THE_SNECKO","items_purchased":[],"campfire_rested":0,"item_purchase_floors":[],"current_hp_per_floor":[75,75,75,75,75,75,75,75,75,69,70,70,80,80,75,47,82,82,42,42,45,45,45,45,37,45,22,0,0],"gold":42,"neow_bonus":"THREE_ENEMY_KILL","is_daily":false,"chose_seed":false,"campfire_upgraded":2,"win_rate":0.0,"timestamp":1609427867,"path_taken":["R","M","?","?","?","$","T","M","M","E","M","?","R","M","M","BOSS","R","M","?","M","?","?","T","?","$","M","E"],"items_purchased_type":[],"build_version":"2020-12-22","purchased_purges":2,"victory":false,"max_hp_per_floor":[83,83,83,83,83,83,83,83,83,83,84,84,94,94,94,94,94,94,95,66,67,67,67,67,67,68,68,68,68],"card_choices":[{"not_picked":["sneckomod:IronFang","sneckomod:UnknownCommonAttack"],"picked":"sneckomod:WideSting","floor":2},{"not_picked":["sneckomod:Unknown1Cost","sneckomod:CheapStock"],"picked":"sneckomod:RainOfDice","floor":4},{"not_picked":["sneckomod:Unknown2Cost","sneckomod:UnknownDexterity"],"picked":"sneckomod:QuickMove","floor":6},{"not_picked":["sneckomod:Unknown0Cost","sneckomod:CheapStock"],"picked":"sneckomod:SlitherStrike","floor":8},{"not_picked":["sneckomod:UnknownDexterity","sneckomod:WideSting"],"picked":"sneckomod:QuickMove","floor":9},{"not_picked":["sneckomod:SoulDraw","sneckomod:DiceCrush"],"picked":"sneckomod:DiceBlock","floor":10},{"not_picked":["sneckomod:UnknownClassSLIMEBOUND","sneckomod:Nope"],"picked":"sneckomod:UnknownBlock","floor":11},{"not_picked":["sneckomod:DefensiveFlair","sneckomod:UnknownVulnerable"],"picked":"sneckomod:IronFang","floor":14},{"not_picked":["sneckomod:UnknownClassGREEN","sneckomod:UnknownBlock"],"picked":"sneckomod:CheapStock","floor":15},{"not_picked":["sneckomod:UnlimitedRolls","sneckomod:SerpentMind"],"picked":"sneckomod:Transmogrify","floor":16},{"not_picked":["sneckomod:UnknownClassBLUE","sneckomod:DiceCrush+1"],"picked":"sneckomod:Unknown0Cost+1","floor":19},{"not_picked":["sneckomod:MasterEye","sneckomod:DiceBlock"],"picked":"sneckomod:UnknownStrike","floor":21},{"not_picked":["sneckomod:UnknownUncommonAttack","sneckomod:MasterEye"],"picked":"sneckomod:SoulRoll","floor":25},{"not_picked":["sneckomod:UnknownClassTHE_CHAMP_GRAY","sneckomod:UnknownClassSLIMEBOUND+1"],"picked":"sneckomod:UnknownExhaust","floor":26},{"not_picked":["sneckomod:RainOfDice","sneckomod:UnknownStrike"],"picked":"sneckomod:ImprovisedGuard","floor":27}],"player_experience":513769,"relics_obtained":[{"floor":10,"key":"Blue Candle"},{"floor":19,"key":"sneckomod:SneckoTalon"},{"floor":21,"key":"Letter Opener"},{"floor":24,"key":"Blood Vial"},{"floor":25,"key":"Letter Opener"},{"floor":26,"key":"Nunchaku"},{"floor":27,"key":"sneckomod:SneckoTalon"}],"event_choices":[{"damage_healed":0,"gold_gain":0,"player_choice":"Upgraded","damage_taken":0,"max_hp_gain":0,"max_hp_loss":0,"event_name":"Upgrade Shrine","floor":3,"gold_loss":0,"cards_upgraded":["sneckomod:WideSting"]},{"damage_healed":0,"gold_gain":0,"player_choice":"Became a vampire","damage_taken":0,"max_hp_gain":0,"max_hp_loss":29,"event_name":"Vampires","floor":20,"gold_loss":0,"cards_obtained":["Bite","Bite","Bite","Bite","Bite"]},{"damage_healed":0,"gold_gain":0,"player_choice":"Rummage","damage_taken":0,"relics_obtained":["WarpedTongs"],"max_hp_gain":0,"max_hp_loss":0,"event_name":"Accursed Blacksmith","floor":23,"gold_loss":0,"cards_obtained":["Pain"]}],"is_beta":false,"boss_relics":[{"not_picked":["Empty Cage","Pandora\u0027s Box"],"picked":"sneckomod:SneckoTalon"}],"items_purged_floors":[6,26],"is_endless":false,"potions_floor_spawned":[8,10,11,14,15,19,21,25],"killed_by":"Slavers","ascension_level":20}}