{"host":"hwrdjx5eod2cxh09","time":1609443328,"event":{"mods":["AchievementEnabler","BaseMod","Bestiary","Minty Spire (QoL Compilation)","Relic Stats"],"gold_per_floor":[114,32,43,43,62,88,99,99,99,99,110,120,152,166,166,269,269,279,379,392,406,15,15,27,47,100,112,37,50,50,70,70,172,172,182,201,58,69,85,113,113,125,178,193,193,206,223,223,223],"floor_reached":48,"playtime":2411,"items_purged":["Decay"],"score":536,"play_id":"ac6aa6de-a252-4d20-a1d1-bd940d54fd58","local_time":"20210101043528","is_ascension_mode":false,"campfire_choices":[{"floor":10,"key":"REST"},{"data":"Defragment","floor":15,"key":"SMITH"},{"data":"Zap","floor":23,"key":"SMITH"},{"floor":30,"key":"REST"},{"floor":32,"key":"RECALL"},{"floor":41,"key":"DIG"}],"circlet_count":0,"master_deck":["Strike_B","Strike_B","Strike_B","Strike_B","Defend_B","Defend_B","Defend_B+1","Defend_B","Zap+1","Dualcast","Electrodynamics","Defragment+1","Dark Shackles+1","Cold Snap","Leap","Skim","Capacitor","Capacitor+1","Rainbow","Ball Lightning+1","Buffer","Chaos+1","Leap+1","Defragment+1","Coolheaded+1","Parasite"],"relics":["Cracked Core","Regal Pillow","Singing Bowl","Cursed Key","Incense Burner","Anchor","Fusion Hammer","DollysMirror","Shovel","Gambling Chip","Juzu Bracelet"],"acts_visited":["Exordium","TheCity","TheBeyond"],"potions_floor_usage":[13,16],"damage_taken":[{"damage":6,"enemies":"Cultist","floor":1,"turns":3},{"damage":0,"enemies":"Small Slimes","floor":3,"turns":2},{"damage":0,"enemies":"2 Louse","floor":5,"turns":2},{"damage":22,"enemies":"Lagavulin","floor":6,"turns":7},{"damage":1,"enemies":"Looter","floor":7,"turns":3},{"damage":10,"enemies":"Lots of Slimes","floor":11,"turns":2},{"damage":12,"enemies":"Gremlin Gang","floor":12,"turns":3},{"damage":9,"enemies":"Gremlin Nob","floor":13,"turns":5},{"damage":0,"enemies":"3 Louse","floor":14,"turns":2},{"damage":24,"enemies":"Hexaghost","floor":16,"turns":15},{"damage":0,"enemies":"Chosen","floor":18,"turns":5},{"damage":3,"enemies":"Shell Parasite","floor":20,"turns":6},{"damage":19,"enemies":"Sentry and Sphere","floor":21,"turns":10},{"damage":12,"enemies":"Snecko","floor":24,"turns":6},{"damage":4,"enemies":"Snake Plant","floor":25,"turns":5},{"damage":0,"enemies":"Shelled Parasite and Fungi","floor":27,"turns":6},{"damage":22,"enemies":"3 Cultists","floor":29,"turns":4},{"damage":0,"enemies":"Centurion and Healer","floor":31,"turns":6},{"damage":34,"enemies":"Champ","floor":33,"turns":13},{"damage":2,"enemies":"3 Shapes","floor":35,"turns":3},{"damage":1,"enemies":"Orb Walker","floor":36,"turns":3},{"damage":20,"enemies":"Sphere and 2 Shapes","floor":38,"turns":6},{"damage":0,"enemies":"3 Darklings","floor":39,"turns":4},{"damage":0,"enemies":"Nemesis","floor":40,"turns":11},{"damage":21,"enemies":"Spire Growth","floor":42,"turns":6},{"damage":0,"enemies":"Maw","floor":44,"turns":8},{"damage":0,"enemies":"Writhing Mass","floor":46,"turns":6},{"damage":8,"enemies":"Sphere and 2 Shapes","floor":47,"turns":4},{"damage":73,"enemies":"2 Orb Walkers","floor":48,"turns":6}],"seed_played":"3092654455897188260","potions_obtained":[{"floor":7,"key":"DistilledChaos"},{"floor":11,"key":"SteroidPotion"},{"floor":12,"key":"Block Potion"},{"floor":13,"key":"Explosive Potion"},{"floor":16,"key":"SteroidPotion"},{"floor":18,"key":"Swift Potion"},{"floor":24,"key":"Ancient Potion"},{"floor":29,"key":"DuplicationPotion"}],"is_trial":false,"path_per_floor":["M","$","M","?","M","E","M","?","T","R","M","M","E","M","R","B",null,"M","?","M","M","$","R","M","M","T","M","$","M","R","M","R","B",null,"M","M","$","M","M","E","R","M","T","M","?","M","M","?"],"character_chosen":"DEFECT","items_purchased":["Dark Shackles","Capacitor","Incense Burner","DollysMirror"],"campfire_rested":2,"item_purchase_floors":[2,22,22,37],"current_hp_per_floor":[69,69,69,69,69,47,46,31,31,68,58,46,39,41,41,19,81,83,83,80,63,63,63,53,49,49,49,49,29,70,70,70,36,89,87,86,86,68,68,70,70,51,51,53,53,55,49,0,0],"gold":223,"neow_bonus":"ONE_RANDOM_RARE_CARD","is_daily":false,"chose_seed":false,"campfire_upgraded":2,"win_rate":0.0,"timestamp":1609443328,"path_taken":["M","?","M","?","M","E","?","?","T","R","M","M","E","M","R","BOSS","M","?","M","M","$","R","M","M","T","?","$","M","R","M","R","BOSS","M","M","$","M","M","E","R","M","T","M","?","M","M","?"],"items_purchased_type":["Card","Card","Relic","Relic"],"build_version":"2020-12-22","purchased_purges":1,"victory":false,"max_hp_per_floor":[75,75,75,75,75,75,75,75,75,75,75,75,77,79,79,81,81,83,83,83,85,85,85,87,87,87,87,87,89,89,89,89,89,89,89,89,89,91,91,93,93,95,95,97,97,99,101,101,101],"relic_stats":{"Regal Pillow":30,"Shovel":1,"Singing Bowl":26,"counters":[29,162],"Gambling Chip":[14],"Juzu Bracelet":2,"Cursed Key":2,"obtain_stats":[{"Regal Pillow":6,"Anchor":26,"Shovel":40,"Singing Bowl":13,"DollysMirror":37,"Gambling Chip":41,"Fusion Hammer":34,"Incense Burner":22,"Juzu Bracelet":43,"Cracked Core":0,"Cursed Key":17},{"Regal Pillow":4,"Anchor":15,"Shovel":24,"Singing Bowl":8,"DollysMirror":21,"Gambling Chip":24,"Fusion Hammer":19,"Incense Burner":13,"Juzu Bracelet":25,"Cracked Core":0,"Cursed Key":10},{"Regal Pillow":14,"Anchor":76,"Shovel":132,"Singing Bowl":27,"DollysMirror":111,"Gambling Chip":132,"Fusion Hammer":105,"Incense Burner":65,"Juzu Bracelet":138,"Cracked Core":0,"Cursed Key":44}]},"card_choices":[{"not_picked":["Cold Snap","Redo"],"picked":"Defragment","floor":1},{"not_picked":["Sweeping Beam","Fusion"],"picked":"Cold Snap","floor":3},{"not_picked":["Fusion","Steam Power","Compile Driver"],"picked":"SKIP","floor":5},{"not_picked":["Multi-Cast","Fusion","FTL"],"picked":"SKIP","floor":6},{"not_picked":["Steam","Barrage","Stack"],"picked":"SKIP","floor":7},{"not_picked":["Double Energy","Barrage","Force Field"],"picked":"SKIP","floor":11},{"not_picked":["Fusion","Steam"],"picked":"Leap","floor":12},{"not_picked":["Cold Snap","Sunder","Beam Cell"],"picked":"Singing Bowl","floor":13},{"not_picked":["Go for the Eyes","Rebound","Rip and Tear"],"picked":"Singing Bowl","floor":14},{"not_picked":["Amplify","Electrodynamics","Biased Cognition"],"picked":"Singing Bowl","floor":16},{"not_picked":["Turbo+1","Doom and Gloom","Self Repair"],"picked":"Singing Bowl","floor":18},{"not_picked":["Gash","Streamline"],"picked":"Skim","floor":20},{"not_picked":["Leap","Chaos+1","Hologram+1"],"picked":"Singing Bowl","floor":21},{"not_picked":["Leap","Hologram","Compile Driver"],"picked":"Singing Bowl","floor":24},{"not_picked":["BootSequence","Coolheaded"],"picked":"Capacitor+1","floor":25},{"not_picked":["Leap","Compile Driver+1"],"picked":"Rainbow","floor":27},{"not_picked":["BootSequence","Hello World","Rebound+1"],"picked":"Singing Bowl","floor":29},{"not_picked":["Cold Snap","Hello World"],"picked":"Ball Lightning+1","floor":31},{"not_picked":["Fission","Hyperbeam"],"picked":"Buffer","floor":33},{"not_picked":["Stack","Sunder+1"],"picked":"Chaos+1","floor":35},{"not_picked":["Rebound","Conserve Battery"],"picked":"Leap+1","floor":36},{"not_picked":["Sweeping Beam","Cold Snap+1","Aggregate+1"],"picked":"Singing Bowl","floor":38},{"not_picked":["Go for the Eyes+1","Turbo"],"picked":"Coolheaded+1","floor":39},{"not_picked":["Streamline","Steam","Multi-Cast"],"picked":"Singing Bowl","floor":40},{"not_picked":["Barrage","Cold Snap+1","Steam"],"picked":"Singing Bowl","floor":42},{"not_picked":["Cold Snap","Turbo","Reprogram"],"picked":"Singing Bowl","floor":44},{"not_picked":["Compile Driver+1","Barrage","Reprogram+1"],"picked":"Singing Bowl","floor":46},{"not_picked":["Gash","Stack+1","Leap+1"],"picked":"Singing Bowl","floor":47}],"player_experience":133876,"relics_obtained":[{"floor":6,"key":"Regal Pillow"},{"floor":13,"key":"Singing Bowl"},{"floor":26,"key":"Anchor"},{"floor":40,"key":"Shovel"},{"floor":41,"key":"Gambling Chip"},{"floor":43,"key":"Juzu Bracelet"}],"event_choices":[{"damage_healed":0,"gold_gain":0,"player_choice":"Ignored","damage_taken":0,"max_hp_gain":0,"max_hp_loss":0,"event_name":"NoteForYourself","floor":4,"gold_loss":0},{"damage_healed":0,"gold_gain":0,"player_choice":"Entered Light","damage_taken":15,"max_hp_gain":0,"max_hp_loss":0,"event_name":"Shining Light","floor":8,"gold_loss":0,"cards_upgraded":["Defend_B","Dark Shackles"]},{"damage_healed":0,"gold_gain":100,"player_choice":"Pray","damage_taken":0,"max_hp_gain":0,"max_hp_loss":0,"event_name":"Golden Shrine","floor":19,"gold_loss":0},{"cards_removed":["Doubt"],"damage_healed":0,"gold_gain":0,"player_choice":"Purged","damage_taken":0,"max_hp_gain":0,"max_hp_loss":0,"event_name":"Purifier","floor":45,"gold_loss":0},{"damage_healed":0,"gold_gain":0,"player_choice":"Fight","damage_taken":0,"max_hp_gain":0,"max_hp_loss":0,"event_name":"Mysterious Sphere","floor":48,"gold_loss":0}],"is_beta":false,"boss_relics":[{"not_picked":["Snecko Eye","Coffee Dripper"],"picked":"Cursed Key"},{"not_picked":["Empty Cage","Runic Dome"],"picked":"Fusion Hammer"}],"items_purged_floors":[28],"is_endless":false,"potions_floor_spawned":[7,11,12,13,14,16,18,24,29,33,35,36,39,40,44],"killed_by":"2 Orb Walkers","ascension_level":0}}