{"host":"xtgfl0e7r8rfgbei","time":1609425506,"event":{"mods":["Arknights The Spire","BaseMod","Colored Map","Colored Powertips","Downfall","Infinite Spire","Marisa£®ÏF”Í°°ƒß¿Ì…≥£©","Minty Spire (QoL Compilation)","READ ME - Guardian Mod","Rare Cards Sparkle","Replay The Spire","StSLib","The Bug Knight","The Cursed","The Servant 0.9.4","≤–¡Ù÷ÆŒÔ"],"gold_per_floor":[115,134,134,0,0,10,35,51,51,51,64,81,92,107,107,203,203,215,65,65,65,65,65,65],"floor_reached":23,"playtime":1730,"items_purged":[],"score":193,"play_id":"6d5a935f-97a1-4cf0-b873-d4832a9818f9","local_time":"20201231223826","is_ascension_mode":false,"campfire_choices":[{"data":"HollowMod:InfectedAttack","floor":10,"key":"SMITH"},{"data":"HollowMod:HornetsHelp","floor":15,"key":"SMITH"}],"circlet_count":0,"master_deck":["HollowMod:NailStrikeStart","HollowMod:NailStrikeStart","HollowMod:NailStrikeStart","HollowMod:QuickDashStart","HollowMod:QuickDashStart","HollowMod:QuickDashStart","HollowMod:QuickDashStart","HollowMod:FocusHealStart","HollowMod:PogoStrike","HollowMod:CycloneSlash","HollowMod:SoulStrike","HollowMod:DescendingDark","HollowMod:DashSlash","HollowMod:CoiledNail","HollowMod:InfectedAttack+1","HollowMod:HornetsHelp+1","HollowMod:HowlingWraiths","HollowMod:ChannelNail","HollowMod:GoodIntentions","HollowMod:Weaversong","HollowMod:GrimmsGift"],"relics":["HollowMod:VesselMask","Bronze Scales","ats:Originium","Onion Ring","infinitespire:Eraser","Ring of Chaos","HollowMod:StagPassRelic","Nilry\u0027s Codex","Ring of Searing","Ring of Fury"],"acts_visited":["Exordium","TheCity"],"potions_floor_usage":[16,16,16,23],"damage_taken":[{"damage":1,"enemies":"Jaw Worm","floor":1,"turns":3},{"damage":1,"enemies":"Cultist","floor":2,"turns":3},{"damage":5,"enemies":"Small Slimes","floor":6,"turns":3},{"damage":8,"enemies":"Replay:BlueRogue","floor":7,"turns":5},{"damage":1,"enemies":"Exordium Thugs","floor":8,"turns":4},{"damage":9,"enemies":"Red Slaver","floor":11,"turns":3},{"damage":0,"enemies":"Blue Slaver","floor":12,"turns":2},{"damage":0,"enemies":"Looter","floor":13,"turns":2},{"damage":9,"enemies":"Exordium Wildlife","floor":14,"turns":2},{"damage":51,"enemies":"The Guardian","floor":16,"turns":10},{"damage":26,"enemies":"HollowMod:HuskSentry","floor":18,"turns":3},{"damage":19,"enemies":"Replay:Snechameleon","floor":23,"turns":3}],"seed_played":"314881191434351368","potions_obtained":[{"floor":2,"key":"Weak Potion"},{"floor":7,"key":"hexamod:EctoCoolerPotion"},{"floor":11,"key":"AttackPotion"},{"floor":14,"key":"Fire Potion"},{"floor":18,"key":"LiquidMemories"}],"is_trial":false,"path_per_floor":["M","M","?","$","?","M","E","M","T","R","M","M","M","M","R_BF","B",null,"M","?","?","?","?","E"],"character_chosen":"THE_BUGKNIGHT","items_purchased":["HollowMod:GreatSlash","HollowMod:DescendingDark"],"campfire_rested":0,"item_purchase_floors":[4,4],"current_hp_per_floor":[75,75,75,75,75,75,67,72,72,72,63,69,69,60,60,19,75,49,49,33,33,19,0,0],"gold":65,"neow_bonus":"RANDOM_COMMON_RELIC","is_daily":false,"chose_seed":false,"campfire_upgraded":2,"win_rate":0.0,"timestamp":1609425506,"path_taken":["M","M","?","?","?","M","E","M","T","R","M","?","M","M","R_BF","BOSS","M","?","?","?","?","E"],"items_purchased_type":["Card","Card"],"build_version":"2020-12-22","purchased_purges":0,"victory":false,"max_hp_per_floor":[75,75,75,75,75,75,75,75,75,75,75,75,75,75,75,75,75,75,75,75,75,80,80,80],"card_choices":[{"not_picked":["HollowMod:CloakDash","HollowMod:MantisMark"],"picked":"HollowMod:CycloneSlash","floor":1},{"not_picked":["HollowMod:FallenFury","HollowMod:HowlingWraiths"],"picked":"HollowMod:SoulStrike","floor":2},{"not_picked":["HollowMod:HeavyBlow","HollowMod:BlackTendrils"],"picked":"HollowMod:DashSlash","floor":6},{"not_picked":["HollowMod:ShadowDash","HollowMod:DescendingDark"],"picked":"HollowMod:CoiledNail","floor":7},{"not_picked":["HollowMod:SoulStrike","HollowMod:SharpenedShadows"],"picked":"HollowMod:InfectedAttack","floor":8},{"not_picked":["HollowMod:LifebloodCocoon","HollowMod:GrimmsGift"],"picked":"HollowMod:HornetsHelp","floor":11},{"not_picked":["HollowMod:CycloneSlash","HollowMod:DashSlash"],"picked":"HollowMod:HowlingWraiths","floor":12},{"not_picked":["HollowMod:SoulVessel","HollowMod:DoubleDash"],"picked":"HollowMod:ChannelNail","floor":13},{"not_picked":["HollowMod:ElderbugsWisdom","HollowMod:AbyssShriek"],"picked":"HollowMod:GoodIntentions","floor":14},{"not_picked":["HollowMod:theNailsmith","HollowMod:Hiveblood"],"picked":"HollowMod:Weaversong","floor":16},{"not_picked":["HollowMod:TaintedHusks","HollowMod:AbyssShriek"],"picked":"HollowMod:GrimmsGift","floor":18}],"player_experience":308717,"relics_obtained":[{"floor":7,"key":"ats:Originium"},{"floor":7,"key":"Onion Ring"},{"floor":9,"key":"infinitespire:Eraser"},{"floor":20,"key":"Nilry\u0027s Codex"},{"floor":21,"key":"Ring of Searing"},{"floor":21,"key":"Ring of Fury"}],"event_choices":[{"cards_removed":["HollowMod:NailStrikeStart"],"damage_healed":0,"gold_gain":0,"player_choice":"Purged","damage_taken":0,"max_hp_gain":0,"max_hp_loss":0,"event_name":"Purifier","floor":3,"gold_loss":0},{"cards_removed":["HollowMod:GreatSlash"],"damage_healed":0,"gold_gain":0,"player_choice":"Offered Uncommon","damage_taken":0,"max_hp_gain":0,"max_hp_loss":0,"event_name":"Bonfire Elementals","floor":5,"gold_loss":0},{"damage_healed":0,"gold_gain":0,"player_choice":"Obtained Book","damage_taken":16,"max_hp_gain":0,"max_hp_loss":0,"event_name":"Cursed Tome","floor":20,"gold_loss":0},{"damage_healed":0,"gold_gain":0,"player_choice":"Shed Blood","damage_taken":19,"max_hp_gain":5,"max_hp_loss":0,"event_name":"Forgotten Altar","floor":22,"gold_loss":0}],"is_beta":false,"boss_relics":[{"not_picked":["ReplayTheSpireMod:SealedPack","Runic Pyramid"],"picked":"Ring of Chaos"}],"items_purged_floors":[],"is_endless":false,"potions_floor_spawned":[2,7,11,12,14,18],"killed_by":"Replay:Snechameleon","ascension_level":0}}