{"host":"iy58fyt9wsbv4cf1","time":1609456679,"event":{"mods":["BaseMod","Better Altar","Better Match","Better Skull","Better Third Choice","BetterRewards","Conspire","Custom Start","Defuse TimeMaze Blight","Hubris","Infinite Spire","Minty Spire (QoL Compilation)","Permanent Neow","Quick Restart","Spicy Shops","StSLib"],"gold_per_floor":[119,130,55,70,90,90,121,121,195,38,57,132,142,153,153,250,250,268,168,179,189,111,111,127,127,127,127,155,155,155,165,165,264,264,276,287,297,317,36,36,61,61,61,61,61,61,61,72,72,72,72,72,37,72,72],"floor_reached":56,"playtime":1296,"items_purged":["Strike_R","Strike_R","Thunderclap+1"],"score":1599,"play_id":"78e15ca4-c9db-45d2-a2e9-27af2b9e03bc","local_time":"20201231181759","is_ascension_mode":false,"campfire_choices":[{"data":"Body Slam","floor":6.0,"key":"SMITH"},{"data":"Body Slam","floor":8.0,"key":"SMITH"},{"data":"Entrench","floor":15.0,"key":"SMITH"},{"data":"conspire:Purge","floor":23.0,"key":"SMITH"},{"data":"Battle Trance","floor":25.0,"key":"SMITH"},{"data":"Battle Trance+1","floor":27.0,"key":"SMITH"},{"floor":30.0,"key":"RECALL"},{"data":"Thunderclap","floor":32.0,"key":"SMITH"},{"data":"Shrug It Off","floor":40.0,"key":"SMITH"},{"data":"Shrug It Off","floor":42.0,"key":"SMITH"},{"data":"Shrug It Off+1","floor":45.0,"key":"SMITH"},{"data":"Shrug It Off+1","floor":49.0,"key":"SMITH"},{"data":"Shrug It Off+2","floor":52,"key":"SMITH"}],"circlet_count":0,"master_deck":["Body Slam+1","Body Slam+1","Shrug It Off+3","Shrug It Off+2","Entrench+1","conspire:Purge+1","Battle Trance+3","Shockwave"],"relics":["Burning Blood","conspire:InfiniteJournal","conspire:BottledYoYo","infinitespire:EmpoweringShard","hubris:PeanutButter","Lee\u0027s Waffle","conspire:SpecialSausage","infinitespire:PuzzleCube","hubris:VirtuousBlindfold","HandDrill","Frozen Egg 2","Darkstone Periapt","hubris:Icosahedron"],"acts_visited":["Exordium","TheCity","TheBeyond","TheEnding"],"potions_floor_usage":[55,55],"damage_taken":[{"damage":4.0,"enemies":"Cultist","floor":1.0,"turns":5.0},{"damage":3.0,"enemies":"Jaw Worm","floor":2.0,"turns":5.0},{"damage":5.0,"enemies":"Small Slimes","floor":4.0,"turns":4.0},{"damage":4.0,"enemies":"Exordium Thugs","floor":5.0,"turns":5.0},{"damage":27.0,"enemies":"Gremlin Nob","floor":7.0,"turns":4.0},{"damage":0.0,"enemies":"Blue Slaver","floor":11.0,"turns":3.0},{"damage":0.0,"enemies":"2 Fungi Beasts","floor":13.0,"turns":3.0},{"damage":0.0,"enemies":"Gremlin Gang","floor":14.0,"turns":4.0},{"damage":14.0,"enemies":"The Guardian","floor":16.0,"turns":12.0},{"damage":9.0,"enemies":"Shell Parasite","floor":18.0,"turns":4.0},{"damage":0.0,"enemies":"conspire:FuzzyDice","floor":20.0,"turns":5.0},{"damage":13.0,"enemies":"Cultist and Chosen","floor":21.0,"turns":7.0},{"damage":0.0,"enemies":"conspire:HollyBat","floor":24.0,"turns":5.0},{"damage":1.0,"enemies":"conspire:SneckoGhost","floor":28.0,"turns":4.0},{"damage":0.0,"enemies":"Snecko","floor":31.0,"turns":4.0},{"damage":0.0,"enemies":"conspire:MysteriousRune","floor":33.0,"turns":4.0},{"damage":0.0,"enemies":"3 Shapes","floor":35.0,"turns":3.0},{"damage":0.0,"enemies":"3 Darklings","floor":36.0,"turns":2.0},{"damage":0.0,"enemies":"Sphere and 2 Shapes","floor":37.0,"turns":2.0},{"damage":0.0,"enemies":"4 Shapes","floor":38.0,"turns":1.0},{"damage":0.0,"enemies":"Nightmare","floor":41.0,"turns":3.0},{"damage":0.0,"enemies":"Maw","floor":48.0,"turns":2.0},{"damage":0,"enemies":"Awakened One","floor":50,"turns":3},{"damage":0,"enemies":"Shield and Spear","floor":54,"turns":1},{"damage":21,"enemies":"The Heart","floor":55,"turns":5}],"seed_played":"2910900495744503899","potions_obtained":[{"floor":2.0,"key":"SkillPotion"},{"floor":7.0,"key":"FearPotion"},{"floor":13.0,"key":"SmokeBomb"},{"floor":21.0,"key":"EssenceOfSteel"}],"is_trial":false,"path_per_floor":["M","M","$","M","M","R","E","R","T","$","M","?","M","M","R","B",null,"M","$","M","M","$","R","M","R","T","R","E","?","R","M","R","B",null,"M","M","M","M","$","R","NM","R","T","$","R","?","?","M","R","B",null,"R","$","E","B",null],"character_chosen":"IRONCLAD","items_purchased":["Body Slam","Body Slam","conspire:InfiniteJournal","Shrug It Off","conspire:BottledYoYo","Lee\u0027s Waffle","infinitespire:PuzzleCube","HandDrill","Shockwave"],"campfire_rested":0,"item_purchase_floors":[0,0,0,0,0,10,22,39,53],"current_hp_per_floor":[46,49,49,50,52,52,31,31,31,87,87,79,85,87,87,79,87,84,84,87,80,80,80,86,86,86,86,87,87,87,87,87,87,87,87,87,87,87,87,87,87,87,87,87,87,87,87,87,87,87,87,87,87,87,72],"gold":72,"neow_bonus":"","is_daily":false,"chose_seed":false,"campfire_upgraded":12,"win_rate":0.0,"timestamp":1609456679,"path_taken":["M","M","$","M","?","R","E","R","T","$","M","?","M","M","R","BOSS","M","$","M","M","$","R","?","R","T","R","E","?","R","?","R","BOSS","M","M","M","M","?","R","NM","R","T","$","R","?","?","M","R","BOSS","R","$","E","BOSS"],"items_purchased_type":["Card","Card","Relic","Card","Relic","Relic","Relic","Relic","Card"],"build_version":"2020-12-22","purchased_purges":3,"victory":true,"max_hp_per_floor":[80,80,80,80,80,80,80,80,80,87,87,87,87,87,87,87,87,87,87,87,87,87,87,87,87,87,87,87,87,87,87,87,87,87,87,87,87,87,87,87,87,87,87,87,87,87,87,87,87,87,87,87,87,87,87],"card_choices":[{"not_picked":["Cleave","Body Slam","Clothesline"],"picked":"SKIP","floor":1.0},{"not_picked":["Wild Strike","Anger","Heavy Blade"],"picked":"SKIP","floor":2.0},{"not_picked":["hubris:ReadiedAction","Havoc","Demon Form"],"picked":"SKIP","floor":4.0},{"not_picked":["hubris:SharpeningStone","True Grit","Warcry"],"picked":"SKIP","floor":5.0},{"not_picked":["Pommel Strike","Metallicize","Burning Pact"],"picked":"SKIP","floor":7.0},{"not_picked":["Reckless Charge","Heavy Blade"],"picked":"Shrug It Off","floor":11.0},{"not_picked":["Anger","Rupture","Sword Boomerang"],"picked":"SKIP","floor":13.0},{"not_picked":["Armaments","Infernal Blade"],"picked":"Entrench","floor":14.0},{"not_picked":["conspire:HitWhereItHurts","Reaper"],"picked":"conspire:Purge","floor":16.0},{"not_picked":["Combust+1","Iron Wave","Evolve+1"],"picked":"SKIP","floor":18.0},{"not_picked":["Cleave","Havoc","Flame Barrier+1"],"picked":"SKIP","floor":20.0},{"not_picked":["Infernal Blade","Wild Strike"],"picked":"Battle Trance","floor":21.0},{"not_picked":["Sword Boomerang+1","Infernal Blade","Twin Strike"],"picked":"SKIP","floor":24.0},{"not_picked":["Twin Strike","Limit Break","Whirlwind"],"picked":"SKIP","floor":28.0},{"not_picked":["Spot Weakness","Pummel"],"picked":"Thunderclap","floor":31.0},{"not_picked":["Flex+1","Burning Pact","Anger"],"picked":"SKIP","floor":35.0},{"not_picked":["Anger+1","Body Slam+1","Disarm+1"],"picked":"SKIP","floor":36.0},{"not_picked":["Havoc","Wild Strike","Sword Boomerang+1"],"picked":"SKIP","floor":37.0},{"not_picked":["Infernal Blade","Feel No Pain+1","Body Slam"],"picked":"SKIP","floor":38.0},{"not_picked":["Clash","Wild Strike+1","Corruption+1"],"picked":"SKIP","floor":41.0},{"not_picked":["True Grit","Headbutt+1","Iron Wave"],"picked":"SKIP","floor":48.0},{"not_picked":["Reaper","conspire:Charge+1","Shockwave+1"],"picked":"SKIP","floor":54}],"player_experience":47438,"relics_obtained":[{"floor":7.0,"key":"infinitespire:EmpoweringShard"},{"floor":9.0,"key":"hubris:PeanutButter"},{"floor":41.0,"key":"Frozen Egg 2"},{"floor":43.0,"key":"Darkstone Periapt"}],"event_choices":[{"damage_healed":0.0,"max_hp_gain":0.0,"max_hp_loss":0.0,"gold_gain":75.0,"event_name":"FaceTrader","player_choice":"Touch","floor":12.0,"gold_loss":0.0,"damage_taken":8.0},{"damage_healed":0.0,"max_hp_gain":0.0,"max_hp_loss":0.0,"gold_gain":0.0,"event_name":"Accursed Blacksmith","player_choice":"Forge","floor":29.0,"gold_loss":0.0,"damage_taken":0.0,"cards_upgraded":["Battle Trance"]},{"damage_healed":0.0,"max_hp_gain":0.0,"max_hp_loss":0.0,"gold_gain":0.0,"event_name":"Duplicator","player_choice":"Ignored","floor":47.0,"gold_loss":0.0,"damage_taken":0.0}],"is_beta":false,"boss_relics":[{"not_picked":["infinitespire:Burning Sword","hubris:ScarierMask"],"picked":"conspire:SpecialSausage"},{"not_picked":["Runic Cube","SacredBark"],"picked":"hubris:VirtuousBlindfold"}],"items_purged_floors":[3,19,39],"is_endless":false,"potions_floor_spawned":[2,7,13,21,24,28,35,38],"ascension_level":0}}