{"host":"ei424ha2zqt1xblg","time":1609429858,"event":{"mods":["BaseMod","Downfall-Rebalance","Minty Spire (QoL Compilation)","MostiFishMod","StSLib","TestMod","The Bug Knight","Waifu the Spire"],"gold_per_floor":[123,149,173,185,197,237,260,291,326,356,397,409,52,63,63,158,-1242,-1222,-1222,-1204,-1204,-1190,-1157,-1157,-1123,-1123,-1105,-1092,-1058,-1041,-1016,-1016,-912,-912,-891,-791,-768,-733,-733,-733,-683,-683,-659,-623,-623,-580,-554,-528,-528,-511,-511,-511,-511,-463,-431],"floor_reached":56,"playtime":2478,"items_purged":["HollowMod:NailStrikeStart"],"score":1644,"play_id":"d770e835-266f-44ff-99c0-e7bd9af2d733","local_time":"20201231235058","is_ascension_mode":true,"campfire_choices":[{"data":"HollowMod:SoulSplash","floor":12,"key":"SMITH"},{"data":"HollowMod:SoulEater","floor":15,"key":"SMITH"},{"data":"HollowMod:PureVessel","floor":24,"key":"SMITH"},{"data":"HollowMod:FocusHealStart","floor":32,"key":"SMITH"},{"floor":40,"key":"RECALL"},{"data":"HollowMod:HuntersJournal","floor":42,"key":"SMITH"},{"data":"HollowMod:HowlingWraiths","floor":49,"key":"SMITH"},{"data":"HollowMod:GoodIntentions","floor":52,"key":"SMITH"}],"circlet_count":0,"master_deck":["HollowMod:NailStrikeStart","HollowMod:NailStrikeStart","HollowMod:NailStrikeStart","HollowMod:QuickDashStart","HollowMod:QuickDashStart","HollowMod:QuickDashStart","HollowMod:FocusHealStart+1","HollowMod:PogoStrike","HollowMod:InfectedCysts","HollowMod:SoulSplash+1","HollowMod:HowlingWraiths+1","HollowMod:GoodIntentions+1","HollowMod:PerfectDash","HollowMod:SoulEater+1","HollowMod:SoulVessel","HollowMod:PureVessel+1","HollowMod:HuntersJournal+1","HollowMod:MantisMark+1","HollowMod:HuntersJournal+1","HollowMod:NewLittleFool+1","HollowMod:SoulShaman+1","HollowMod:CornifersMapStart+1"],"relics":["HollowMod:VesselMask","testmod-TestBox","DaveBox","MawBank","GuanYuAspect","testmod-ChristmasGift","SynthV:TestCard","Akabeko","Happy Flower","testmod-AssaultLearning","Mummified Hand","SynthV:MejaisSoulstealer","Oddly Smooth Stone","testmod-ArcanaOfDestiny","Bottled Tornado","Guardian:PocketSentry","Dream Catcher","testmod-DeterminationOfClimber","Pantograph","Kunai","Shuriken"],"acts_visited":["Exordium","TheCity","TheBeyond","TheEnding"],"potions_floor_usage":[6,11,11,14,25,25,55],"damage_taken":[{"damage":0,"enemies":"Cultist","floor":1,"turns":2},{"damage":15,"enemies":"Jaw Worm","floor":2,"turns":4},{"damage":0,"enemies":"2 Louse","floor":3,"turns":1},{"damage":22,"enemies":"Gremlin Nob","floor":6,"turns":4},{"damage":4,"enemies":"Large Slime","floor":7,"turns":2},{"damage":8,"enemies":"Red Slaver","floor":8,"turns":3},{"damage":0,"enemies":"3 Louse","floor":10,"turns":1},{"damage":14,"enemies":"HollowMod:MossKnight","floor":11,"turns":3},{"damage":0,"enemies":"HollowMod:HuskWarrior","floor":14,"turns":3},{"damage":7,"enemies":"Slime Boss","floor":16,"turns":7},{"damage":0,"enemies":"Spheric Guardian","floor":18,"turns":3},{"damage":0,"enemies":"HollowMod:HuskSentry","floor":20,"turns":2},{"damage":0,"enemies":"Snake Plant","floor":22,"turns":2},{"damage":6,"enemies":"HollowMod:Nosk","floor":23,"turns":4},{"damage":2,"enemies":"Gremlin Leader","floor":25,"turns":3},{"damage":0,"enemies":"Snecko","floor":27,"turns":2},{"damage":8,"enemies":"Centurion and Healer","floor":28,"turns":3},{"damage":0,"enemies":"Slavers","floor":29,"turns":2},{"damage":0,"enemies":"Cultist and Chosen","floor":30,"turns":2},{"damage":4,"enemies":"Book of Stabbing","floor":31,"turns":3},{"damage":0,"enemies":"Collector","floor":33,"turns":3},{"damage":10,"enemies":"3 Shapes","floor":35,"turns":1},{"damage":0,"enemies":"Orb Walker","floor":37,"turns":1},{"damage":22,"enemies":"Transient","floor":38,"turns":3},{"damage":0,"enemies":"Giant Head","floor":41,"turns":2},{"damage":0,"enemies":"HollowMod:StalkingDevout","floor":44,"turns":1},{"damage":0,"enemies":"Reptomancer","floor":46,"turns":1},{"damage":0,"enemies":"Writhing Mass","floor":47,"turns":1},{"damage":0,"enemies":"HollowMod:SlobberingHusk","floor":48,"turns":2},{"damage":0,"enemies":"Donu and Deca","floor":50,"turns":1},{"damage":18,"enemies":"Shield and Spear","floor":54,"turns":2},{"damage":4,"enemies":"The Heart","floor":55,"turns":2}],"seed_played":"-1101456209841917105","potions_obtained":[{"floor":2,"key":"SkillPotion"},{"floor":8,"key":"PowerPotion"},{"floor":10,"key":"BlessingOfTheForge"},{"floor":16,"key":"Strength Potion"},{"floor":22,"key":"hexamod:EctoCoolerPotion"},{"floor":25,"key":"FearPotion"},{"floor":35,"key":"Strength Potion"},{"floor":46,"key":"BlessingOfTheForge"},{"floor":47,"key":"LiquidMemories"}],"is_trial":false,"path_per_floor":["M","M","M","?","$","E","M","M","T","M","E","R","$","M","R","B",null,"M","?","M","?","M","E","R","E","T","M","M","E","M","E","R","B",null,"M","?","M","M","$","R","E","R","T","E","?","E","M","M","R","B",null,"R","$","E","B",null],"character_chosen":"THE_BUGKNIGHT","items_purchased":["Mummified Hand","HollowMod:SoulEater"],"campfire_rested":0,"item_purchase_floors":[13,13],"current_hp_per_floor":[38,34,38,57,57,47,51,53,53,57,52,52,52,64,64,74,76,76,60,70,70,80,81,81,81,81,81,81,81,81,81,81,81,81,78,78,81,81,81,81,81,81,81,81,81,81,81,81,81,81,81,81,81,81,81],"gold":-431,"neow_bonus":"RANDOM_COMMON_RELIC","is_daily":false,"chose_seed":false,"campfire_upgraded":7,"win_rate":0.0,"timestamp":1609429858,"path_taken":["M","M","?","?","$","E","M","M","T","M","E","R","$","M","R","BOSS","M","?","M","?","M","E","R","E","T","M","M","E","M","E","R","BOSS","M","?","M","M","?","R","E","R","T","E","?","E","M","M","R","BOSS","R","$","E","BOSS"],"items_purchased_type":["Relic","Card"],"build_version":"2020-12-22","purchased_purges":1,"victory":true,"max_hp_per_floor":[38,38,38,76,76,76,76,76,76,76,76,76,76,76,76,76,76,76,81,81,81,81,81,81,81,81,81,81,81,81,81,81,81,81,81,81,81,81,81,81,81,81,81,81,81,81,81,81,81,81,81,81,81,81,81],"card_choices":[{"not_picked":["HollowMod:SoulStrike","HollowMod:SoulVessel"],"picked":"HollowMod:InfectedCysts","floor":1},{"not_picked":["HollowMod:MothsMistake","HollowMod:ShadowDash","HollowMod:SoulShaman","HollowMod:SharpenedNail"],"picked":"HollowMod:SoulSplash","floor":2},{"not_picked":["HollowMod:HeavyBlow","HollowMod:HornetsHelp","HollowMod:LifebloodCocoon","HollowMod:ShapeofUnn"],"picked":"HollowMod:HowlingWraiths","floor":3},{"not_picked":["HollowMod:ShadowDash","HollowMod:CornifersMapStart","HollowMod:SharpenedShadows","HollowMod:VengefulVoid","HollowMod:HowlingWraiths"],"picked":"SKIP","floor":6},{"not_picked":["HollowMod:CrystalDash","HollowMod:Weaversong","HollowMod:InfectedCysts","HollowMod:FallenFury"],"picked":"HollowMod:GoodIntentions","floor":7},{"not_picked":["HollowMod:AbyssShriek","HollowMod:ShadowDash","HollowMod:HeavyBlow","HollowMod:SoulSplash","HollowMod:LifebloodCocoon"],"picked":"SKIP","floor":8},{"not_picked":["HollowMod:DescendingDark","HollowMod:HeavyBlow","HollowMod:CloakDash","HollowMod:MonarchWings"],"picked":"HollowMod:PerfectDash","floor":10},{"not_picked":["HollowMod:InfectedAttack","HollowMod:CloakDash","HollowMod:GreatSlash","HollowMod:VengefulVoid","HollowMod:DashSlash"],"picked":"SKIP","floor":11},{"not_picked":["HollowMod:LordofShades","HollowMod:DashSlash","HollowMod:ShadowDash","HollowMod:SoulVessel","HollowMod:InfectedCysts"],"picked":"SKIP","floor":14},{"not_picked":["HollowMod:LordofShades","HollowMod:DashSlash","HollowMod:ShadowDash","HollowMod:InfectedCysts"],"picked":"HollowMod:SoulVessel","floor":14},{"not_picked":["HollowMod:ElderbugsWisdom","HollowMod:HornetsHelp","HollowMod:LordofShades","HollowMod:Weaversong"],"picked":"HollowMod:PureVessel","floor":16},{"not_picked":["HollowMod:SoulEater","HollowMod:InfectedAttack+1","HollowMod:SoulStrike","HollowMod:MothsMistake+1","HollowMod:DungDefenderAura"],"picked":"SKIP","floor":18},{"not_picked":["HollowMod:HeavyBlow+1","HollowMod:DescendingDark+1","HollowMod:CycloneSlash","HollowMod:InfectedAttack"],"picked":"HollowMod:HuntersJournal","floor":20},{"not_picked":["HollowMod:SharpenedShadows+1","HollowMod:HuntersJournal","HollowMod:SiblingsShadow","HollowMod:MonarchWings"],"picked":"HollowMod:MantisMark+1","floor":22},{"not_picked":["HollowMod:RecoilStrike+1","HollowMod:BlackTendrils","HollowMod:DescendingDark+1","HollowMod:LifebloodCocoon"],"picked":"HollowMod:HuntersJournal+1","floor":23},{"not_picked":["HollowMod:InfectedAttack","HollowMod:CornifersMapStart","HollowMod:NewLittleFool+1","HollowMod:VengefulVoid+1","HollowMod:CycloneSlash"],"picked":"SKIP","floor":25},{"not_picked":["HollowMod:SoulStrike","HollowMod:SharpenedNail","HollowMod:LifebloodCocoon","HollowMod:ShadowDash"],"picked":"HollowMod:NewLittleFool+1","floor":27},{"not_picked":["HollowMod:MantisMark","HollowMod:MonarchWings","HollowMod:SoulStrike+1","HollowMod:ShapeofUnn","HollowMod:GoodIntentions"],"picked":"SKIP","floor":28},{"not_picked":["HollowMod:HowlingWraiths+1","HollowMod:DungDefenderAura","HollowMod:InfectedCysts","HollowMod:SoulEater","HollowMod:DescendingDark+1"],"picked":"SKIP","floor":29},{"not_picked":["HollowMod:AbyssShriek+1","HollowMod:InfectedCysts","HollowMod:InfectedAttack","HollowMod:DoubleDash","HollowMod:TaintedHusks"],"picked":"SKIP","floor":30},{"not_picked":["HollowMod:NewLittleFool","HollowMod:TaintedHusks","HollowMod:HowlingWraiths+1","HollowMod:InfectedCysts"],"picked":"HollowMod:SoulEater+1","floor":31},{"not_picked":["HollowMod:GoodIntentions","HollowMod:SoulStrike+1","HollowMod:HeavyBlow+1","HollowMod:SoulEater+1","HollowMod:SiblingsSouls"],"picked":"SKIP","floor":35},{"not_picked":["HollowMod:SoulSplash+1","HollowMod:MothsMistake","HollowMod:CloakDash+1","HollowMod:InfectedCysts+1","HollowMod:SoulVessel+1"],"picked":"SKIP","floor":37},{"not_picked":["HollowMod:SoulStrike","HollowMod:LifebloodCore","HollowMod:CloakDash","HollowMod:TaintedHusks","HollowMod:WraithStrike"],"picked":"SKIP","floor":38},{"not_picked":["HollowMod:WraithStrike","HollowMod:CycloneSlash","HollowMod:InfectionAssault","HollowMod:ChannelNail+1","HollowMod:DungDefenderAura+1"],"picked":"SKIP","floor":41},{"not_picked":["HollowMod:PureVessel","HollowMod:NewLittleFool+1","HollowMod:SharpenedShadows","HollowMod:DashSlash+1","HollowMod:HowlingWraiths"],"picked":"SKIP","floor":44},{"not_picked":["HollowMod:GreatSlash+1","HollowMod:WraithStrike","HollowMod:CornifersMapStart+1","HollowMod:AbyssShriek","HollowMod:HowlingWraiths+1"],"picked":"SKIP","floor":46},{"not_picked":["HollowMod:SlysStrikes","HollowMod:GrimmsGift+1","HollowMod:InfectedCysts","HollowMod:DescendingDark"],"picked":"HollowMod:SoulShaman+1","floor":47},{"not_picked":["HollowMod:VengefulVoid","HollowMod:GreatSlash","HollowMod:InfectedCysts+1","HollowMod:CornifersMapStart+1","HollowMod:SoulVessel+1"],"picked":"SKIP","floor":48},{"not_picked":["HollowMod:VengefulVoid","HollowMod:GreatSlash","HollowMod:InfectedCysts+1","HollowMod:SoulVessel+1"],"picked":"HollowMod:CornifersMapStart+1","floor":48},{"not_picked":["HollowMod:CloakDash","HollowMod:CrystalDash+1","HollowMod:CycloneSlash","HollowMod:WraithStrike","HollowMod:BaldurShell+1"],"picked":"SKIP","floor":54}],"player_experience":464711,"relics_obtained":[{"floor":1,"key":"SynthV:TestCard"},{"floor":6,"key":"Akabeko"},{"floor":9,"key":"Happy Flower"},{"floor":11,"key":"testmod-AssaultLearning"},{"floor":23,"key":"Oddly Smooth Stone"},{"floor":25,"key":"testmod-ArcanaOfDestiny"},{"floor":26,"key":"Bottled Tornado"},{"floor":29,"key":"Guardian:PocketSentry"},{"floor":31,"key":"Dream Catcher"},{"floor":41,"key":"Pantograph"},{"floor":44,"key":"Kunai"},{"floor":46,"key":"Shuriken"}],"event_choices":[{"damage_healed":0,"gold_gain":0,"player_choice":"Swap Relic","damage_taken":0,"relics_obtained":["testmod-HarvestTotem"],"max_hp_gain":0,"max_hp_loss":0,"event_name":"给自己的盒子","floor":4,"relics_lost":["testmod-HarvestTotem"],"gold_loss":0},{"damage_healed":0,"gold_gain":0,"player_choice":"Shed Blood","damage_taken":19,"max_hp_gain":5,"max_hp_loss":0,"event_name":"Forgotten Altar","floor":19,"gold_loss":0},{"damage_healed":0,"gold_gain":100,"player_choice":"Pray","damage_taken":0,"max_hp_gain":0,"max_hp_loss":0,"event_name":"Golden Shrine","floor":36,"gold_loss":0},{"cards_removed":["HollowMod:SoulEater"],"damage_healed":0,"gold_gain":0,"player_choice":"Removed Power","damage_taken":0,"max_hp_gain":0,"max_hp_loss":0,"event_name":"Falling","floor":45,"gold_loss":0}],"is_beta":false,"boss_relics":[{"not_picked":["testmod-Fanaticism","Empty Cage"],"picked":"SynthV:MejaisSoulstealer"},{"not_picked":["SlaversCollar","testmod-StringDisintegrator"],"picked":"testmod-DeterminationOfClimber"}],"items_purged_floors":[13],"is_endless":false,"potions_floor_spawned":[2,3,8,10,16,22,25,28,35,38,46,47],"ascension_level":1}}