{"host":"6z6y4ky8uzsz1dpj","time":1609423939,"event":{"mods":["AchievementEnabler","BaseMod","BetterRewards","Challenge The Spire","Colored Map","Custom Start","Hubris","Mad Scientist","Minty Spire (QoL Compilation)","Quick Restart","Relic Stats","Replay The Spire","StSLib","The Jungle"],"gold_per_floor":[118,118,131,146,160,194,208,208,231,244,272,292,292,321,321,419,419,430,430,43,61,61,95,114,149,149,3,53,53,70,84,84,180,280,296,314,325,325,338,373,56,67,67,67,81,55,89,32,32,32],"floor_reached":51,"playtime":3210,"items_purged":["MadScienceMod:Strike_MadScience"],"score":971,"play_id":"1a5d3ffc-0e32-480f-a76b-59ebf0512f51","local_time":"20201231091219","is_ascension_mode":false,"campfire_choices":[{"data":"MadScienceMod:Refuel","floor":8,"key":"SMITH"},{"floor":13,"key":"REST"},{"data":"MadScienceMod:Refuel+1","floor":15,"key":"SMITH"},{"data":"MadScienceMod:Reconstitute","floor":29,"key":"SMITH"},{"data":"MadScienceMod:Refuel+1","floor":32,"key":"SMITH"},{"data":"MadScienceMod:Bayonet","floor":44,"key":"SMITH"},{"floor":49,"key":"REST"}],"circlet_count":0,"master_deck":["MadScienceMod:Strike_MadScience","MadScienceMod:Strike_MadScience","MadScienceMod:Strike_MadScience","MadScienceMod:Defend_MadScience","MadScienceMod:Defend_MadScience","MadScienceMod:Defend_MadScience","MadScienceMod:Defend_MadScience","MadScienceMod:PoweredStrike","MadScienceMod:HideBehindJunk","MadScienceMod:PowerArmor+1","MadScienceMod:FlameCannon","MadScienceMod:ExtractOil","MadScienceMod:Strafe","MadScienceMod:Bayonet+1","MadScienceMod:FlammableWall","MadScienceMod:Refuel+2","MadScienceMod:PowerArmor+1","MadScienceMod:Liquify","MadScienceMod:SoftenUp","MadScienceMod:OilDrum","MadScienceMod:RecyclingStation+1","MadScienceMod:Reconstitute+1","MadScienceMod:RadioactiveSword","MadScienceMod:LightOnFire+1","MadScienceMod:RecyclingStation+1","MadScienceMod:RadioactiveSword+1","MadScienceMod:BoxOfScraps+1","MadScienceMod:MechanicalClaw+1","MadScienceMod:PowerArmor+1","MadScienceMod:CloneVats+1","MadScienceMod:Refuel+2","MadScienceMod:Booster+1","MadScienceMod:PowerArmor+1","MadScienceMod:Strafe+1","MadScienceMod:EnergyBarrier+1","MadScienceMod:MechanicalClaw+1","MadScienceMod:AssemblyLine+1","MadScienceMod:Strafe+1","MadScienceMod:Strafe+1","MadScienceMod:AssemblyLine+1","MadScienceMod:AssemblyLine+1"],"relics":["MadScienceMod:FuelTank","MadScienceMod:ExhaustVents","Calipers","Frozen Egg 2","Singing Bowl","Replay:Rubber Ducky","Onion Ring","Iron Hammer","Sozu","Molten Egg 2","theJungle:BirthdayCakeSlice","Replay:WaspNest","PreservedInsect","Toxic Egg 2","DollysMirror","Replay:Wanted Poster","hubris:SlimyHat","Letter Opener","Garlic","Girya"],"acts_visited":["Exordium","Exordium","TheBeyond"],"potions_floor_usage":[11,14,50],"damage_taken":[{"damage":0,"enemies":"Cultist","floor":1,"turns":4},{"damage":8,"enemies":"2 Louse","floor":3,"turns":3},{"damage":2,"enemies":"Small Slimes","floor":4,"turns":4},{"damage":4,"enemies":"2 Fungi Beasts","floor":5,"turns":3},{"damage":17,"enemies":"3 Sentries","floor":6,"turns":8},{"damage":7,"enemies":"3 Louse","floor":7,"turns":4},{"damage":12,"enemies":"Blue Slaver","floor":10,"turns":3},{"damage":0,"enemies":"Gremlin Nob","floor":11,"turns":4},{"damage":0,"enemies":"2 Fungi Beasts","floor":12,"turns":2},{"damage":0,"enemies":"3 Sentries","floor":14,"turns":8},{"damage":23,"enemies":"Fading Forest","floor":16,"turns":11},{"damage":4,"enemies":"theJungle:5_Spyders","floor":18,"turns":7},{"damage":7,"enemies":"Shell Parasite","floor":21,"turns":3},{"damage":0,"enemies":"theJungle:2_Phrogs","floor":23,"turns":6},{"damage":2,"enemies":"theJungle:Lyon","floor":24,"turns":5},{"damage":12,"enemies":"theJungle:MamaSnecko","floor":25,"turns":7},{"damage":9,"enemies":"theJungle:JungleHuntersEncounter","floor":30,"turns":5},{"damage":0,"enemies":"theJungle:SlimyTreeVines","floor":31,"turns":5},{"damage":0,"enemies":"theJungle:QueenSpyder","floor":33,"turns":9},{"damage":16,"enemies":"3 Darklings","floor":35,"turns":3},{"damage":11,"enemies":"Orb Walker","floor":36,"turns":5},{"damage":0,"enemies":"3 Darklings","floor":37,"turns":5},{"damage":10,"enemies":"Jaw Worm Horde","floor":39,"turns":4},{"damage":0,"enemies":"R_Hoarder","floor":40,"turns":8},{"damage":0,"enemies":"Maw","floor":42,"turns":7},{"damage":0,"enemies":"Writhing Mass","floor":45,"turns":6},{"damage":29,"enemies":"Reptomancer","floor":47,"turns":6},{"damage":38,"enemies":"Time Eater","floor":50,"turns":9}],"seed_played":"6535950608769258458","potions_obtained":[{"floor":3,"key":"GamblersBrew"},{"floor":7,"key":"Cursed Concoction"},{"floor":10,"key":"SkillPotion"},{"floor":11,"key":"FairyPotion"},{"floor":12,"key":"SkillPotion"}],"is_trial":false,"path_per_floor":["M","T","M","M","M","E","M","R","T","M","E","M","R","E","R","B",null,"M","?","$","M","?","E","M","E","T","$","?","R","M","M","R","B",null,"M","M","M","?","M","E","$","M","T","R","M","$","E","$","R","B",null],"character_chosen":"MAD_SCIENTIST","items_purchased":["MadScienceMod:PowerArmor+1","MadScienceMod:FlameCannon","MadScienceMod:ExtractOil","MadScienceMod:ExhaustVents","Molten Egg 2","MadScienceMod:LightOnFire+1","DollysMirror","Letter Opener","MadScienceMod:AssemblyLine+1","MadScienceMod:Strafe+1","MadScienceMod:AssemblyLine+1"],"campfire_rested":2,"item_purchase_floors":[0,0,0,0,20,20,27,41,41,46,48],"current_hp_per_floor":[67,67,59,57,53,36,29,29,29,17,17,17,39,41,41,34,77,73,73,73,66,71,71,69,57,57,57,46,46,37,43,43,43,82,66,55,55,55,45,47,47,47,47,47,49,49,22,22,48,10],"gold":32,"neow_bonus":"","is_daily":false,"chose_seed":false,"campfire_upgraded":5,"win_rate":0.0,"timestamp":1609423939,"path_taken":["M","?","M","M","M","E","M","R","T","M","E","M","R","E","R","BOSS","M","?","$","M","?","E","M","E","T","$","?","R","M","M","R","BOSS","M","?","M","?","M","E","$","M","T","R","?","$","E","$","R","BOSS"],"items_purchased_type":["Card","Card","Card","Relic","Relic","Card","Relic","Relic","Card","Card","Card"],"build_version":"2020-12-22","purchased_purges":1,"victory":true,"max_hp_per_floor":[75,75,75,75,75,75,75,75,75,75,75,75,75,77,77,77,77,77,77,77,77,82,82,82,82,82,82,82,82,82,82,82,82,82,82,82,82,82,82,84,84,84,84,84,86,86,88,88,88,88],"relic_stats":{"Sozu":6,"Singing Bowl":8,"counters":[28,154],"PreservedInsect":133,"Letter Opener":[60],"obtain_stats":[{"MadScienceMod:FuelTank":0,"Girya":47,"Calipers":0,"Singing Bowl":6,"Replay:WaspNest":23,"PreservedInsect":25,"hubris:SlimyHat":40,"Letter Opener":41,"Frozen Egg 2":2,"Replay:Rubber Ducky":9,"MadScienceMod:ExhaustVents":0,"Sozu":17,"Replay:Wanted Poster":34,"theJungle:BirthdayCakeSlice":22,"DollysMirror":27,"Onion Ring":11,"Molten Egg 2":20,"hubris:BundleOfHerbs":0,"Iron Hammer":14,"Garlic":43,"Toxic Egg 2":26},{"MadScienceMod:FuelTank":0,"Girya":27,"Calipers":0,"Singing Bowl":5,"Replay:WaspNest":14,"PreservedInsect":16,"hubris:SlimyHat":24,"Letter Opener":24,"Frozen Egg 2":1,"Replay:Rubber Ducky":6,"MadScienceMod:ExhaustVents":0,"Sozu":11,"Replay:Wanted Poster":19,"theJungle:BirthdayCakeSlice":13,"DollysMirror":16,"Onion Ring":8,"Molten Egg 2":12,"hubris:BundleOfHerbs":0,"Iron Hammer":10,"Garlic":25,"Toxic Egg 2":16},{"MadScienceMod:FuelTank":0,"Girya":145,"Calipers":0,"Singing Bowl":22,"Replay:WaspNest":70,"PreservedInsect":82,"hubris:SlimyHat":126,"Letter Opener":126,"Frozen Egg 2":4,"Replay:Rubber Ducky":26,"MadScienceMod:ExhaustVents":0,"Sozu":54,"Replay:Wanted Poster":101,"theJungle:BirthdayCakeSlice":64,"DollysMirror":82,"Onion Ring":33,"Molten Egg 2":61,"hubris:BundleOfHerbs":0,"Iron Hammer":43,"Garlic":133,"Toxic Egg 2":82}]},"card_choices":[{"not_picked":["MadScienceMod:MakeOrBreak","MadScienceMod:AutoStrike"],"picked":"MadScienceMod:Strafe","floor":1},{"not_picked":["MadScienceMod:EnergyBarrier","MadScienceMod:FragmentationGrenade"],"picked":"MadScienceMod:Bayonet","floor":3},{"not_picked":["MadScienceMod:MechanicalClaw","MadScienceMod:SelfDestruct"],"picked":"MadScienceMod:FlammableWall","floor":4},{"not_picked":["MadScienceMod:RadioactiveSword","MadScienceMod:Bombardment"],"picked":"MadScienceMod:Refuel","floor":5},{"not_picked":["MadScienceMod:AntimatterBomb","MadScienceMod:ShrinkRay"],"picked":"MadScienceMod:PowerArmor+1","floor":6},{"not_picked":["MadScienceMod:Detonate","MadScienceMod:TimeDilationField"],"picked":"MadScienceMod:Liquify","floor":7},{"not_picked":["MadScienceMod:ParticleBeam","MadScienceMod:SelfDestruct"],"picked":"MadScienceMod:SoftenUp","floor":10},{"not_picked":["MadScienceMod:NowOrNever","MadScienceMod:Detonate"],"picked":"MadScienceMod:OilDrum","floor":11},{"not_picked":["MadScienceMod:Strafe","MadScienceMod:AcidSpray"],"picked":"MadScienceMod:RecyclingStation+1","floor":12},{"not_picked":["MadScienceMod:AutoStrike","MadScienceMod:Detonate","MadScienceMod:FlexibleSpear"],"picked":"Singing Bowl","floor":14},{"not_picked":["MadScienceMod:GlassCannon","MadScienceMod:FumeHood+1"],"picked":"MadScienceMod:Reconstitute","floor":16},{"not_picked":["MadScienceMod:AutoStrike","MadScienceMod:Poke"],"picked":"MadScienceMod:RadioactiveSword","floor":18},{"not_picked":["MadScienceMod:Lightbulb","MadScienceMod:ParticleBeam+1"],"picked":"MadScienceMod:RecyclingStation+1","floor":21},{"not_picked":["MadScienceMod:RecyclingStation+1","MadScienceMod:Tune+1"],"picked":"MadScienceMod:RadioactiveSword+1","floor":23},{"not_picked":["MadScienceMod:AcidSpray+1","MadScienceMod:FlexibleSpear+1"],"picked":"MadScienceMod:BoxOfScraps+1","floor":24},{"not_picked":["MadScienceMod:LightOnFire+1","MadScienceMod:MakeOrBreak+1"],"picked":"MadScienceMod:MechanicalClaw+1","floor":25},{"not_picked":["MadScienceMod:FlameCannon+1","MadScienceMod:ShrinkRay+1"],"picked":"MadScienceMod:CloneVats+1","floor":30},{"not_picked":["MadScienceMod:NowOrNever+1","MadScienceMod:ExploreOptions+1"],"picked":"MadScienceMod:Refuel+1","floor":31},{"not_picked":["MadScienceMod:Assemble+1","MadScienceMod:CloneVats+1"],"picked":"MadScienceMod:Booster+1","floor":33},{"not_picked":["MadScienceMod:ShrinkRay+1","MadScienceMod:NowOrNever+1"],"picked":"MadScienceMod:PowerArmor+1","floor":35},{"not_picked":["MadScienceMod:FlammableWall+1","MadScienceMod:NowOrNever+1"],"picked":"MadScienceMod:Strafe+1","floor":36},{"not_picked":["MadScienceMod:SelfDestruct+1","MadScienceMod:OmniHammer+1"],"picked":"MadScienceMod:EnergyBarrier+1","floor":37},{"not_picked":["MadScienceMod:FragmentationGrenade+1","MadScienceMod:OilDrum+1"],"picked":"MadScienceMod:MechanicalClaw+1","floor":39},{"not_picked":["MadScienceMod:FlexibleSpear+1","MadScienceMod:FlammableWall+1","MadScienceMod:OilDrum+1"],"picked":"Singing Bowl","floor":40},{"not_picked":["MadScienceMod:Probe+1","MadScienceMod:OilDrum+1"],"picked":"MadScienceMod:Strafe+1","floor":42},{"not_picked":["MadScienceMod:AutoStrike+1","MadScienceMod:CaptureMomentum+1","MadScienceMod:OilDrum+1"],"picked":"Singing Bowl","floor":45},{"not_picked":["MadScienceMod:Weaponize+1","MadScienceMod:ExtractOil+1","MadScienceMod:SelfDestruct+1"],"picked":"Singing Bowl","floor":47}],"player_experience":220705,"relics_obtained":[{"floor":2,"key":"Frozen Egg 2"},{"floor":6,"key":"Singing Bowl"},{"floor":9,"key":"Replay:Rubber Ducky"},{"floor":11,"key":"Onion Ring"},{"floor":14,"key":"Iron Hammer"},{"floor":23,"key":"Replay:WaspNest"},{"floor":25,"key":"PreservedInsect"},{"floor":26,"key":"Toxic Egg 2"},{"floor":40,"key":"hubris:SlimyHat"},{"floor":43,"key":"Garlic"},{"floor":47,"key":"Girya"}],"event_choices":[{"damage_healed":0,"gold_gain":0,"player_choice":"Bought 0 Potions","damage_taken":0,"max_hp_gain":0,"max_hp_loss":0,"event_name":"The Woman in Blue","floor":38,"gold_loss":0}],"is_beta":false,"boss_relics":[{"not_picked":["Runic Pyramid","SlaversCollar"],"picked":"Sozu"},{"not_picked":["hubris:GrandSneckoEye","Velvet Choker"],"picked":"Replay:Wanted Poster"}],"items_purged_floors":[20],"is_endless":false,"potions_floor_spawned":[3,7,10,11,12,21,23,37,40,45,47],"ascension_level":0}}