{"host":"z9811rt50ti81n54","time":1609426336,"event":{"mods":["BaseMod","Minty Spire (QoL Compilation)","Relic Stats"],"gold_per_floor":[114,114,114,114,132,160,180,212,212,9,9,26,83,98,98,196,196,210,225,225,242,257,257,172,172,172,72,83,101,301,20,20,118,118,136,147,112,112,112,112,137,162,212,212,59,75,75,75,75,75,75,75,75,106,106],"floor_reached":56,"playtime":1738,"items_purged":["Strike_P","Pain","Strike_P+1"],"score":1351,"play_id":"7bbf07ff-3d72-417c-a078-5e9093f18b14","local_time":"20201231235216","is_ascension_mode":true,"campfire_choices":[{"data":"Tantrum","floor":11.0,"key":"SMITH"},{"data":"WheelKick","floor":15.0,"key":"SMITH"},{"data":"Ragnarok","floor":23,"key":"SMITH"},{"data":"TalkToTheHand","floor":25,"key":"SMITH"},{"data":"TalkToTheHand","floor":32,"key":"SMITH"},{"data":"MasterReality","floor":40,"key":"SMITH"},{"floor":44,"key":"RECALL"},{"data":"Madness","floor":49,"key":"SMITH"},{"data":"Madness","floor":52,"key":"SMITH"}],"circlet_count":0,"master_deck":["Defend_P","Defend_P+1","Defend_P+1","Eruption+1","Vigilance","MentalFortress","Crescendo+1","BowlingBash","Tantrum+1","Halt+1","EmptyFist","Collect","WheelKick+1","TalkToTheHand+1","Ragnarok+1","DeceiveReality+1","LikeWater+1","Study+1","CutThroughFate+1","EmptyBody+1","LessonLearned","TalkToTheHand+1","Ragnarok+1","MasterReality+1","TalkToTheHand+1","Madness+1","Madness+1"],"relics":["PureWater","Blood Vial","Letter Opener","Akabeko","Lizard Tail","Astrolabe","WarpedTongs","Incense Burner","Meat on the Bone","DollysMirror","Coffee Dripper","Ancient Tea Set","PreservedInsect","Medical Kit","CaptainsWheel"],"acts_visited":["Exordium","TheCity","TheBeyond","TheEnding"],"potions_floor_usage":[33,55],"damage_taken":[{"damage":9.0,"enemies":"2 Louse","floor":1.0,"turns":3.0},{"damage":0.0,"enemies":"Cultist","floor":5.0,"turns":2.0},{"damage":20.0,"enemies":"3 Sentries","floor":6.0,"turns":11.0},{"damage":7.0,"enemies":"Jaw Worm","floor":7.0,"turns":4.0},{"damage":14.0,"enemies":"Lagavulin","floor":8.0,"turns":6.0},{"damage":0.0,"enemies":"Exordium Wildlife","floor":12.0,"turns":3.0},{"damage":0.0,"enemies":"3 Sentries","floor":13.0,"turns":3.0},{"damage":0.0,"enemies":"Red Slaver","floor":14.0,"turns":2.0},{"damage":0.0,"enemies":"Slime Boss","floor":16.0,"turns":6.0},{"damage":5,"enemies":"Chosen","floor":18,"turns":2},{"damage":0,"enemies":"3 Byrds","floor":19,"turns":4},{"damage":15,"enemies":"Cultist and Chosen","floor":21,"turns":4},{"damage":4,"enemies":"3 Cultists","floor":22,"turns":3},{"damage":0,"enemies":"Snecko","floor":28,"turns":2},{"damage":1,"enemies":"Snake Plant","floor":29,"turns":3},{"damage":18,"enemies":"Collector","floor":33,"turns":10},{"damage":0,"enemies":"Orb Walker","floor":35,"turns":3},{"damage":1,"enemies":"3 Shapes","floor":36,"turns":4},{"damage":0,"enemies":"Giant Head","floor":41,"turns":6},{"damage":0,"enemies":"Sphere and 2 Shapes","floor":46,"turns":3},{"damage":59,"enemies":"Awakened One","floor":50,"turns":11},{"damage":32,"enemies":"Shield and Spear","floor":54,"turns":6},{"damage":49,"enemies":"The Heart","floor":55,"turns":9}],"seed_played":"5238667313201980871","potions_obtained":[{"floor":1.0,"key":"PowerPotion"},{"floor":5.0,"key":"Block Potion"},{"floor":8.0,"key":"SneckoOil"},{"floor":12.0,"key":"Energy Potion"},{"floor":14.0,"key":"SpeedPotion"},{"floor":28,"key":"Energy Potion"},{"floor":29,"key":"Regen Potion"},{"floor":36,"key":"BottledMiracle"},{"floor":46,"key":"Strength Potion"},{"floor":54,"key":"FairyPotion"}],"is_trial":false,"path_per_floor":["M","?","?","?","M","E","M","E","T","$","R","M","?","M","R","B",null,"M","M","?","M","M","R","?","R","T","$","M","M","?","$","R","B",null,"M","M","$","?","?","R","E","T","T","R","$","M","$","?","R","B",null,"R","$","E","B",null],"character_chosen":"WATCHER","items_purchased":["EmptyFist","Collect","DollysMirror","EmptyMind","Medical Kit"],"campfire_rested":0,"item_purchase_floors":[10,10,31,37,45],"current_hp_per_floor":[56,43,43,75,75,55,50,38,38,38,38,40,42,44,44,46,75,70,72,72,59,57,57,57,57,57,57,59,60,60,60,60,59,75,75,74,74,74,74,74,75,75,75,75,75,75,75,66,66,21,75,75,75,43,34],"gold":106,"neow_bonus":"RANDOM_COLORLESS_2","is_daily":false,"chose_seed":false,"campfire_upgraded":8,"win_rate":0.0,"timestamp":1609426336,"path_taken":["M","?","?","?","?","E","M","E","T","?","R","M","?","M","R","BOSS","M","M","?","M","?","R","?","R","T","$","M","M","?","$","R","BOSS","M","M","$","?","?","R","E","?","T","R","$","?","$","?","R","BOSS","R","$","E","BOSS"],"items_purchased_type":["Card","Card","Relic","Card","Relic"],"build_version":"2020-12-22","purchased_purges":3,"victory":true,"max_hp_per_floor":[65,65,65,75,75,75,75,75,75,75,75,75,75,75,75,75,75,75,75,75,75,75,75,75,75,75,75,75,75,75,75,75,75,75,75,75,75,75,75,75,75,75,75,75,75,75,75,75,75,75,75,75,75,75,75],"relic_stats":{"Blood Vial":29,"Lizard Tail":0,"counters":[23,110],"Astrolabe":["DeceiveReality","LikeWater","Study"],"PreservedInsect":68,"Letter Opener":[181],"Medical Kit":[3],"obtain_stats":[{"Astrolabe":17,"PreservedInsect":43,"Incense Burner":24,"Letter Opener":8,"Ancient Tea Set":41,"Medical Kit":45,"Akabeko":9,"WarpedTongs":20,"Blood Vial":6,"Lizard Tail":13,"CaptainsWheel":54,"DollysMirror":31,"Coffee Dripper":34,"PureWater":0,"Meat on the Bone":26},{"Astrolabe":9,"PreservedInsect":19,"Incense Burner":13,"Letter Opener":5,"Ancient Tea Set":19,"Medical Kit":19,"Akabeko":5,"WarpedTongs":11,"Blood Vial":3,"Lizard Tail":7,"CaptainsWheel":22,"DollysMirror":15,"Coffee Dripper":16,"PureWater":0,"Meat on the Bone":13},{"Astrolabe":40,"PreservedInsect":81,"Incense Burner":53,"Letter Opener":26,"Ancient Tea Set":81,"Medical Kit":81,"Akabeko":26,"WarpedTongs":46,"Blood Vial":16,"Lizard Tail":32,"CaptainsWheel":101,"DollysMirror":58,"Coffee Dripper":68,"PureWater":0,"Meat on the Bone":53}],"WarpedTongs":[59],"Meat on the Bone":24},"card_choices":[{"not_picked":["Transmutation","Panache"],"picked":"Violence","floor":0.0},{"not_picked":["ForeignInfluence","Prostrate"],"picked":"MentalFortress","floor":1.0},{"not_picked":["ThirdEye","PathToVictory"],"picked":"Crescendo","floor":5.0},{"not_picked":["TalkToTheHand","SignatureMove"],"picked":"BowlingBash","floor":6.0},{"not_picked":["Adaptation","ClearTheMind"],"picked":"Tantrum","floor":7.0},{"not_picked":["Tantrum","SashWhip"],"picked":"Halt","floor":8.0},{"not_picked":["BowlingBash","Pray"],"picked":"WheelKick","floor":12.0},{"not_picked":["Adaptation","CrushJoints"],"picked":"TalkToTheHand","floor":13.0},{"not_picked":["Halt","JustLucky","PathToVictory"],"picked":"SKIP","floor":14.0},{"not_picked":["ConjureBlade","Devotion"],"picked":"Ragnarok","floor":16.0},{"not_picked":["Protect","ClearTheMind","FollowUp"],"picked":"SKIP","floor":18},{"not_picked":["FlyingSleeves","Nirvana"],"picked":"CutThroughFate+1","floor":19},{"not_picked":["SashWhip","JustLucky+1"],"picked":"EmptyBody+1","floor":21},{"not_picked":["FlyingSleeves","Halt","WreathOfFlame"],"picked":"SKIP","floor":22},{"not_picked":["ClearTheMind","FlyingSleeves"],"picked":"LessonLearned","floor":28},{"not_picked":["ForeignInfluence+1","InnerPeace"],"picked":"TalkToTheHand","floor":29},{"not_picked":["LessonLearned","Vault"],"picked":"MasterReality","floor":33},{"not_picked":["FlyingSleeves","ThirdEye","JustLucky"],"picked":"SKIP","floor":35},{"not_picked":["ClearTheMind+1","Prostrate+1"],"picked":"TalkToTheHand+1","floor":36},{"not_picked":["FlyingSleeves","MentalFortress","ForeignInfluence"],"picked":"SKIP","floor":41},{"not_picked":["FlurryOfBlows","SignatureMove+1","BowlingBash+1"],"picked":"SKIP","floor":46},{"not_picked":["EmptyFist+1","CarveReality+1","LessonLearned"],"picked":"SKIP","floor":54}],"player_experience":262373,"relics_obtained":[{"floor":6.0,"key":"Blood Vial"},{"floor":8.0,"key":"Letter Opener"},{"floor":9.0,"key":"Akabeko"},{"floor":13.0,"key":"Lizard Tail"},{"floor":26,"key":"Meat on the Bone"},{"floor":41,"key":"Ancient Tea Set"},{"floor":43,"key":"PreservedInsect"},{"floor":54,"key":"CaptainsWheel"}],"event_choices":[{"damage_healed":0.0,"max_hp_gain":0.0,"max_hp_loss":0.0,"gold_gain":0.0,"event_name":"Shining Light","player_choice":"Entered Light","floor":2.0,"gold_loss":0.0,"damage_taken":13.0,"cards_upgraded":["Strike_P","Defend_P"]},{"damage_healed":0.0,"max_hp_gain":0.0,"max_hp_loss":0.0,"gold_gain":0.0,"event_name":"Living Wall","player_choice":"Grow","floor":3.0,"gold_loss":0.0,"damage_taken":0.0,"cards_upgraded":["Eruption"]},{"cards_removed":["Violence"],"damage_healed":22.0,"max_hp_gain":10.0,"max_hp_loss":0.0,"gold_gain":0.0,"event_name":"Bonfire Elementals","player_choice":"Offered Rare","floor":4.0,"gold_loss":0.0,"damage_taken":0.0},{"damage_healed":0.0,"max_hp_gain":0.0,"max_hp_loss":0.0,"gold_gain":30.0,"event_name":"Dead Adventurer","player_choice":"Searched \u00273\u0027 times","floor":13.0,"gold_loss":0.0,"damage_taken":0.0},{"damage_healed":0,"gold_gain":0,"player_choice":"Rummage","damage_taken":0,"relics_obtained":["WarpedTongs"],"max_hp_gain":0,"max_hp_loss":0,"event_name":"Accursed Blacksmith","floor":20,"gold_loss":0,"cards_obtained":["Pain"]},{"damage_healed":0,"gold_gain":0,"player_choice":"Obtained Relic","damage_taken":0,"relics_obtained":["Incense Burner"],"max_hp_gain":0,"max_hp_loss":0,"event_name":"Addict","floor":24,"gold_loss":85},{"damage_healed":0,"gold_gain":250,"player_choice":"Bet on Owner","damage_taken":0,"max_hp_gain":0,"max_hp_loss":0,"event_name":"The Joust","floor":30,"gold_loss":50},{"damage_healed":0,"gold_gain":0,"player_choice":"Ignored","damage_taken":0,"max_hp_gain":0,"max_hp_loss":0,"event_name":"Tomb of Lord Red Mask","floor":38,"gold_loss":0},{"cards_removed":["EmptyMind"],"damage_healed":0,"gold_gain":0,"player_choice":"Removed Skill","damage_taken":0,"max_hp_gain":0,"max_hp_loss":0,"event_name":"Falling","floor":39,"gold_loss":0},{"damage_healed":0,"gold_gain":0,"player_choice":"Embrace Madness","damage_taken":9,"max_hp_gain":0,"max_hp_loss":0,"event_name":"Winding Halls","floor":48,"gold_loss":0,"cards_obtained":["Madness","Madness"]}],"is_beta":false,"boss_relics":[{"not_picked":["Empty Cage","Cursed Key"],"picked":"Astrolabe"},{"not_picked":["Tiny House","Runic Dome"],"picked":"Coffee Dripper"}],"items_purged_floors":[10,27,31],"is_endless":false,"potions_floor_spawned":[1,5,8,12,14,18,19,28,29,36,46,54],"ascension_level":2}}