{"host":"350rh84kbmtekt58","time":1609412558,"event":{"mods":["AchievementEnabler","Act Like it!","BaseMod","Better Synergies","Block Reminder","CapriCore","Challenge The Spire","Colored Map","Colored Powertips","Communication Mod","Downfall","Energized Spire","Friendly Minions","GifTheSpireLib","Highlight Path","Minty Spire (QoL Compilation)","Quick Restart","Replay The Spire","Shop Mod","StSLib","The Animator","The Disciple","The Immortal","The Marked","The Runesmith","The Servant 0.9.4","The Wild Card","Transform Curses","yUi"],"gold_per_floor":[118,130,146,146,165,165,195,210,210,220,248,261,43,54,54,153,153,172,190,8,68,83,83,83],"floor_reached":23,"playtime":1722,"items_purged":[],"score":207,"play_id":"0d50751d-4e1f-44cf-8faa-8604be12a1f5","local_time":"20201231050238","is_ascension_mode":false,"campfire_choices":[{"floor":6,"key":"REST"}],"circlet_count":0,"master_deck":["theMarked:Strike","theMarked:Strike","theMarked:Strike","theMarked:Strike","theMarked:Strike","theMarked:Defend","theMarked:Defend","theMarked:Defend","theMarked:Defend","theMarked:SoldierOfQuellstein","Mayhem","theMarked:ChainLightning","theMarked:CreepingChasm","theMarked:SwordAndMagic+1","theWildCard:Metatron","theMarked:HeritageOfTheMarked","theMarked:BanishingWave","theMarked:Parry","theMarked:BanishingStrike","theMarked:EmpowerWeapon","theMarked:RepellingDischarge","theMarked:WastefulDefense","theMarked:SummonStrength","theMarked:WardOff+1","theMarked:StartUp","theMarked:Opportunist","theMarked:ElementalBlade","theMarked:Parkour","theMarked:ElectricStrings","theMarked:EmpowerWeapon+1"],"relics":["theMarked:ArtifactOfAir","Replay:Arrowhead","Vajra","Pet Ghost","MealTicket","Black Star","Replay:Bottled Snecko"],"acts_visited":["Exordium","TheCity"],"potions_floor_usage":[8,8,10,10,10,10,11,11,16,18,19,22],"damage_taken":[{"damage":6,"enemies":"2 Louse","floor":1,"turns":3},{"damage":6,"enemies":"Jaw Worm","floor":2,"turns":3},{"damage":8,"enemies":"Small Slimes","floor":3,"turns":3},{"damage":3,"enemies":"Gremlin Gang","floor":5,"turns":2},{"damage":25,"enemies":"Gremlin Nob","floor":7,"turns":4},{"damage":12,"enemies":"3 Louse","floor":8,"turns":2},{"damage":0,"enemies":"Large Slime","floor":10,"turns":4},{"damage":16,"enemies":"3 Sentries","floor":11,"turns":3},{"damage":0,"enemies":"Looter","floor":12,"turns":3},{"damage":2,"enemies":"Blue Slaver","floor":14,"turns":4},{"damage":16,"enemies":"Slime Boss","floor":16,"turns":6},{"damage":21,"enemies":"3 Byrds","floor":18,"turns":3},{"damage":9,"enemies":"Spheric Guardian","floor":19,"turns":5},{"damage":27,"enemies":"Chosen and Byrds","floor":22,"turns":8},{"damage":12,"enemies":"Slavers","floor":23,"turns":1}],"seed_played":"4257852402990096255","potions_obtained":[{"floor":1,"key":"EntropicBrew"},{"floor":5,"key":"Dexterity Potion"},{"floor":7,"key":"ColorlessPotion"},{"floor":8,"key":"Explosive Potion"},{"floor":10,"key":"BlessingOfTheForge"},{"floor":16,"key":"EssenceOfSteel"},{"floor":18,"key":"Regen Potion"},{"floor":21,"key":"Dexterity Potion"}],"is_trial":false,"path_per_floor":["M","M","M","?","M","R","E","M","T","M","E","M","$","M","R_BF","B",null,"M","M","$","?","M","E"],"character_chosen":"THE_DEFAULT","items_purchased":["MealTicket","Regen Potion","theMarked:Opportunist","theMarked:ElementalBlade","theMarked:Parkour"],"campfire_rested":1,"item_purchase_floors":[13,13,20,20,20],"current_hp_per_floor":[57,51,43,43,40,58,33,21,21,21,5,5,5,3,21,20,63,42,47,62,37,10,0,0],"gold":83,"neow_bonus":"RANDOM_COLORLESS_2","is_daily":false,"chose_seed":false,"campfire_upgraded":0,"win_rate":0.0,"timestamp":1609412558,"path_taken":["M","M","M","?","M","R","E","M","T","M","E","M","$","M","R_BF","BOSS","M","M","$","?","?","E"],"items_purchased_type":["Relic","Potion","Card","Card","Card"],"build_version":"2020-12-22","purchased_purges":0,"victory":false,"max_hp_per_floor":[63,63,63,63,63,63,63,63,63,63,63,63,63,63,63,63,63,63,63,63,63,63,63,63],"card_choices":[{"not_picked":["Transmutation","Secret Technique"],"picked":"Mayhem","floor":0},{"not_picked":["theMarked:Frustration","theMarked:SwordAndMagic"],"picked":"theMarked:ChainLightning","floor":1},{"not_picked":["theMarked:Reabsorb","theMarked:Aftermath"],"picked":"theMarked:CreepingChasm","floor":2},{"not_picked":["theMarked:HeightenedSenses","theMarked:EnhanceMovement"],"picked":"theMarked:SwordAndMagic","floor":3},{"not_picked":["theMarked:Polarize","theMarked:SwordAndMagic"],"picked":"theMarked:HeritageOfTheMarked","floor":5},{"not_picked":["theMarked:HeightenedSenses","theMarked:Parkour"],"picked":"theMarked:BanishingWave","floor":7},{"not_picked":["theMarked:Static","theMarked:Parkour"],"picked":"theMarked:Parry","floor":8},{"not_picked":["theMarked:Parkour","theMarked:Parry"],"picked":"theMarked:BanishingStrike","floor":10},{"not_picked":["theMarked:PowerFlow","theMarked:MuscleMemory"],"picked":"theMarked:EmpowerWeapon","floor":11},{"not_picked":["theMarked:StartUp","theMarked:Frustration"],"picked":"theMarked:RepellingDischarge","floor":12},{"not_picked":["theMarked:RepellingDischarge","theMarked:ShockingTouch"],"picked":"theMarked:WastefulDefense","floor":14},{"not_picked":["theMarked:BindingBlade","theMarked:Challenge"],"picked":"theMarked:SummonStrength","floor":16},{"not_picked":["theMarked:StartUp","theMarked:RepellingDischarge"],"picked":"theMarked:WardOff+1","floor":18},{"not_picked":["theMarked:ChainLightning+1","theMarked:Convert+1"],"picked":"theMarked:StartUp","floor":19},{"not_picked":["theMarked:ChannelForce","theMarked:HeightenedSenses+1"],"picked":"theMarked:ElectricStrings","floor":21},{"not_picked":["theMarked:ReduceFriction","theMarked:ShockingTouch"],"picked":"theMarked:EmpowerWeapon+1","floor":22}],"player_experience":171241,"relics_obtained":[{"floor":7,"key":"Replay:Arrowhead"},{"floor":9,"key":"Vajra"},{"floor":11,"key":"Pet Ghost"},{"floor":21,"key":"Replay:Bottled Snecko"}],"event_choices":[],"is_beta":false,"boss_relics":[{"not_picked":["Calling Bell","ChewingGum"],"picked":"Black Star"}],"items_purged_floors":[],"is_endless":false,"potions_floor_spawned":[1,5,7,8,10,16,18],"killed_by":"Slavers","ascension_level":0}}