{"host":"37dk0reb6x0du8wx","time":1609420479,"event":{"mods":["BaseMod","Colored Map","DeckTracker","Minty Spire (QoL Compilation)","Quick Restart","StSLib","SuperFastMode","The Dragon Tamer"],"gold_per_floor":[110,110,110,135,135,135,179,203,203,203,46,46,11,24,24,154,154,167,167,167,167,147,147,183,183,237,250,270,270,303,316,316,316,316],"floor_reached":33,"playtime":670,"items_purged":[],"score":315,"play_id":"ff029ccb-9cd1-47ff-a356-54e1ec5780b3","local_time":"20201231221439","is_ascension_mode":true,"campfire_choices":[{"data":"Zap","floor":6,"key":"SMITH"},{"floor":15,"key":"REST"},{"data":"Auto Shields","floor":23,"key":"SMITH"},{"floor":25,"key":"REST"},{"floor":29,"key":"REST"},{"floor":32,"key":"REST"}],"circlet_count":0,"master_deck":["Strike_B","Strike_B","Strike_B","Strike_B","Defend_B","Defend_B","Defend_B","Defend_B","Zap+1","Dualcast","Auto Shields+1","Zap","Auto Shields","Ball Lightning","Electrodynamics","Lockon","Ball Lightning","Reinforced Body","Ball Lightning"],"relics":["Cracked Core","NeowsBlessing","Golden Idol","Ornamental Fan","Matryoshka","Shuriken","Juzu Bracelet","Mercury Hourglass","DollysMirror","Black Star","Gremlin Horn","The Courier","Red Mask","Bag of Preparation","Strawberry","Smiling Mask","HornCleat"],"acts_visited":["Exordium","TheCity"],"potions_floor_usage":[16,30,30,33],"damage_taken":[{"damage":0,"enemies":"Small Slimes","floor":1,"turns":1},{"damage":0,"enemies":"2 Louse","floor":4,"turns":1},{"damage":0,"enemies":"Gremlin Nob","floor":7,"turns":1},{"damage":7,"enemies":"Jaw Worm","floor":8,"turns":2},{"damage":5,"enemies":"Exordium Thugs","floor":14,"turns":4},{"damage":30,"enemies":"The Guardian","floor":16,"turns":11},{"damage":17,"enemies":"Shell Parasite","floor":18,"turns":6},{"damage":43,"enemies":"Masked Bandits","floor":24,"turns":4},{"damage":0,"enemies":"Chosen","floor":27,"turns":3},{"damage":18,"enemies":"Snecko","floor":28,"turns":4},{"damage":33,"enemies":"Book of Stabbing","floor":30,"turns":6},{"damage":8,"enemies":"Cultist and Chosen","floor":31,"turns":3},{"damage":47,"enemies":"Automaton","floor":33,"turns":6}],"seed_played":"2574160516327008122","potions_obtained":[{"floor":1,"key":"Strength Potion"},{"floor":14,"key":"SkillPotion"},{"floor":18,"key":"Swift Potion"},{"floor":24,"key":"PowerPotion"},{"floor":30,"key":"DistilledChaos"}],"is_trial":false,"path_per_floor":["M","?","?","M","T","R","E","M","T","?","$","?","?","M","R","B",null,"M","?","?","?","?","R","?","R","T","M","M","R","E","M","R","B"],"character_chosen":"DEFECT","items_purchased":["DollysMirror"],"campfire_rested":4,"item_purchase_floors":[11],"current_hp_per_floor":[75,57,39,39,39,39,39,32,32,32,32,37,57,52,76,46,80,63,63,63,63,63,63,20,44,51,51,33,59,26,18,44,0,0],"gold":316,"neow_bonus":"THREE_ENEMY_KILL","is_daily":false,"chose_seed":false,"campfire_upgraded":2,"win_rate":0.0,"timestamp":1609420479,"path_taken":["M","?","?","M","?","R","E","M","T","?","?","?","?","M","R","BOSS","M","?","?","?","?","R","?","R","T","M","M","R","E","M","R","BOSS"],"items_purchased_type":["Relic"],"build_version":"2020-12-22","purchased_purges":0,"victory":false,"max_hp_per_floor":[75,75,75,75,75,75,75,75,75,75,75,80,80,80,80,80,80,80,80,80,80,80,80,80,80,87,87,87,87,87,87,87,87,87],"card_choices":[{"not_picked":["Recycle","Skim","Cold Snap"],"picked":"SKIP","floor":1},{"not_picked":["Rebound","Reprogram","Go for the Eyes"],"picked":"SKIP","floor":4},{"not_picked":["Sunder","Gash","Skim"],"picked":"SKIP","floor":7},{"not_picked":["Rebound","Darkness"],"picked":"Auto Shields","floor":8},{"not_picked":["Sweeping Beam","Compile Driver"],"picked":"Ball Lightning","floor":14},{"not_picked":["Echo Form","Fission"],"picked":"Electrodynamics","floor":16},{"not_picked":["Conserve Battery","Turbo"],"picked":"Lockon","floor":18},{"not_picked":["Tempest","FTL"],"picked":"Ball Lightning","floor":24},{"not_picked":["Streamline","Cold Snap","Darkness"],"picked":"SKIP","floor":27},{"not_picked":["Compile Driver","Coolheaded","Rebound"],"picked":"SKIP","floor":28},{"not_picked":["Hello World","Turbo+1"],"picked":"Reinforced Body","floor":30},{"not_picked":["Coolheaded","Blizzard"],"picked":"Ball Lightning","floor":31}],"player_experience":107224,"relics_obtained":[{"floor":5,"key":"Matryoshka"},{"floor":7,"key":"Shuriken"},{"floor":9,"key":"Juzu Bracelet"},{"floor":9,"key":"Mercury Hourglass"},{"floor":20,"key":"Gremlin Horn"},{"floor":24,"key":"Red Mask"},{"floor":26,"key":"Bag of Preparation"},{"floor":26,"key":"Strawberry"},{"floor":30,"key":"Smiling Mask"},{"floor":30,"key":"HornCleat"}],"event_choices":[{"damage_healed":0,"gold_gain":0,"player_choice":"Take Damage","damage_taken":18,"relics_obtained":["Golden Idol"],"max_hp_gain":0,"max_hp_loss":0,"event_name":"Golden Idol","floor":2,"gold_loss":0},{"damage_healed":0,"gold_gain":0,"player_choice":"Success","damage_taken":18,"relics_obtained":["Ornamental Fan"],"max_hp_gain":0,"max_hp_loss":0,"event_name":"Scrap Ooze","floor":3,"gold_loss":0},{"damage_healed":0,"gold_gain":0,"player_choice":"1 cards matched","damage_taken":0,"max_hp_gain":0,"max_hp_loss":0,"event_name":"Match and Keep!","floor":10,"gold_loss":0,"cards_obtained":["Zap"]},{"damage_healed":0,"gold_gain":0,"player_choice":"Donut","damage_taken":0,"max_hp_gain":5,"max_hp_loss":0,"event_name":"Big Fish","floor":12,"gold_loss":0},{"damage_healed":20,"gold_gain":0,"player_choice":"Healed","damage_taken":0,"max_hp_gain":0,"max_hp_loss":0,"event_name":"The Cleric","floor":13,"gold_loss":35},{"damage_healed":0,"gold_gain":0,"player_choice":"Ignored","damage_taken":0,"max_hp_gain":0,"max_hp_loss":0,"event_name":"Ghosts","floor":19,"gold_loss":0},{"damage_healed":0,"gold_gain":0,"player_choice":"Relic","damage_taken":0,"max_hp_gain":0,"max_hp_loss":0,"event_name":"Wheel of Change","floor":20,"gold_loss":0},{"damage_healed":0,"gold_gain":0,"player_choice":"Opened","damage_taken":0,"relics_obtained":["The Courier"],"max_hp_gain":0,"max_hp_loss":0,"event_name":"The Mausoleum","floor":21,"gold_loss":0},{"damage_healed":0,"gold_gain":0,"player_choice":"Bought 1 Potion","damage_taken":0,"max_hp_gain":0,"max_hp_loss":0,"event_name":"The Woman in Blue","floor":22,"gold_loss":0},{"damage_healed":0,"gold_gain":0,"player_choice":"Fought Bandits","damage_taken":0,"max_hp_gain":0,"max_hp_loss":0,"event_name":"Masked Bandits","floor":24,"gold_loss":0}],"is_beta":false,"boss_relics":[{"not_picked":["Runic Dome","Snecko Eye"],"picked":"Black Star"}],"items_purged_floors":[],"is_endless":false,"potions_floor_spawned":[1,14,18,24,30],"killed_by":"Automaton","ascension_level":2}}