{"host":"x4juqxtivqd4pvh0","time":1609392570,"event":{"mods":["AchievementEnabler","BaseMod","Colored Map","Colored Powertips","Googly Eyes","Minty Spire (QoL Compilation)","Rare Cards Sparkle","Shop Mod","SuperFastMode"],"gold_per_floor":[111,121,131,81,81,81,91,41,118,118,136,157,167,187,187,284,284,300,300,260,277,309,309,321,321,321,321,336,349,366,384,384,384,384],"floor_reached":33,"playtime":1443,"items_purged":[],"score":243,"play_id":"e2828f4c-46a1-4d97-aa44-df48535550cd","local_time":"20201231155930","is_ascension_mode":false,"campfire_choices":[{"data":"Heavy Blade","floor":6,"key":"SMITH"},{"floor":10,"key":"REST"},{"data":"Pommel Strike","floor":15,"key":"SMITH"},{"floor":25,"key":"REST"},{"data":"Bludgeon","floor":32,"key":"SMITH"}],"circlet_count":0,"master_deck":["Strike_R","Strike_R","Strike_R","Strike_R+1","Strike_R","Defend_R","Defend_R","Defend_R+1","Defend_R","Heavy Blade+1","Battle Trance","Flex","Cleave","Anger","Pommel Strike+1","Bludgeon+1","Seeing Red","Intimidate+1","Flex+1","Anger+1","Cleave+1","Shrug It Off"],"relics":["Burning Blood","NeowsBlessing","Odd Mushroom","Runic Pyramid","Red Mask","Darkstone Periapt","Molten Egg 2","Nloth\u0027s Gift"],"acts_visited":["Exordium","TheCity"],"potions_floor_usage":[12,14,16,21,24,30,33],"damage_taken":[{"damage":0,"enemies":"Small Slimes","floor":1,"turns":1},{"damage":0,"enemies":"2 Louse","floor":2,"turns":1},{"damage":0,"enemies":"Cultist","floor":3,"turns":1},{"damage":29,"enemies":"Red Slaver","floor":7,"turns":5},{"damage":3,"enemies":"Gremlin Gang","floor":11,"turns":5},{"damage":19,"enemies":"The Mushroom Lair","floor":12,"turns":5},{"damage":10,"enemies":"Looter","floor":13,"turns":3},{"damage":2,"enemies":"Blue Slaver","floor":14,"turns":2},{"damage":74,"enemies":"Hexaghost","floor":16,"turns":10},{"damage":24,"enemies":"Spheric Guardian","floor":18,"turns":5},{"damage":10,"enemies":"Chosen","floor":21,"turns":5},{"damage":37,"enemies":"Masked Bandits","floor":22,"turns":5},{"damage":17,"enemies":"Shelled Parasite and Fungi","floor":24,"turns":6},{"damage":6,"enemies":"Chosen and Byrds","floor":28,"turns":4},{"damage":17,"enemies":"Snecko","floor":29,"turns":5},{"damage":18,"enemies":"Centurion and Healer","floor":30,"turns":4},{"damage":13,"enemies":"Snake Plant","floor":31,"turns":5},{"damage":65,"enemies":"Automaton","floor":33,"turns":6}],"seed_played":"2850261992416320586","potions_obtained":[{"floor":2,"key":"BloodPotion"},{"floor":3,"key":"BloodPotion"},{"floor":7,"key":"BlessingOfTheForge"},{"floor":11,"key":"SteroidPotion"},{"floor":12,"key":"Strength Potion"},{"floor":21,"key":"Fruit Juice"},{"floor":22,"key":"Regen Potion"},{"floor":31,"key":"Fire Potion"}],"is_trial":false,"path_per_floor":["M","M","M","?","?","R","M","$","T","R","M","?","M","M","R","B",null,"M","?","?","M","?","T","M","R","T","?","M","M","M","M","R","B"],"character_chosen":"IRONCLAD","items_purchased":["Cleave"],"campfire_rested":2,"item_purchase_floors":[8],"current_hp_per_floor":[80,80,80,80,80,80,57,57,57,80,80,80,76,80,80,12,80,62,80,80,81,50,50,53,78,78,78,78,67,72,65,65,0,0],"gold":384,"neow_bonus":"THREE_ENEMY_KILL","is_daily":false,"chose_seed":false,"campfire_upgraded":3,"win_rate":0.0,"timestamp":1609392570,"path_taken":["M","M","M","?","?","R","?","?","T","R","?","?","M","M","R","BOSS","M","?","?","?","?","?","M","R","T","?","M","M","M","M","R","BOSS"],"items_purchased_type":["Card"],"build_version":"2020-12-22","purchased_purges":0,"victory":false,"max_hp_per_floor":[80,80,80,80,80,80,80,80,80,80,80,80,80,80,80,80,80,80,80,80,85,85,85,85,85,85,85,85,85,85,85,85,85,85],"card_choices":[{"not_picked":["Pommel Strike","Cleave"],"picked":"Heavy Blade","floor":1},{"not_picked":["Intimidate","Inflame","Headbutt"],"picked":"SKIP","floor":2},{"not_picked":["True Grit","Flame Barrier"],"picked":"Battle Trance","floor":3},{"not_picked":["Sword Boomerang","Sever Soul"],"picked":"Flex","floor":7},{"not_picked":["Sword Boomerang","Thunderclap","Warcry"],"picked":"SKIP","floor":11},{"not_picked":["Fire Breathing","Dual Wield"],"picked":"Anger","floor":12},{"not_picked":["Thunderclap","Uppercut","Flame Barrier"],"picked":"SKIP","floor":13},{"not_picked":["Body Slam","Anger"],"picked":"Pommel Strike","floor":14},{"not_picked":["Double Tap","Berserk"],"picked":"Bludgeon","floor":16},{"not_picked":["Iron Wave","Shrug It Off"],"picked":"Seeing Red","floor":18},{"not_picked":["Inflame","Cleave"],"picked":"Intimidate+1","floor":21},{"not_picked":["Second Wind","Rupture"],"picked":"Flex+1","floor":22},{"not_picked":["True Grit","Sword Boomerang","Disarm+1"],"picked":"SKIP","floor":24},{"not_picked":["Headbutt+1","Offering","Rampage+1"],"picked":"SKIP","floor":28},{"not_picked":["Searing Blow+1","Rage"],"picked":"Anger+1","floor":29},{"not_picked":["Pommel Strike+1","Hemokinesis+1"],"picked":"Cleave+1","floor":30},{"not_picked":["Armaments+1","Second Wind+1"],"picked":"Shrug It Off","floor":31}],"player_experience":42490,"relics_obtained":[{"floor":9,"key":"Bottled Lightning"},{"floor":12,"key":"Odd Mushroom"},{"floor":22,"key":"Red Mask"},{"floor":23,"key":"Darkstone Periapt"},{"floor":26,"key":"Molten Egg 2"}],"event_choices":[{"cards_removed":["Bash"],"damage_healed":0,"gold_gain":0,"player_choice":"Card Removal","damage_taken":0,"max_hp_gain":0,"max_hp_loss":0,"event_name":"The Cleric","floor":4,"gold_loss":50},{"damage_healed":0,"gold_gain":0,"player_choice":"0 cards matched","damage_taken":0,"max_hp_gain":0,"max_hp_loss":0,"event_name":"Match and Keep!","floor":5,"gold_loss":0,"cards_obtained":[]},{"damage_healed":0,"gold_gain":0,"player_choice":"Fought Mushrooms","damage_taken":0,"max_hp_gain":0,"max_hp_loss":0,"event_name":"Mushrooms","floor":12,"gold_loss":0},{"damage_healed":26,"gold_gain":0,"player_choice":"Heal","damage_taken":0,"max_hp_gain":0,"max_hp_loss":0,"event_name":"The Library","floor":19,"gold_loss":0},{"damage_healed":0,"gold_gain":0,"player_choice":"Upgraded Two","damage_taken":0,"max_hp_gain":0,"max_hp_loss":0,"event_name":"Designer","floor":20,"gold_loss":40,"cards_upgraded":["Defend_R","Strike_R"]},{"damage_healed":0,"gold_gain":0,"player_choice":"Fought Bandits","damage_taken":0,"max_hp_gain":0,"max_hp_loss":0,"event_name":"Masked Bandits","floor":22,"gold_loss":0},{"damage_healed":0,"gold_gain":0,"player_choice":"Traded Relic","damage_taken":0,"relics_obtained":["Nloth\u0027s Gift"],"max_hp_gain":0,"max_hp_loss":0,"event_name":"N\u0027loth","floor":27,"relics_lost":["Bottled Lightning"],"gold_loss":0}],"is_beta":false,"boss_relics":[{"not_picked":["Runic Cube","Astrolabe"],"picked":"Runic Pyramid"}],"items_purged_floors":[],"is_endless":false,"potions_floor_spawned":[2,3,7,11,12,21,22,31],"killed_by":"Automaton","ascension_level":0}}