{"host":"uyrebrj0204enqpc","time":1609448426,"event":{"mods":["Act Like it!","Bard","BaseMod","Block Reminder","Challenge The Spire","Colored Map","Colored Powertips","DeckTracker","Downfall","GifTheSpireLib","HexUI Lib","Highlight Path","Hubris","Infinite Spire","Minty Spire (QoL Compilation)","Pale of the Ancients","Quick Restart","Random Character Button","Relic Sorter","Relic Stats","Replay The Spire","Shop Mod","StSLib","The Blue Laboratory","The Bug Knight","The Cursed","The Jungle","The Marked","Wandering Minibosses"],"gold_per_floor":[115,133,146,156,231,231,231,231],"floor_reached":6,"playtime":328,"items_purged":[],"score":40,"play_id":"d9858013-194f-4ed3-b94a-71a5139968cc","local_time":"20201231160026","is_ascension_mode":true,"campfire_choices":[],"circlet_count":0,"master_deck":["Guardian:Strike_Guardian","Guardian:Strike_Guardian","Guardian:Strike_Guardian","Guardian:Strike_Guardian","Guardian:Defend_Guardian","Guardian:Defend_Guardian","Guardian:Defend_Guardian","Guardian:Defend_Guardian","Guardian:CurlUp","Guardian:TwinSlam","Guardian:Emergency","Guardian:AncientConstruct","Guardian:Reroute","Guardian:TemporalStrike"],"relics":["Guardian:ModeShifter","Replay:Multitool"],"acts_visited":["Exordium"],"potions_floor_usage":[],"damage_taken":[{"damage":1,"enemies":"Cultist","floor":1,"turns":4},{"damage":0,"enemies":"Small Slimes","floor":2,"turns":3},{"damage":8,"enemies":"2 Louse","floor":3,"turns":5},{"damage":27,"enemies":"Red Slaver","floor":4,"turns":6},{"damage":26,"enemies":"HollowMod:MossKnight","floor":6,"turns":11}],"seed_played":"-1981270452616568085","potions_obtained":[{"floor":1,"key":"blueLaboratory:BubblePotion"},{"floor":3,"key":"SteroidPotion"},{"floor":4,"key":"blueLaboratory:ImpenetrablePotion"}],"is_trial":false,"path_per_floor":["M","M","M","M","?","E"],"character_chosen":"GUARDIAN","items_purchased":[],"campfire_rested":0,"item_purchase_floors":[],"current_hp_per_floor":[71,71,63,36,25,0,0,0],"gold":231,"neow_bonus":"ONE_RARE_RELIC","is_daily":false,"chose_seed":false,"campfire_upgraded":0,"win_rate":0.0,"timestamp":1609448426,"path_taken":["M","M","M","M","?","E"],"items_purchased_type":[],"build_version":"2020-12-22","purchased_purges":0,"victory":false,"max_hp_per_floor":[72,72,72,72,72,72,72,72],"relic_stats":{"counters":[5,29],"obtain_stats":[{"Guardian:ModeShifter":0,"Replay:Multitool":0},{"Guardian:ModeShifter":0,"Replay:Multitool":0},{"Guardian:ModeShifter":0,"Replay:Multitool":0}]},"card_choices":[{"not_picked":["Guardian:PrimingBeam","Guardian:Incinerate"],"picked":"Guardian:Emergency","floor":1},{"not_picked":["Guardian:Gem_Purple","Guardian:RollAttack"],"picked":"Guardian:AncientConstruct","floor":2},{"not_picked":["Guardian:PrimingBeam","Guardian:Incinerate"],"picked":"Guardian:Reroute","floor":3},{"not_picked":["Guardian:Gem_Lightblue","Guardian:TemporalShield"],"picked":"Guardian:TemporalStrike","floor":4}],"player_experience":1026317,"relics_obtained":[],"event_choices":[{"damage_healed":0,"gold_gain":75,"player_choice":"Gather Gold","damage_taken":11,"max_hp_gain":0,"max_hp_loss":0,"event_name":"World of Goop","floor":5,"gold_loss":0}],"is_beta":false,"boss_relics":[],"items_purged_floors":[],"is_endless":false,"potions_floor_spawned":[1,3,4],"killed_by":"HollowMod:MossKnight","ascension_level":1}}