{"host":"963ykkbusvcbqwtq","time":1609419682,"event":{"mods":["2.2 Compatiblity","AchievementEnabler","Arknights The Spire","BaseMod","Colored Map","GifTheSpireLib","GungeonMod","Lobotomy","Luminous","Minty Spire (QoL Compilation)","StSLib","SuperFastMode","The Bug Knight"],"gold_per_floor":[109,128,128,1365,1365,1365,1385,1421,1456,747,782,1093,1108,1124,1124,1226,1226,1236,1250,1250,1270,1270],"floor_reached":21,"playtime":2624,"items_purged":["DemoMod:Strike_Huntress","DemoMod:Strike_Huntress","DemoMod:Strike_Huntress"],"score":283,"play_id":"f4bd83a5-3032-49f2-92d0-36ceeefcfe00","local_time":"20201231220122","is_ascension_mode":true,"campfire_choices":[{"data":"DemoMod:TripleGun","floor":6.0,"key":"SMITH"},{"data":"DemoMod:TableSutra","floor":15.0,"key":"SMITH"}],"circlet_count":0,"master_deck":["DemoMod:Defend_Huntress+1","DemoMod:Defend_Huntress+1","DemoMod:Roll","DemoMod:ManualReload","DemoMod:RustySidearm","DemoMod:CrossBow","DemoMod:TripleGun+1","DemoMod:GunShield","DemoMod:TableSutra+1","DemoMod:AbyssalTentacle","DemoMod:CombinedRifle","DemoMod:HungryBullets+1","DemoMod:HungryBullets+1","Apotheosis","DemoMod:SpreadAmmo","DemoMod:BlankBullets+1","DemoMod:Rummage+1","DemoMod:SAA","DemoMod:AWP"],"relics":["DemoMod:Dog","CogitoBucket","RabbitCall","Lantern","Matryoshka","DemoMod:GnawedKey","CultistMask","ats:Originium","Frozen Egg 2","MealTicket","Bag of Marbles","DemoMod:WeirdEgg","DemoMod:MeltedRock","Lee\u0027s Waffle","DemoMod:AgedBell","DemoMod:LamentConfigurum","Potion Belt","TreeSap","DemoMod:Test1"],"acts_visited":["Exordium","TheCity"],"potions_floor_usage":[18,21,21],"damage_taken":[{"damage":1.0,"enemies":"2 Louse","floor":1.0,"turns":2.0},{"damage":0.0,"enemies":"Cultist","floor":2.0,"turns":3.0},{"damage":0.0,"enemies":"Jaw Worm","floor":7.0,"turns":4.0},{"damage":26.0,"enemies":"3 Sentries","floor":8.0,"turns":10.0},{"damage":0.0,"enemies":"Exordium Thugs","floor":9.0,"turns":8.0},{"damage":9.0,"enemies":"Lagavulin","floor":11.0,"turns":5.0},{"damage":27.0,"enemies":"Exordium Thugs","floor":13.0,"turns":8.0},{"damage":0.0,"enemies":"3 Louse","floor":14.0,"turns":1.0},{"damage":28.0,"enemies":"Slime Boss","floor":16.0,"turns":7.0},{"damage":21,"enemies":"2 Thieves","floor":18,"turns":4},{"damage":21,"enemies":"Chosen","floor":19,"turns":6},{"damage":58,"enemies":"Centurion and Healer","floor":21,"turns":11}],"seed_played":"-4490063158800171943","potions_obtained":[{"floor":13.0,"key":"Block Potion"},{"floor":14.0,"key":"Fire Potion"},{"floor":16.0,"key":"Weak Potion"}],"is_trial":false,"path_per_floor":["M","M","?","$","?","R","M","E","T","$","E","$","M","M","R","B",null,"M","M","?","M"],"character_chosen":"HUNTRESS","items_purchased":["Lantern","Matryoshka","DemoMod:GnawedKey","DemoMod:GunShield","DemoMod:TableSutra","DemoMod:AbyssalTentacle","DemoMod:WeirdEgg","DemoMod:MeltedRock","Lee\u0027s Waffle","DemoMod:HungryBullets+1","DemoMod:HungryBullets+1","DemoMod:LamentConfigurum","Potion Belt","Apotheosis"],"campfire_rested":0,"item_purchase_floors":[4,4,4,4,4,4,10,10,10,10,12,12,12,12],"current_hp_per_floor":[69,69,55,55,55,55,55,29,29,77,68,77,50,50,50,22,77,56,35,35,0,0],"gold":1270,"neow_bonus":"","is_daily":false,"chose_seed":false,"campfire_upgraded":2,"win_rate":0.0,"timestamp":1609419682,"path_taken":["M","M","?","$","?","R","M","E","T","?","E","$","?","M","R","BOSS","M","M","?","M"],"items_purchased_type":["Card","Relic","Relic","Card","Card","Card","Relic","Relic","Relic","Card","Card","Relic","Relic","Card"],"build_version":"2020-12-22","purchased_purges":3,"victory":false,"max_hp_per_floor":[70,70,70,70,70,70,70,70,70,77,77,77,77,77,77,77,77,77,77,77,77,77],"card_choices":[{"not_picked":["DemoMod:FeignSurrender","DemoMod:CursedBullets","DemoMod:FastSwitch"],"picked":"SKIP","floor":1.0},{"not_picked":["DemoMod:HighKaliber","DemoMod:DoubleSwitch"],"picked":"DemoMod:TripleGun","floor":2.0},{"not_picked":["DemoMod:ConditionalReflex","DemoMod:Slinger","DemoMod:SAA"],"picked":"SKIP","floor":7.0},{"not_picked":["DemoMod:CursedBullets","DemoMod:LifeOrb","DemoMod:Ejector"],"picked":"SKIP","floor":7.0},{"not_picked":["DemoMod:GunstockTap","DemoMod:MachoBrace","DemoMod:TableSutra+1"],"picked":"SKIP","floor":8.0},{"not_picked":["DemoMod:StickyCrossBow","DemoMod:GunstockTap"],"picked":"DemoMod:CombinedRifle","floor":9.0},{"not_picked":["DemoMod:FightSabre","DemoMod:DoubleSwitch","DemoMod:SAA"],"picked":"SKIP","floor":11.0},{"not_picked":["DemoMod:DoubleSwitch","DemoMod:MachoBrace"],"picked":"DemoMod:SpreadAmmo","floor":13.0},{"not_picked":["DemoMod:Unmoved","DemoMod:TableSutra+1","DemoMod:JK47"],"picked":"SKIP","floor":14.0},{"not_picked":["DemoMod:BlackHoleGun","DemoMod:FightSabre"],"picked":"DemoMod:BlankBullets+1","floor":16.0},{"not_picked":["DemoMod:Replace+1","DemoMod:ShadowBullets+1"],"picked":"DemoMod:Rummage+1","floor":18},{"not_picked":["DemoMod:StickyCrossBow","DemoMod:AC15","DemoMod:Casey"],"picked":"SKIP","floor":19}],"player_experience":227495,"relics_obtained":[{"floor":8.0,"key":"ats:Originium"},{"floor":8.0,"key":"Frozen Egg 2"},{"floor":9.0,"key":"MealTicket"},{"floor":9.0,"key":"Bag of Marbles"},{"floor":11.0,"key":"ats:Originium"},{"floor":11.0,"key":"DemoMod:AgedBell"}],"event_choices":[{"damage_healed":0.0,"max_hp_gain":0.0,"max_hp_loss":0.0,"gold_gain":0.0,"event_name":"Shining Light","player_choice":"Entered Light","floor":3.0,"gold_loss":0.0,"damage_taken":14.0,"cards_upgraded":["DemoMod:Defend_Huntress","DemoMod:Defend_Huntress"]},{"damage_healed":0.0,"max_hp_gain":0.0,"max_hp_loss":0.0,"gold_gain":0.0,"event_name":"FaceTrader","player_choice":"Trade","floor":5.0,"gold_loss":0.0,"damage_taken":0.0,"relics_obtained":["CultistMask"]},{"damage_healed":0,"gold_gain":0,"cards_transformed":["DemoMod:Defend_Huntress","DemoMod:Defend_Huntress"],"player_choice":"Became Test Subject","damage_taken":0,"max_hp_gain":0,"max_hp_loss":0,"event_name":"Drug Dealer","floor":20,"gold_loss":0,"cards_obtained":["DemoMod:SAA","DemoMod:AWP"]}],"is_beta":false,"boss_relics":[{"not_picked":["DemoMod:Wolf","SlaversCollar"],"picked":"DemoMod:Test1"}],"items_purged_floors":[4,10,12],"is_endless":false,"potions_floor_spawned":[13,14,16],"killed_by":"Centurion and Healer","ascension_level":2}}