{"host":"7gewg82ormp6yt4e","time":1609402551,"event":{"mods":["BaseMod","Block Reminder","Colored Map","Colored Powertips","DeckTracker","Highlight Path","Minty Spire (QoL Compilation)","Relic Stats","StSLib"],"gold_per_floor":[118,118,132,142,35,35,35,45,45,61,61,61],"floor_reached":11,"playtime":397,"items_purged":[],"score":130,"play_id":"6e51a77c-3daa-4b9f-b872-1ebdcde40002","local_time":"20201231171551","is_ascension_mode":true,"campfire_choices":[{"data":"Choke","floor":6,"key":"SMITH"}],"circlet_count":0,"master_deck":["AscendersBane","Strike_G","Strike_G","Strike_G","Strike_G","Strike_G","Defend_G","Defend_G","Defend_G","Defend_G","Defend_G","Survivor","Neutralize","Dagger Throw","Deflect","Backflip","Blade Dance","Choke+1","Flying Knee","Dash"],"relics":["Ring of the Snake","Mummified Hand"],"acts_visited":["Exordium"],"potions_floor_usage":[8],"damage_taken":[{"damage":4,"enemies":"Cultist","floor":1,"turns":5},{"damage":0,"enemies":"Jaw Worm","floor":3,"turns":4},{"damage":4,"enemies":"Small Slimes","floor":4,"turns":3},{"damage":2,"enemies":"Looter","floor":8,"turns":2},{"damage":38,"enemies":"Exordium Thugs","floor":10,"turns":7},{"damage":0,"enemies":"3 Sentries","floor":11,"turns":1}],"seed_played":"-2584486536046087750","potions_obtained":[{"floor":1,"key":"SneckoOil"},{"floor":3,"key":"Strength Potion"}],"is_trial":false,"path_per_floor":["M","?","M","M","$","R","$","M","T","M","E"],"character_chosen":"THE_SILENT","items_purchased":["Blade Dance","Choke"],"campfire_rested":0,"item_purchase_floors":[5,5],"current_hp_per_floor":[67,60,60,56,56,56,56,54,54,16,16,16],"gold":61,"neow_bonus":"TWENTY_PERCENT_HP_BONUS","is_daily":false,"chose_seed":false,"campfire_upgraded":1,"win_rate":0.0,"timestamp":1609402551,"path_taken":["M","?","M","M","$","R","?","?","T","M","E"],"items_purchased_type":["Card","Card"],"build_version":"2020-12-22","purchased_purges":0,"victory":false,"max_hp_per_floor":[78,78,78,78,78,78,78,78,78,78,78,78],"relic_stats":{"counters":[6,22],"Mummified Hand":[0],"obtain_stats":[{"Mummified Hand":9,"Ring of the Snake":0},{"Mummified Hand":4,"Ring of the Snake":0},{"Mummified Hand":14,"Ring of the Snake":0}],"Ring of the Snake":[12]},"card_choices":[{"not_picked":["Setup","Bane"],"picked":"Dagger Throw","floor":1},{"not_picked":["Outmaneuver","Infinite Blades"],"picked":"Deflect","floor":3},{"not_picked":["Expertise","Dodge and Roll"],"picked":"Backflip","floor":4},{"not_picked":["Concentrate","Quick Slash"],"picked":"Flying Knee","floor":8},{"not_picked":["Quick Slash","PiercingWail"],"picked":"Dash","floor":10}],"player_experience":2444657,"relics_obtained":[{"floor":9,"key":"Mummified Hand"}],"event_choices":[{"cards_removed":["Writhe"],"damage_healed":0,"gold_gain":0,"player_choice":"Card Removal","damage_taken":7,"max_hp_gain":0,"max_hp_loss":0,"event_name":"Golden Wing","floor":2,"gold_loss":0}],"is_beta":false,"boss_relics":[],"items_purged_floors":[],"is_endless":false,"potions_floor_spawned":[1,3],"killed_by":"3 Sentries","ascension_level":20}}