{"host":"hwrdjx5eod2cxh09","time":1609446952,"event":{"mods":["AchievementEnabler","BaseMod","Bestiary","Minty Spire (QoL Compilation)","Relic Stats"],"gold_per_floor":[117,137,151,169,169,169,203,224,224,242,255,280,291,325,325,426,426,443,443,462,3,3,32,32,44,44,61,92,112,112,127,127,228,228,248,261,261,271,288,288,340,340,340],"floor_reached":42,"playtime":2570,"items_purged":["Strike_B"],"score":489,"play_id":"53c54f62-5aaa-421a-8108-4a0a23b945e8","local_time":"20210101053552","is_ascension_mode":false,"campfire_choices":[{"data":"Double Energy","floor":15,"key":"SMITH"},{"floor":24,"key":"REST"},{"data":"Hyperbeam","floor":30,"key":"SMITH"},{"floor":32,"key":"REST"},{"floor":40,"key":"RECALL"}],"circlet_count":0,"master_deck":["Strike_B","Strike_B","Strike_B","Defend_B","Defend_B+1","Defend_B","Defend_B","Sweeping Beam","Sunder+1","Beam Cell","Rebound","Leap","Double Energy+1","Conserve Battery","Ball Lightning","Gash","Hyperbeam+1","Rebound+1","Scrape","Undo","Madness","Streamline","Leap","Gash","FTL+1","Turbo","All For One","Hologram+1","Hologram+1","Gash"],"relics":["Cursed Key","Smiling Mask","Odd Mushroom","Peace Pipe","PreservedInsect","Empty Cage","Nunchaku","Blood Vial","Oddly Smooth Stone","Nuclear Battery","Calipers"],"acts_visited":["Exordium","TheCity","TheBeyond"],"potions_floor_usage":[11,16,16,16,25,33,38,42],"damage_taken":[{"damage":2,"enemies":"2 Louse","floor":1,"turns":4},{"damage":1,"enemies":"Jaw Worm","floor":2,"turns":2},{"damage":1,"enemies":"Cultist","floor":3,"turns":3},{"damage":7,"enemies":"Blue Slaver","floor":4,"turns":3},{"damage":8,"enemies":"3 Sentries","floor":7,"turns":5},{"damage":7,"enemies":"The Mushroom Lair","floor":8,"turns":3},{"damage":5,"enemies":"Exordium Thugs","floor":10,"turns":3},{"damage":4,"enemies":"Gremlin Gang","floor":11,"turns":4},{"damage":4,"enemies":"Lagavulin","floor":12,"turns":6},{"damage":0,"enemies":"3 Louse","floor":13,"turns":3},{"damage":8,"enemies":"3 Sentries","floor":14,"turns":6},{"damage":15,"enemies":"Slime Boss","floor":16,"turns":8},{"damage":3,"enemies":"Spheric Guardian","floor":18,"turns":3},{"damage":0,"enemies":"Chosen","floor":20,"turns":3},{"damage":12,"enemies":"Book of Stabbing","floor":23,"turns":5},{"damage":12,"enemies":"Snake Plant","floor":25,"turns":3},{"damage":24,"enemies":"Cultist and Chosen","floor":27,"turns":7},{"damage":0,"enemies":"Gremlin Leader","floor":28,"turns":4},{"damage":9,"enemies":"Shelled Parasite and Fungi","floor":29,"turns":7},{"damage":8,"enemies":"Chosen and Byrds","floor":31,"turns":7},{"damage":45,"enemies":"Collector","floor":33,"turns":10},{"damage":8,"enemies":"3 Darklings","floor":35,"turns":3},{"damage":8,"enemies":"3 Shapes","floor":36,"turns":6},{"damage":16,"enemies":"Spire Growth","floor":38,"turns":4},{"damage":6,"enemies":"Writhing Mass","floor":39,"turns":5},{"damage":30,"enemies":"2 Orb Walkers","floor":41,"turns":5},{"damage":28,"enemies":"Maw","floor":42,"turns":6}],"seed_played":"1477787535404448818","potions_obtained":[{"floor":3,"key":"Regen Potion"},{"floor":4,"key":"BlessingOfTheForge"},{"floor":8,"key":"Block Potion"},{"floor":10,"key":"Weak Potion"},{"floor":13,"key":"Fire Potion"},{"floor":29,"key":"Regen Potion"},{"floor":31,"key":"Ancient Potion"},{"floor":33,"key":"Weak Potion"},{"floor":38,"key":"PowerPotion"},{"floor":39,"key":"FearPotion"}],"is_trial":false,"path_per_floor":["M","M","M","M","?","?","E","?","T","M","M","E","M","E","R","B",null,"M","?","M","$","?","E","R","M","T","M","E","M","R","M","R","B",null,"M","M","?","M","M","R","?","M"],"character_chosen":"DEFECT","items_purchased":["Nunchaku","Undo","Madness","SteroidPotion","SkillPotion"],"campfire_rested":2,"item_purchase_floors":[21,21,21,21,21],"current_hp_per_floor":[73,72,71,64,49,49,41,34,34,29,37,33,33,25,25,10,75,72,58,58,58,58,46,70,60,60,38,40,33,33,27,51,8,80,72,66,66,52,48,48,20,0,0],"gold":340,"neow_bonus":"BOSS_RELIC","is_daily":false,"chose_seed":false,"campfire_upgraded":2,"win_rate":0.0,"timestamp":1609446952,"path_taken":["M","M","M","M","?","?","E","?","T","M","M","E","M","E","R","BOSS","M","?","M","$","?","E","R","M","T","?","E","M","R","M","R","BOSS","M","M","?","M","M","R","?","M"],"items_purchased_type":["Relic","Card","Card","Potion","Potion"],"build_version":"2020-12-22","purchased_purges":1,"victory":false,"max_hp_per_floor":[75,75,75,75,75,75,75,75,75,75,75,75,75,75,75,75,75,75,80,80,80,80,80,80,80,80,80,80,80,80,80,80,80,80,80,80,80,80,80,80,80,80,80],"relic_stats":{"Peace Pipe":0,"Blood Vial":22,"Nunchaku":[20],"counters":[27,128],"PreservedInsect":85,"Cursed Key":0,"Smiling Mask":25,"obtain_stats":[{"Peace Pipe":12,"Blood Vial":23,"Nunchaku":21,"Calipers":41,"Oddly Smooth Stone":28,"PreservedInsect":14,"Odd Mushroom":8,"Cracked Core":0,"Cursed Key":0,"Smiling Mask":7,"Empty Cage":17,"Nuclear Battery":34},{"Peace Pipe":9,"Blood Vial":15,"Nunchaku":14,"Calipers":26,"Oddly Smooth Stone":18,"PreservedInsect":11,"Odd Mushroom":6,"Cracked Core":0,"Cursed Key":0,"Smiling Mask":5,"Empty Cage":12,"Nuclear Battery":21},{"Peace Pipe":33,"Blood Vial":61,"Nunchaku":56,"Calipers":122,"Oddly Smooth Stone":75,"PreservedInsect":42,"Odd Mushroom":20,"Cracked Core":0,"Cursed Key":0,"Smiling Mask":17,"Empty Cage":50,"Nuclear Battery":99}]},"card_choices":[{"not_picked":["Heatsinks","Steam"],"picked":"Sweeping Beam","floor":1},{"not_picked":["Compile Driver","Double Energy","Turbo"],"picked":"SKIP","floor":2},{"not_picked":["Cold Snap","Coolheaded"],"picked":"Sunder","floor":3},{"not_picked":["Hologram","Compile Driver"],"picked":"Beam Cell","floor":4},{"not_picked":["Redo","Biased Cognition"],"picked":"Rebound","floor":7},{"not_picked":["Compile Driver","Barrage"],"picked":"Leap","floor":8},{"not_picked":["Chill","Consume"],"picked":"Double Energy","floor":10},{"not_picked":["Compile Driver","Genetic Algorithm"],"picked":"Conserve Battery","floor":11},{"not_picked":["Thunder Strike","Loop"],"picked":"Ball Lightning","floor":12},{"not_picked":["Cold Snap","Lockon","Force Field"],"picked":"SKIP","floor":13},{"not_picked":["Rip and Tear","Sweeping Beam"],"picked":"Gash","floor":14},{"not_picked":["Echo Form","Meteor Strike"],"picked":"Hyperbeam","floor":16},{"not_picked":["Leap","Melter"],"picked":"Rebound+1","floor":18},{"not_picked":["BootSequence+1","Steam"],"picked":"Scrape","floor":20},{"not_picked":["Hologram","Melter+1"],"picked":"Leap","floor":23},{"not_picked":["Genetic Algorithm","Redo","Stack"],"picked":"SKIP","floor":25},{"not_picked":["Conserve Battery","Melter"],"picked":"Gash","floor":27},{"not_picked":["Amplify","Capacitor+1","Melter+1"],"picked":"SKIP","floor":28},{"not_picked":["Darkness","Conserve Battery"],"picked":"FTL+1","floor":29},{"not_picked":["Rebound","Compile Driver"],"picked":"Turbo","floor":31},{"not_picked":["Electrodynamics","Core Surge"],"picked":"All For One","floor":33},{"not_picked":["Stack","Cold Snap","Chill+1"],"picked":"SKIP","floor":35},{"not_picked":["Chaos+1","Compile Driver+1","Streamline"],"picked":"SKIP","floor":36},{"not_picked":["Hello World+1","Recycle+1"],"picked":"Hologram+1","floor":38},{"not_picked":["Stack","Sweeping Beam+1"],"picked":"Hologram+1","floor":39},{"not_picked":["Tempest","Cold Snap"],"picked":"Gash","floor":41}],"player_experience":136287,"relics_obtained":[{"floor":7,"key":"Smiling Mask"},{"floor":8,"key":"Odd Mushroom"},{"floor":12,"key":"Peace Pipe"},{"floor":14,"key":"PreservedInsect"},{"floor":23,"key":"Blood Vial"},{"floor":28,"key":"Oddly Smooth Stone"},{"floor":41,"key":"Calipers"}],"event_choices":[{"damage_healed":0,"gold_gain":0,"player_choice":"Entered Light","damage_taken":15,"max_hp_gain":0,"max_hp_loss":0,"event_name":"Shining Light","floor":5,"gold_loss":0,"cards_upgraded":["Defend_B","Sunder"]},{"damage_healed":0,"gold_gain":0,"player_choice":"Ignored","damage_taken":0,"max_hp_gain":0,"max_hp_loss":0,"event_name":"Liars Game","floor":6,"gold_loss":0},{"damage_healed":0,"gold_gain":0,"player_choice":"Fought Mushrooms","damage_taken":0,"max_hp_gain":0,"max_hp_loss":0,"event_name":"Mushrooms","floor":8,"gold_loss":0},{"damage_healed":0,"gold_gain":0,"player_choice":"Shed Blood","damage_taken":19,"max_hp_gain":5,"max_hp_loss":0,"event_name":"Forgotten Altar","floor":19,"gold_loss":0},{"damage_healed":0,"gold_gain":0,"player_choice":"Read","damage_taken":0,"max_hp_gain":0,"max_hp_loss":0,"event_name":"The Library","floor":22,"gold_loss":0,"cards_obtained":["Streamline"]},{"damage_healed":0,"gold_gain":0,"player_choice":"Ignored","damage_taken":0,"max_hp_gain":0,"max_hp_loss":0,"event_name":"Tomb of Lord Red Mask","floor":37,"gold_loss":0},{"damage_healed":0,"gold_gain":0,"player_choice":"Fight","damage_taken":0,"max_hp_gain":0,"max_hp_loss":0,"event_name":"Mysterious Sphere","floor":41,"gold_loss":0}],"is_beta":false,"boss_relics":[{"not_picked":["Snecko Eye","Ectoplasm"],"picked":"Empty Cage"},{"not_picked":["Busted Crown","SacredBark"],"picked":"Nuclear Battery"}],"items_purged_floors":[21],"is_endless":false,"potions_floor_spawned":[3,4,8,10,13,23,29,31,33,38,39],"killed_by":"Maw","ascension_level":0}}