{"host":"2se5dq1do2gp0x9k","time":1609454989,"event":{"mods":["BaseMod","Block Reminder","Colored Map","Colored Powertips","Minty Spire (QoL Compilation)","Relic Stats","StSLib","SuperFastMode","Synergy Search"],"gold_per_floor":[113,113,131,34,34,34,63,63,90,90,109,109,120,137,137,137,137],"floor_reached":16,"playtime":434,"items_purged":["Defend_P"],"score":100,"play_id":"20df926a-a590-43be-b947-4862236abaad","local_time":"20201231144949","is_ascension_mode":false,"campfire_choices":[{"data":"Eruption","floor":6,"key":"SMITH"},{"data":"1","floor":8,"key":"LIFT"},{"data":"2","floor":12,"key":"LIFT"},{"data":"3","floor":15,"key":"LIFT"}],"circlet_count":0,"master_deck":["Strike_P+1","Strike_P","Strike_P","Strike_P","Defend_P","Defend_P","Defend_P","Eruption+1","Vigilance","FollowUp+1","ClearTheMind","CrushJoints","DevaForm","Consecrate","Halt","BowlingBash"],"relics":["Sozu","Girya","Damaru"],"acts_visited":[],"potions_floor_usage":[],"damage_taken":[{"damage":2,"enemies":"2 Louse","floor":1,"turns":2},{"damage":0,"enemies":"Cultist","floor":3,"turns":2},{"damage":10,"enemies":"Gremlin Nob","floor":7,"turns":3},{"damage":5,"enemies":"Small Slimes","floor":11,"turns":2},{"damage":7,"enemies":"Blue Slaver","floor":13,"turns":2},{"damage":0,"enemies":"2 Fungi Beasts","floor":14,"turns":2},{"damage":36,"enemies":"Hexaghost","floor":16,"turns":7}],"seed_played":"-8918619213527377495","potions_obtained":[],"is_trial":false,"path_per_floor":["M","?","M","$","?","R","E","R","T","?","M","R","M","M","R","B"],"character_chosen":"WATCHER","items_purchased":["CrushJoints"],"campfire_rested":0,"item_purchase_floors":[4],"current_hp_per_floor":[70,72,72,72,58,58,48,48,48,48,43,43,36,36,36,0,0],"gold":137,"neow_bonus":"BOSS_RELIC","is_daily":false,"chose_seed":false,"campfire_upgraded":1,"win_rate":0.0,"timestamp":1609454989,"path_taken":["M","?","?","$","?","R","E","R","T","?","M","R","M","M","R","BOSS"],"items_purchased_type":["Card"],"build_version":"2020-12-22","purchased_purges":1,"victory":false,"max_hp_per_floor":[72,72,72,72,72,72,72,72,72,72,72,72,72,72,72,72,72],"relic_stats":{"Sozu":3,"counters":[7,20],"obtain_stats":[{"Sozu":0,"Girya":7,"Damaru":9,"PureWater":0},{"Sozu":0,"Girya":3,"Damaru":3,"PureWater":0},{"Sozu":0,"Girya":7,"Damaru":7,"PureWater":0}]},"card_choices":[{"not_picked":["Crescendo","Adaptation"],"picked":"FollowUp","floor":1},{"not_picked":["PathToVictory","Crescendo"],"picked":"ClearTheMind","floor":3},{"not_picked":["Establishment","SandsOfTime"],"picked":"DevaForm","floor":7},{"not_picked":["SashWhip","Vengeance"],"picked":"Consecrate","floor":11},{"not_picked":["WheelKick","Weave"],"picked":"Halt","floor":13},{"not_picked":["FlurryOfBlows","WindmillStrike"],"picked":"BowlingBash","floor":14}],"player_experience":3673190,"relics_obtained":[{"floor":7,"key":"Girya"},{"floor":9,"key":"Damaru"}],"event_choices":[{"damage_healed":2,"gold_gain":0,"player_choice":"Full Heal","damage_taken":0,"max_hp_gain":0,"max_hp_loss":0,"event_name":"Wheel of Change","floor":2,"gold_loss":0},{"damage_healed":0,"gold_gain":0,"player_choice":"Entered Light","damage_taken":14,"max_hp_gain":0,"max_hp_loss":0,"event_name":"Shining Light","floor":5,"gold_loss":0,"cards_upgraded":["FollowUp","Strike_P"]},{"damage_healed":0,"gold_gain":0,"player_choice":"Ignored","damage_taken":0,"max_hp_gain":0,"max_hp_loss":0,"event_name":"Liars Game","floor":10,"gold_loss":0}],"is_beta":false,"boss_relics":[],"items_purged_floors":[4],"is_endless":false,"potions_floor_spawned":[7,13,14],"killed_by":"Hexaghost","ascension_level":0}}