{"host":"lvhfn8l5bvc4nolx","time":1609378992,"event":{"mods":["AchievementEnabler","BaseMod","Colored Map","Keyboard Shortcuts","Minty Spire (QoL Compilation)","Permanent Neow","Quick Restart","SuperFastMode"],"gold_per_floor":[365,128,139,1,17,49,49,76,76,94,127,127,127,143,143,143,143],"floor_reached":16,"playtime":402,"items_purged":["Strike_R","Strike_R"],"score":289,"play_id":"35dc590d-a1bb-4310-82a8-fe017037e3f7","local_time":"20201231104312","is_ascension_mode":true,"campfire_choices":[{"floor":7,"key":"REST"},{"data":"Trip","floor":13,"key":"SMITH"},{"data":"Shrug It Off","floor":15,"key":"SMITH"}],"circlet_count":0,"master_deck":["AscendersBane","Strike_R","Strike_R","Strike_R","Defend_R","Defend_R","Defend_R","Defend_R","Bash","Pommel Strike","Trip+1","Twin Strike","Dropkick","Dropkick","Warcry","Feed","Pommel Strike","Shrug It Off+1"],"relics":["Burning Blood","Paper Frog","Omamori","Eternal Feather","Lantern"],"acts_visited":["Exordium"],"potions_floor_usage":[3,6,16,16],"damage_taken":[{"damage":1,"enemies":"Cultist","floor":1,"turns":3},{"damage":9,"enemies":"2 Louse","floor":3,"turns":3},{"damage":4,"enemies":"Jaw Worm","floor":5,"turns":3},{"damage":40,"enemies":"Lagavulin","floor":6,"turns":5},{"damage":16,"enemies":"Gremlin Nob","floor":8,"turns":3},{"damage":13,"enemies":"Large Slime","floor":10,"turns":5},{"damage":0,"enemies":"Lagavulin","floor":11,"turns":1},{"damage":12,"enemies":"Exordium Wildlife","floor":14,"turns":3},{"damage":65,"enemies":"The Guardian","floor":16,"turns":13}],"seed_played":"6361511635250023904","potions_obtained":[{"floor":3,"key":"Fruit Juice"},{"floor":5,"key":"SteroidPotion"},{"floor":6,"key":"Regen Potion"},{"floor":14,"key":"DuplicationPotion"}],"is_trial":false,"path_per_floor":["M","$","M","$","M","E","R","E","T","M","E","?","R","M","R","B"],"character_chosen":"IRONCLAD","items_purchased":["Trip","Entrench","Dropkick"],"campfire_rested":1,"item_purchase_floors":[2,2,4],"current_hp_per_floor":[55,55,57,57,59,25,49,39,39,32,38,38,47,44,53,3,3],"gold":143,"neow_bonus":"TWO_FIFTY_GOLD","is_daily":false,"chose_seed":false,"campfire_upgraded":2,"win_rate":0.0,"timestamp":1609378992,"path_taken":["M","$","M","$","M","E","R","E","T","?","E","?","R","M","R","BOSS"],"items_purchased_type":["Card","Card","Card"],"build_version":"2020-12-22","purchased_purges":2,"victory":false,"max_hp_per_floor":[75,75,80,80,80,80,80,80,80,80,80,80,80,83,83,83,83],"card_choices":[{"not_picked":["Iron Wave","Feel No Pain"],"picked":"Pommel Strike","floor":1},{"not_picked":["Combust","Anger"],"picked":"Twin Strike","floor":3},{"not_picked":["Headbutt","Combust"],"picked":"Dropkick","floor":5},{"not_picked":["Twin Strike","Iron Wave"],"picked":"Warcry","floor":6},{"not_picked":["Hemokinesis","Heavy Blade","Thunderclap"],"picked":"SKIP","floor":8},{"not_picked":["Heavy Blade","Iron Wave","Headbutt"],"picked":"SKIP","floor":10},{"not_picked":["Evolve","Twin Strike"],"picked":"Feed","floor":11},{"not_picked":["Dual Wield","Havoc"],"picked":"Shrug It Off","floor":14}],"player_experience":353807,"relics_obtained":[{"floor":6,"key":"Paper Frog"},{"floor":8,"key":"Omamori"},{"floor":9,"key":"Eternal Feather"},{"floor":11,"key":"Lantern"}],"event_choices":[{"damage_healed":0,"gold_gain":0,"cards_transformed":["Entrench"],"player_choice":"Change","damage_taken":0,"max_hp_gain":0,"max_hp_loss":0,"event_name":"Living Wall","floor":12,"gold_loss":0,"cards_obtained":["Pommel Strike"]}],"is_beta":false,"boss_relics":[],"items_purged_floors":[2,4],"is_endless":false,"potions_floor_spawned":[3,5,6,14],"killed_by":"The Guardian","ascension_level":14}}