{"host":"k7udt7atmcuzf6l0","time":1609403876,"event":{"mods":["AchievementEnabler","BaseMod","Colored Map","Colored Powertips","Highlight Path","Minty Spire (QoL Compilation)","Quick Restart","Rare Cards Sparkle","StSLib","UnlockEverythingMod"],"gold_per_floor":[111,10,10,20,31,31,44,44,44,74,74,86,86,86,86,183,183,202,202,202,202,222,234,234,234,304,319,319,351,364,390,390,390,390],"floor_reached":33,"playtime":710,"items_purged":[],"score":352,"play_id":"a838b34b-ab67-4b48-be32-2648a5771d95","local_time":"20201231163756","is_ascension_mode":false,"campfire_choices":[{"data":"Flex","floor":6.0,"key":"SMITH"},{"data":"Warcry","floor":8.0,"key":"SMITH"},{"data":"Whirlwind","floor":11.0,"key":"SMITH"},{"data":"Headbutt","floor":13.0,"key":"SMITH"},{"data":"Iron Wave","floor":15.0,"key":"SMITH"},{"data":"Sword Boomerang","floor":24.0,"key":"SMITH"},{"floor":28.0,"key":"REST"},{"floor":32,"key":"REST"}],"circlet_count":0,"master_deck":["Strike_R","Strike_R","Strike_R+1","Strike_R","Strike_R","Defend_R","Defend_R","Bash","Whirlwind+1","Flex+1","Pommel Strike+1","Warcry+1","Headbutt+1","Iron Wave+1","Limit Break+1","Sword Boomerang+1","Uppercut+1","Clash","Inflame","Havoc+1","Double Tap","Heavy Blade+1","Shockwave"],"relics":["Burning Blood","NeowsBlessing","Incense Burner","Peace Pipe","Black Star","Mummified Hand","Question Card","Ginger","The Courier","Champion Belt"],"acts_visited":["Exordium","TheCity"],"potions_floor_usage":[31,33],"damage_taken":[{"damage":0.0,"enemies":"Small Slimes","floor":1.0,"turns":1.0},{"damage":0.0,"enemies":"Jaw Worm","floor":4.0,"turns":1.0},{"damage":0.0,"enemies":"2 Louse","floor":5.0,"turns":1.0},{"damage":6.0,"enemies":"Exordium Thugs","floor":7.0,"turns":3.0},{"damage":6.0,"enemies":"3 Louse","floor":12.0,"turns":2.0},{"damage":0.0,"enemies":"Slime Boss","floor":16.0,"turns":6.0},{"damage":28.0,"enemies":"2 Thieves","floor":18.0,"turns":4.0},{"damage":0.0,"enemies":"Spheric Guardian","floor":21.0,"turns":1.0},{"damage":42.0,"enemies":"Snake Plant","floor":22.0,"turns":5.0},{"damage":27.0,"enemies":"Centurion and Healer","floor":23.0,"turns":4.0},{"damage":1.0,"enemies":"Snecko","floor":27.0,"turns":3.0},{"damage":29,"enemies":"Slavers","floor":29,"turns":3},{"damage":10,"enemies":"Cultist and Chosen","floor":30,"turns":4},{"damage":13,"enemies":"Gremlin Leader","floor":31,"turns":6},{"damage":58,"enemies":"Collector","floor":33,"turns":3}],"seed_played":"-457234753154671152","potions_obtained":[{"floor":1.0,"key":"AttackPotion"},{"floor":7.0,"key":"SmokeBomb"},{"floor":22.0,"key":"SkillPotion"},{"floor":23.0,"key":"BlessingOfTheForge"},{"floor":31,"key":"ColorlessPotion"}],"is_trial":false,"path_per_floor":["M","$","?","M","M","R","M","R","T","?","R","M","R","?","R","B",null,"M","?","?","M","M","M","R","?","T","M","R","E","M","E","R","B"],"character_chosen":"IRONCLAD","items_purchased":["Flex","Pommel Strike"],"campfire_rested":2,"item_purchase_floors":[2,2],"current_hp_per_floor":[80,80,64,70,76,76,76,76,76,76,76,76,76,76,76,80,80,58,80,80,80,44,23,23,23,23,28,52,29,25,18,42,0,0],"gold":390,"neow_bonus":"THREE_ENEMY_KILL","is_daily":false,"chose_seed":false,"campfire_upgraded":6,"win_rate":0.0,"timestamp":1609403876,"path_taken":["M","$","?","M","M","R","M","R","T","?","R","M","R","?","R","BOSS","M","?","?","M","?","M","R","?","T","M","R","E","?","E","R","BOSS"],"items_purchased_type":["Card","Card"],"build_version":"2020-12-22","purchased_purges":0,"victory":false,"max_hp_per_floor":[80,80,80,80,80,80,80,80,80,80,80,80,80,80,80,80,80,80,80,80,80,80,80,80,80,80,80,80,80,80,80,80,80,80],"card_choices":[{"not_picked":["Evolve","Thunderclap"],"picked":"Whirlwind","floor":1.0},{"not_picked":["Flex","Pommel Strike","Dropkick"],"picked":"SKIP","floor":4.0},{"not_picked":["Flex","Pommel Strike","Dropkick"],"picked":"SKIP","floor":4.0},{"not_picked":["Second Wind","Perfected Strike","Iron Wave"],"picked":"SKIP","floor":5.0},{"not_picked":["Sentinel","Carnage"],"picked":"Warcry","floor":7.0},{"not_picked":["Perfected Strike","Demon Form"],"picked":"Headbutt","floor":12.0},{"not_picked":["Juggernaut","Demon Form"],"picked":"Limit Break","floor":16.0},{"not_picked":["Shrug It Off","Warcry"],"picked":"Sword Boomerang","floor":18.0},{"not_picked":["Sever Soul","Heavy Blade"],"picked":"Uppercut+1","floor":22.0},{"not_picked":["Flex","Feel No Pain"],"picked":"Clash","floor":23.0},{"not_picked":["Twin Strike","Heavy Blade"],"picked":"Havoc+1","floor":27.0},{"not_picked":["Iron Wave","Second Wind+1"],"picked":"Double Tap","floor":29},{"not_picked":["Wild Strike","Armaments","Bloodletting"],"picked":"Heavy Blade+1","floor":30},{"not_picked":["True Grit","Pummel","Wild Strike"],"picked":"Shockwave","floor":31}],"player_experience":34488,"relics_obtained":[{"floor":9.0,"key":"Incense Burner"},{"floor":26.0,"key":"Mummified Hand"},{"floor":29,"key":"Question Card"},{"floor":29,"key":"Ginger"},{"floor":31,"key":"The Courier"},{"floor":31,"key":"Champion Belt"}],"event_choices":[{"damage_healed":0.0,"max_hp_gain":0.0,"max_hp_loss":0.0,"gold_gain":0.0,"event_name":"Shining Light","player_choice":"Entered Light","floor":3.0,"gold_loss":0.0,"damage_taken":16.0,"cards_upgraded":["Pommel Strike","Strike_R"]},{"damage_healed":0.0,"max_hp_gain":0.0,"max_hp_loss":0.0,"gold_gain":30.0,"event_name":"Dead Adventurer","player_choice":"Searched \u00272\u0027 times","floor":10.0,"gold_loss":0.0,"damage_taken":0.0,"relics_obtained":["Peace Pipe"]},{"cards_removed":["Defend_R"],"damage_healed":0.0,"max_hp_gain":0.0,"max_hp_loss":0.0,"gold_gain":0.0,"event_name":"NoteForYourself","player_choice":"Took Card","floor":14.0,"gold_loss":0.0,"damage_taken":0.0,"cards_obtained":["Iron Wave"]},{"damage_healed":26.0,"max_hp_gain":0.0,"max_hp_loss":0.0,"gold_gain":0.0,"event_name":"The Library","player_choice":"Heal","floor":19.0,"gold_loss":0.0,"damage_taken":0.0},{"damage_healed":0.0,"max_hp_gain":0.0,"max_hp_loss":0.0,"gold_gain":0.0,"event_name":"Accursed Blacksmith","player_choice":"Forge","floor":20.0,"gold_loss":0.0,"damage_taken":0.0,"cards_upgraded":["Limit Break"]},{"damage_healed":0.0,"max_hp_gain":0.0,"max_hp_loss":0.0,"gold_gain":0.0,"cards_transformed":["Defend_R"],"event_name":"Transmorgrifier","player_choice":"Transformed","floor":25.0,"gold_loss":0.0,"damage_taken":0.0,"cards_obtained":["Inflame"]}],"is_beta":false,"boss_relics":[{"not_picked":["SacredBark","Velvet Choker"],"picked":"Black Star"}],"items_purged_floors":[],"is_endless":false,"potions_floor_spawned":[1,7,22,23,31],"killed_by":"Collector","ascension_level":0}}