{"host":"lg1piimdyocafd6j","time":1609439567,"event":{"mods":["AchievementEnabler","BaseMod","Better Third Choice","BetterRewards","Colored Map","Colored Powertips","Downfall","Minty Spire (QoL Compilation)","Quick Restart","Rare Cards Sparkle","StSLib","SuperFastMode"],"gold_per_floor":[118,78,90,90,90,118,18,34,34,60,60,60,60,77,77,77,77],"floor_reached":16,"playtime":985,"items_purged":["Strike_B","Strike_B"],"score":158,"play_id":"1dc79037-64c5-454a-9c06-be5bd6b657b0","local_time":"20201231193247","is_ascension_mode":false,"campfire_choices":[{"floor":11,"key":"REST"},{"floor":13,"key":"RECALL"},{"floor":15,"key":"REST"}],"circlet_count":0,"master_deck":["Strike_B","Strike_B","Defend_B","Defend_B","Defend_B","Zap","Dualcast","Conserve Battery","Cold Snap","Cold Snap","Consume","Glacier"],"relics":["Cracked Core","Potion Belt","Mummified Hand"],"acts_visited":["Exordium"],"potions_floor_usage":[16,16,16],"damage_taken":[{"damage":2,"enemies":"Jaw Worm","floor":1,"turns":3},{"damage":0,"enemies":"Cultist","floor":3,"turns":5},{"damage":27,"enemies":"3 Sentries","floor":6,"turns":10},{"damage":0,"enemies":"2 Louse","floor":8,"turns":4},{"damage":24,"enemies":"Gremlin Nob","floor":10,"turns":7},{"damage":0,"enemies":"Blue Slaver","floor":14,"turns":5},{"damage":66,"enemies":"Slime Boss","floor":16,"turns":23}],"seed_played":"2519173234105367560","potions_obtained":[{"floor":8,"key":"champ:CounterPotion"},{"floor":10,"key":"hexamod:EctoCoolerPotion"},{"floor":14,"key":"SkillPotion"}],"is_trial":false,"path_per_floor":["M","$","M","$","?","E","$","M","T","E","R","$","R","M","R","B"],"character_chosen":"DEFECT","items_purchased":["Conserve Battery","Cold Snap","Cold Snap","Glacier"],"campfire_rested":2,"item_purchase_floors":[0,0,0,2],"current_hp_per_floor":[73,73,73,73,73,46,46,46,46,22,44,44,44,44,66,0,0],"gold":77,"neow_bonus":"","is_daily":false,"chose_seed":false,"campfire_upgraded":0,"win_rate":0.0,"timestamp":1609439567,"path_taken":["M","$","M","$","?","E","$","M","T","E","R","?","R","M","R","BOSS"],"items_purchased_type":["Card","Card","Card","Card"],"build_version":"2020-12-22","purchased_purges":2,"victory":false,"max_hp_per_floor":[75,75,75,75,75,75,75,75,75,75,75,75,75,75,75,75,75],"card_choices":[{"not_picked":["Gash","Redo"],"picked":"Consume","floor":1},{"not_picked":["Leap","Melter","Ball Lightning"],"picked":"SKIP","floor":3},{"not_picked":["Consume","BootSequence","Rebound"],"picked":"SKIP","floor":6},{"not_picked":["Rebound","Melter","Lockon"],"picked":"SKIP","floor":8},{"not_picked":["Streamline","Fusion","Hyperbeam"],"picked":"SKIP","floor":10},{"not_picked":["Reprogram","Beam Cell","Ball Lightning"],"picked":"SKIP","floor":14}],"player_experience":144498,"relics_obtained":[{"floor":6,"key":"Potion Belt"},{"floor":10,"key":"Mummified Hand"}],"event_choices":[{"cards_removed":["Defend_B"],"damage_healed":0,"gold_gain":0,"player_choice":"Purged","damage_taken":0,"max_hp_gain":0,"max_hp_loss":0,"event_name":"Purifier","floor":5,"gold_loss":0}],"is_beta":false,"boss_relics":[],"items_purged_floors":[0,7],"is_endless":false,"potions_floor_spawned":[8,10,14],"killed_by":"Slime Boss","ascension_level":0}}