{"host":"u7lm8z2rvb4dg2oo","time":1609401115,"event":{"mods":["AchievementEnabler","BaseMod","Colored Map","Colored Powertips","Curses Come First","Googly Eyes","Highlight Path","Minty Spire (QoL Compilation)","Quick Restart","StSLib"],"gold_per_floor":[116,134,134,309,309,309,329,329,353,31,65,65,65,79,79,209,209,229,229,250,250,264,299,299,332,355,376,376,376],"floor_reached":28,"playtime":937,"items_purged":["Doubt"],"score":351,"play_id":"21b7eea8-8877-402e-afde-baadcfbaad33","local_time":"20201231025155","is_ascension_mode":true,"campfire_choices":[{"data":"Eruption","floor":6,"key":"SMITH"},{"data":"Tantrum","floor":8,"key":"SMITH"},{"floor":13,"key":"REST"},{"data":"InnerPeace","floor":15,"key":"SMITH"},{"floor":24,"key":"REST"}],"circlet_count":0,"master_deck":["Strike_P","Strike_P","Strike_P","Strike_P","Defend_P+1","Defend_P","Defend_P+1","Defend_P","Eruption+1","Vigilance","SandsOfTime","Tantrum+1","InnerPeace+1","Ragnarok+1","CurseOfTheBell","ReachHeaven+1","Protect","FlurryOfBlows","Wallop","CutThroughFate"],"relics":["PureWater","NeowsBlessing","Golden Idol","Nunchaku","Membership Card","Akabeko","Juzu Bracelet","Calling Bell","Art of War","InkBottle","Gambling Chip","Shuriken","Yang","War Paint"],"acts_visited":["Exordium","TheCity"],"potions_floor_usage":[11,18,18,25,27,28],"damage_taken":[{"damage":0,"enemies":"2 Louse","floor":1,"turns":1},{"damage":0,"enemies":"Small Slimes","floor":2,"turns":1},{"damage":0,"enemies":"Jaw Worm","floor":7,"turns":1},{"damage":22,"enemies":"3 Sentries","floor":11,"turns":5},{"damage":3,"enemies":"Lots of Slimes","floor":14,"turns":2},{"damage":30,"enemies":"The Guardian","floor":16,"turns":12},{"damage":21,"enemies":"Shell Parasite","floor":18,"turns":3},{"damage":0,"enemies":"Spheric Guardian","floor":20,"turns":1},{"damage":4,"enemies":"Cultist and Chosen","floor":22,"turns":3},{"damage":0,"enemies":"Gremlin Leader","floor":23,"turns":3},{"damage":53,"enemies":"Slavers","floor":25,"turns":4},{"damage":0,"enemies":"Snecko","floor":27,"turns":3},{"damage":14,"enemies":"Book of Stabbing","floor":28,"turns":1}],"seed_played":"2822289737735692278","potions_obtained":[{"floor":11,"key":"PowerPotion"},{"floor":23,"key":"Energy Potion"},{"floor":25,"key":"PowerPotion"},{"floor":27,"key":"Fruit Juice"}],"is_trial":false,"path_per_floor":["M","M","?","?","?","R","M","R","T","$","E","$","R","M","R","B",null,"M","?","M","?","M","E","R","E","T","M","E"],"character_chosen":"WATCHER","items_purchased":["Membership Card","Akabeko","StancePotion","AttackPotion"],"campfire_rested":2,"item_purchase_floors":[10,10,10,10],"current_hp_per_floor":[72,72,54,54,59,59,59,59,59,59,37,37,60,57,57,27,65,44,38,38,38,34,34,57,4,4,9,0,0],"gold":376,"neow_bonus":"THREE_ENEMY_KILL","is_daily":false,"chose_seed":false,"campfire_upgraded":3,"win_rate":0.0,"timestamp":1609401115,"path_taken":["M","M","?","?","?","R","M","R","T","$","E","$","R","M","R","BOSS","M","?","M","?","M","E","R","E","T","M","E"],"items_purchased_type":["Relic","Relic","Potion","Potion"],"build_version":"2020-12-22","purchased_purges":1,"victory":false,"max_hp_per_floor":[72,72,72,72,77,77,77,77,77,77,77,77,77,77,77,77,77,77,77,77,77,77,77,77,77,77,82,82,82],"card_choices":[{"not_picked":["SashWhip","CrushJoints","EmptyMind"],"picked":"SKIP","floor":1},{"not_picked":["FlurryOfBlows","BowlingBash"],"picked":"SandsOfTime","floor":2},{"not_picked":["CutThroughFate","LikeWater"],"picked":"Tantrum","floor":7},{"not_picked":["DeceiveReality","BowlingBash"],"picked":"InnerPeace","floor":11},{"not_picked":["Evaluate","SashWhip","EmptyBody"],"picked":"SKIP","floor":14},{"not_picked":["ConjureBlade","Wish"],"picked":"Ragnarok","floor":16},{"not_picked":["Adaptation+1","CrushJoints+1"],"picked":"ReachHeaven+1","floor":18},{"not_picked":["PathToVictory","FollowUp"],"picked":"Protect","floor":20},{"not_picked":["Crescendo","FlyingSleeves","Indignation"],"picked":"SKIP","floor":22},{"not_picked":["Crescendo","Evaluate"],"picked":"FlurryOfBlows","floor":23},{"not_picked":["EmptyFist","ConjureBlade"],"picked":"Wallop","floor":25},{"not_picked":["InnerPeace+1","JustLucky+1"],"picked":"CutThroughFate","floor":27}],"player_experience":1016085,"relics_obtained":[{"floor":9,"key":"Nunchaku"},{"floor":11,"key":"Juzu Bracelet"},{"floor":17,"key":"Art of War"},{"floor":17,"key":"InkBottle"},{"floor":17,"key":"Gambling Chip"},{"floor":23,"key":"Shuriken"},{"floor":25,"key":"Yang"},{"floor":26,"key":"War Paint"}],"event_choices":[{"damage_healed":0,"gold_gain":0,"player_choice":"Take Damage","damage_taken":18,"relics_obtained":["Golden Idol"],"max_hp_gain":0,"max_hp_loss":0,"event_name":"Golden Idol","floor":3,"gold_loss":0},{"damage_healed":0,"gold_gain":175,"player_choice":"AGREE","damage_taken":0,"max_hp_gain":0,"max_hp_loss":0,"event_name":"Liars Game","floor":4,"gold_loss":0,"cards_obtained":["Doubt"]},{"damage_healed":0,"gold_gain":0,"player_choice":"Donut","damage_taken":0,"max_hp_gain":5,"max_hp_loss":0,"event_name":"Big Fish","floor":5,"gold_loss":0},{"damage_healed":0,"gold_gain":0,"player_choice":"","damage_taken":6,"max_hp_gain":0,"max_hp_loss":0,"event_name":"Knowing Skull","floor":19,"potions_obtained":[],"gold_loss":0,"cards_obtained":[]},{"damage_healed":0,"gold_gain":0,"player_choice":"Forge","damage_taken":0,"max_hp_gain":0,"max_hp_loss":0,"event_name":"Accursed Blacksmith","floor":21,"gold_loss":0,"cards_upgraded":["Ragnarok"]}],"is_beta":false,"boss_relics":[{"not_picked":["Ectoplasm","Empty Cage"],"picked":"Calling Bell"}],"items_purged_floors":[10],"is_endless":false,"potions_floor_spawned":[11,23,25,27],"killed_by":"Book of Stabbing","ascension_level":5}}