{"host":"1rf9pknejqhzkc4o","time":1609373491,"event":{"mods":["Aspiration","BaseMod","Better Altar","Better Match","Better Note","Better Sensory Stone","Better Skull","Better Third Choice","Colored Map","Colored Powertips","Communication Mod","Conspire","Energized Spire","Hubris","Infinite Spire","Ironclad Rager","Minty Spire (QoL Compilation)","Quick Restart","RNG Fix","Rare Cards Sparkle","Relic Stats","Replay The Spire","Retaliation","Spicy Shops","StSLib","The Blue Laboratory","Trackpad"],"gold_per_floor":[20,20,45,63,15,54,54,75,75,100,124,23,56,56,56,56,56],"floor_reached":16,"playtime":633,"items_purged":["ReplayTheSpireMod:Restless Dread"],"score":137,"play_id":"1f2bec56-7c5c-4c7f-9825-d8b7fae5883b","local_time":"20201231031131","is_ascension_mode":false,"campfire_choices":[{"floor":7,"key":"REST"},{"floor":15,"key":"RECALL"}],"circlet_count":0,"master_deck":["Zap","Dualcast","Ball Lightning","Cold Snap","Ball Lightning","Cold Snap","Leap","Leap","Leap","Leap","ReplayTheSpireMod:Dual Polarity","Cold Snap","Conserve Battery","Coolheaded+1","Redo","Double Energy","Barrage","Conserve Battery","Sweeping Beam","Double Energy"],"relics":["Cracked Core","Golden Idol","infinitespire:Lychee Nut","aspiration:TomeofQuesting"],"acts_visited":["Exordium"],"potions_floor_usage":[6,16,16],"damage_taken":[{"damage":0,"enemies":"2 Louse","floor":1,"turns":2},{"damage":0,"enemies":"Small Slimes","floor":3,"turns":2},{"damage":0,"enemies":"Jaw Worm","floor":4,"turns":2},{"damage":8,"enemies":"Lagavulin","floor":6,"turns":5},{"damage":4,"enemies":"Lots of Slimes","floor":8,"turns":3},{"damage":0,"enemies":"3 Louse","floor":10,"turns":2},{"damage":10,"enemies":"Looter","floor":11,"turns":2},{"damage":0,"enemies":"Replay:BlueRogue","floor":13,"turns":5},{"damage":61,"enemies":"Fading Forest","floor":16,"turns":11}],"seed_played":"4472382004728253437","potions_obtained":[{"floor":3,"key":"SkillPotion"},{"floor":6,"key":"DDmod:CleansePotion"},{"floor":10,"key":"FocusPotion"}],"is_trial":false,"path_per_floor":["M","?","M","M","$","E","R","M","T","M","M","$","E","?","R_BF","B"],"character_chosen":"DEFECT","items_purchased":["Coolheaded+1","Sweeping Beam"],"campfire_rested":1,"item_purchase_floors":[5,12],"current_hp_per_floor":[50,50,50,50,50,42,51,49,49,51,41,41,47,47,47,0,0],"gold":56,"neow_bonus":"DEFECT_STORMLORD","is_daily":false,"chose_seed":false,"campfire_upgraded":0,"win_rate":0.0,"timestamp":1609373491,"path_taken":["M","?","?","?","$","E","R","M","T","M","M","$","E","?","R_BF","BOSS"],"items_purchased_type":["Card","Card"],"build_version":"2020-12-22","purchased_purges":1,"victory":false,"max_hp_per_floor":[68,68,68,68,68,51,51,51,51,51,51,51,51,51,51,51,51],"relic_stats":{"counters":[9,34],"Golden Idol":38,"obtain_stats":[{"Golden Idol":2,"infinitespire:Lychee Nut":6,"aspiration:TomeofQuesting":13,"Cracked Core":0},{"Golden Idol":1,"infinitespire:Lychee Nut":4,"aspiration:TomeofQuesting":8,"Cracked Core":0},{"Golden Idol":2,"infinitespire:Lychee Nut":11,"aspiration:TomeofQuesting":23,"Cracked Core":0}]},"card_choices":[{"not_picked":["White Noise","Skim"],"picked":"ReplayTheSpireMod:Dual Polarity","floor":1},{"not_picked":["Panic Button","Compile Driver"],"picked":"Cold Snap","floor":3},{"not_picked":["Leap","Panic Button"],"picked":"Conserve Battery","floor":4},{"not_picked":["Compile Driver","Barrage"],"picked":"Redo","floor":6},{"not_picked":["Defragment","Beam Cell"],"picked":"Double Energy","floor":8},{"not_picked":["FTL","hubris:DoWhile"],"picked":"Barrage","floor":10},{"not_picked":["Go for the Eyes","Panic Button"],"picked":"Conserve Battery","floor":11},{"not_picked":["Force Field","Panic Button"],"picked":"Double Energy","floor":13}],"player_experience":151767,"relics_obtained":[{"floor":6,"key":"infinitespire:Lychee Nut"},{"floor":13,"key":"aspiration:TomeofQuesting"}],"event_choices":[{"damage_healed":0,"gold_gain":0,"player_choice":"Take Wound","damage_taken":0,"relics_obtained":["Golden Idol"],"max_hp_gain":0,"max_hp_loss":0,"event_name":"Golden Idol","floor":2,"gold_loss":0,"cards_obtained":["Injury"]},{"cards_removed":["Injury"],"damage_healed":0,"gold_gain":0,"player_choice":"Forget","damage_taken":0,"max_hp_gain":0,"max_hp_loss":0,"event_name":"Living Wall","floor":14,"gold_loss":0}],"is_beta":false,"boss_relics":[],"items_purged_floors":[12],"is_endless":false,"potions_floor_spawned":[3,6,10],"killed_by":"Fading Forest","ascension_level":0}}