{"host":"m77rrhbqzv44va4v","time":1609400445,"event":{"mods":["AchievementEnabler","BaseMod","Colored Map","DeckTracker","Keyboard Shortcuts","Minty Spire (QoL Compilation)","StSLib","SuperFastMode","everything is the same but u backflip on backflip"],"gold_per_floor":[109,109,34,34,34,34,44,74,74,224,252,252,28,38,38,114,114,126,102,117,133,7,7,7],"floor_reached":23,"playtime":574,"items_purged":["Doubt","Defend_R"],"score":414,"play_id":"716af756-b16d-480e-82f8-46137ed9e21e","local_time":"20201231164045","is_ascension_mode":true,"campfire_choices":[{"data":"Heavy Blade","floor":6.0,"key":"SMITH"},{"data":"Flex","floor":12,"key":"SMITH"},{"data":"Pommel Strike","floor":15,"key":"SMITH"}],"circlet_count":0,"master_deck":["AscendersBane","Strike_R","Strike_R","Strike_R","Defend_R","Defend_R","Defend_R","Bash","Heavy Blade+1","Flex+1","Power Through","Disarm","Seeing Red","Pommel Strike+1","Immolate","Perfected Strike","Shrug It Off"],"relics":["Burning Blood","NeowsBlessing","Mango","The Courier","Bottled Lightning","Boot","PreservedInsect","Philosopher\u0027s Stone"],"acts_visited":["Exordium","TheCity"],"potions_floor_usage":[11,11,16,21,23],"damage_taken":[{"damage":0.0,"enemies":"Cultist","floor":1.0,"turns":1.0},{"damage":0.0,"enemies":"Small Slimes","floor":7.0,"turns":1.0},{"damage":0.0,"enemies":"Gremlin Nob","floor":8.0,"turns":1.0},{"damage":20,"enemies":"3 Sentries","floor":11,"turns":8},{"damage":0,"enemies":"Jaw Worm","floor":14,"turns":5},{"damage":45,"enemies":"Slime Boss","floor":16,"turns":8},{"damage":21,"enemies":"Spheric Guardian","floor":18,"turns":5},{"damage":14,"enemies":"2 Thieves","floor":19,"turns":4},{"damage":4,"enemies":"Centurion and Healer","floor":20,"turns":6},{"damage":13,"enemies":"Snecko","floor":21,"turns":4},{"damage":51,"enemies":"Slavers","floor":23,"turns":4}],"seed_played":"4713956070760513708","potions_obtained":[{"floor":1.0,"key":"SteroidPotion"},{"floor":8.0,"key":"AttackPotion"},{"floor":14,"key":"CultistPotion"},{"floor":18,"key":"CultistPotion"},{"floor":20,"key":"GamblersBrew"}],"is_trial":false,"path_per_floor":["M","?","?","$","?","R","M","E","T","?","E","R","$","M","R","B",null,"M","M","M","M","$","E"],"character_chosen":"IRONCLAD","items_purchased":["PreservedInsect","Seeing Red","Shrug It Off"],"campfire_rested":0,"item_purchase_floors":[13,13,22],"current_hp_per_floor":[74,62,62,62,62,62,68,74,74,74,60,60,60,66,66,27,74,59,51,53,46,46,0,0],"gold":7,"neow_bonus":"THREE_ENEMY_KILL","is_daily":false,"chose_seed":false,"campfire_upgraded":3,"win_rate":0.0,"timestamp":1609400445,"path_taken":["M","?","?","?","?","R","M","E","T","?","E","R","$","M","R","BOSS","M","M","M","M","$","E"],"items_purchased_type":["Relic","Card","Card"],"build_version":"2020-12-22","purchased_purges":2,"victory":false,"max_hp_per_floor":[75,89,89,89,89,89,89,89,89,89,89,89,89,89,89,89,89,89,89,89,89,89,89,89],"card_choices":[{"not_picked":["True Grit","Body Slam"],"picked":"Heavy Blade","floor":1.0},{"not_picked":["Wild Strike","Spot Weakness"],"picked":"Flex","floor":7.0},{"not_picked":["Whirlwind","Sentinel"],"picked":"Power Through","floor":8.0},{"not_picked":["Sword Boomerang","Spot Weakness"],"picked":"Disarm","floor":11},{"not_picked":["Combust","Iron Wave"],"picked":"Pommel Strike","floor":14},{"not_picked":["Corruption","Limit Break"],"picked":"Immolate","floor":16},{"not_picked":["Carnage","Armaments","Flex"],"picked":"SKIP","floor":18},{"not_picked":["Anger","Sword Boomerang","Iron Wave"],"picked":"SKIP","floor":19},{"not_picked":["Power Through+1","Pummel","Ghostly Armor"],"picked":"SKIP","floor":20},{"not_picked":["Wild Strike","Havoc"],"picked":"Perfected Strike","floor":21}],"player_experience":850784,"relics_obtained":[{"floor":8.0,"key":"The Courier"},{"floor":9.0,"key":"Bottled Lightning"},{"floor":11,"key":"Boot"}],"event_choices":[{"damage_healed":0.0,"max_hp_gain":0.0,"max_hp_loss":0.0,"gold_gain":0.0,"event_name":"Scrap Ooze","player_choice":"Success","floor":2.0,"gold_loss":0.0,"damage_taken":26.0,"relics_obtained":["Mango"]},{"cards_removed":["Strike_R"],"damage_healed":0.0,"max_hp_gain":0.0,"max_hp_loss":0.0,"gold_gain":0.0,"event_name":"The Cleric","player_choice":"Card Removal","floor":3.0,"gold_loss":75.0,"damage_taken":0.0},{"cards_removed":["Strike_R"],"damage_healed":0.0,"max_hp_gain":0.0,"max_hp_loss":0.0,"gold_gain":0.0,"event_name":"Living Wall","player_choice":"Forget","floor":5.0,"gold_loss":0.0,"damage_taken":0.0},{"damage_healed":0.0,"max_hp_gain":0.0,"max_hp_loss":0.0,"gold_gain":150.0,"event_name":"Liars Game","player_choice":"AGREE","floor":10.0,"gold_loss":0.0,"damage_taken":0.0,"cards_obtained":["Doubt"]}],"is_beta":false,"boss_relics":[{"not_picked":["Runic Dome","SlaversCollar"],"picked":"Philosopher\u0027s Stone"}],"items_purged_floors":[13,22],"is_endless":false,"potions_floor_spawned":[1,8,14,18,20],"killed_by":"Slavers","ascension_level":17}}