{"host":"i09pxcjttd31eh4q","time":1609380760,"event":{"mods":["AchievementEnabler","BaseMod","Colored Map","Keyboard Shortcuts","Minty Spire (QoL Compilation)","StSLib","SuperFastMode"],"gold_per_floor":[114,114,39,89,104,134,34,34,57,75,101,133,146,159,159,231,231,246,257,257,84,103,130,130,140,140,140,158,158,158],"floor_reached":29,"playtime":852,"items_purged":["Strike_G","Strike_G"],"score":560,"play_id":"59858ccf-2b47-4f5e-a551-d85e8020b673","local_time":"20201231111240","is_ascension_mode":true,"campfire_choices":[{"data":"Noxious Fumes","floor":8.0,"key":"SMITH"},{"floor":15.0,"key":"REST"},{"floor":24.0,"key":"REST"},{"data":"Acrobatics","floor":27.0,"key":"SMITH"}],"circlet_count":0,"master_deck":["AscendersBane","Strike_G","Strike_G","Strike_G","Defend_G+1","Defend_G+1","Defend_G","Defend_G","Defend_G","Survivor","Neutralize","Dagger Throw","Backflip","Noxious Fumes+1","Crippling Poison","Deadly Poison","Grand Finale","Backflip","Acrobatics+1","Die Die Die","Calculated Gamble+1","Prepared","Well Laid Plans+1","Backstab"],"relics":["Ring of the Snake","NeowsBlessing","Ornamental Fan","Vajra","Odd Mushroom","Potion Belt","SacredBark","TwistedFunnel","Bag of Marbles"],"acts_visited":["Exordium","TheCity"],"potions_floor_usage":[29],"damage_taken":[{"damage":0.0,"enemies":"Jaw Worm","floor":1.0,"turns":1.0},{"damage":0.0,"enemies":"Cultist","floor":5.0,"turns":1.0},{"damage":0.0,"enemies":"3 Sentries","floor":6.0,"turns":1.0},{"damage":0.0,"enemies":"2 Louse","floor":10.0,"turns":2.0},{"damage":2.0,"enemies":"The Mushroom Lair","floor":11.0,"turns":3.0},{"damage":8.0,"enemies":"Gremlin Nob","floor":12.0,"turns":3.0},{"damage":0.0,"enemies":"Looter","floor":13.0,"turns":5.0},{"damage":11.0,"enemies":"Gremlin Gang","floor":14.0,"turns":4.0},{"damage":27.0,"enemies":"The Guardian","floor":16.0,"turns":12.0},{"damage":7.0,"enemies":"Spheric Guardian","floor":18.0,"turns":5.0},{"damage":7.0,"enemies":"3 Byrds","floor":19.0,"turns":5.0},{"damage":16.0,"enemies":"Snecko","floor":22.0,"turns":5.0},{"damage":18.0,"enemies":"Book of Stabbing","floor":23.0,"turns":5.0},{"damage":42.0,"enemies":"Snake Plant","floor":25.0,"turns":6.0},{"damage":18.0,"enemies":"Centurion and Healer","floor":28.0,"turns":5.0},{"damage":7,"enemies":"Gremlin Leader","floor":29,"turns":3}],"seed_played":"-6014926512758386076","potions_obtained":[{"floor":5.0,"key":"Energy Potion"},{"floor":6.0,"key":"Energy Potion"},{"floor":11.0,"key":"ColorlessPotion"},{"floor":13.0,"key":"BlessingOfTheForge"},{"floor":14.0,"key":"LiquidMemories"},{"floor":16.0,"key":"ColorlessPotion"},{"floor":18.0,"key":"Poison Potion"},{"floor":19.0,"key":"FairyPotion"},{"floor":23.0,"key":"AttackPotion"}],"is_trial":false,"path_per_floor":["M","?","$","?","M","E","$","R","T","M","?","E","M","M","R","B",null,"M","M","?","$","M","E","R","M","T","R","M","E"],"character_chosen":"THE_SILENT","items_purchased":["TwistedFunnel"],"campfire_rested":2,"item_purchase_floors":[21],"current_hp_per_floor":[59,39,39,33,33,33,33,33,33,33,31,23,23,12,31,4,51,44,37,37,37,21,3,22,25,25,25,7,0,0],"gold":158,"neow_bonus":"THREE_ENEMY_KILL","is_daily":false,"chose_seed":false,"campfire_upgraded":2,"win_rate":0.0,"timestamp":1609380760,"path_taken":["M","?","$","?","?","E","$","R","T","M","?","E","M","M","R","BOSS","M","M","?","$","M","E","R","M","T","R","?","E"],"items_purchased_type":["Relic"],"build_version":"2020-12-22","purchased_purges":2,"victory":false,"max_hp_per_floor":[66,66,66,66,66,66,66,66,66,66,66,66,66,66,66,66,66,66,66,66,66,66,66,66,66,66,66,66,66,66],"card_choices":[{"not_picked":["Cloak And Dagger","Predator"],"picked":"Dagger Throw","floor":1.0},{"not_picked":["Sucker Punch","Riddle With Holes"],"picked":"Backflip","floor":5.0},{"not_picked":["Night Terror","Unload"],"picked":"Noxious Fumes","floor":6.0},{"not_picked":["Poisoned Stab","Dagger Throw"],"picked":"Crippling Poison","floor":10.0},{"not_picked":["Setup","PiercingWail"],"picked":"Deadly Poison","floor":11.0},{"not_picked":["Terror","Deadly Poison"],"picked":"Grand Finale","floor":12.0},{"not_picked":["Poisoned Stab","Blade Dance"],"picked":"Backflip","floor":13.0},{"not_picked":["Blade Dance","Heel Hook"],"picked":"Acrobatics","floor":14.0},{"not_picked":["Storm of Steel","Doppelganger"],"picked":"Die Die Die","floor":16.0},{"not_picked":["Heel Hook","Expertise"],"picked":"Calculated Gamble","floor":18.0},{"not_picked":["Underhanded Strike","Dagger Spray","Distraction"],"picked":"SKIP","floor":19.0},{"not_picked":["Quick Slash","Underhanded Strike"],"picked":"Prepared","floor":22.0},{"not_picked":["Flying Knee","Underhanded Strike","Phantasmal Killer"],"picked":"SKIP","floor":23.0},{"not_picked":["Blade Dance","Calculated Gamble"],"picked":"Well Laid Plans+1","floor":25.0},{"not_picked":["Dagger Spray","Bane"],"picked":"Backstab","floor":28.0}],"player_experience":799268,"relics_obtained":[{"floor":6.0,"key":"Ornamental Fan"},{"floor":9.0,"key":"Vajra"},{"floor":11.0,"key":"Odd Mushroom"},{"floor":12.0,"key":"Potion Belt"},{"floor":23.0,"key":"Bag of Marbles"}],"event_choices":[{"damage_healed":0.0,"max_hp_gain":0.0,"max_hp_loss":0.0,"gold_gain":0.0,"event_name":"Shining Light","player_choice":"Entered Light","floor":2.0,"gold_loss":0.0,"damage_taken":20.0,"cards_upgraded":["Defend_G","Defend_G"]},{"damage_healed":0.0,"max_hp_gain":0.0,"max_hp_loss":0.0,"gold_gain":50.0,"event_name":"FaceTrader","player_choice":"Touch","floor":4.0,"gold_loss":0.0,"damage_taken":6.0},{"damage_healed":0.0,"max_hp_gain":0.0,"max_hp_loss":0.0,"gold_gain":0.0,"event_name":"Mushrooms","player_choice":"Fought Mushrooms","floor":11.0,"gold_loss":0.0,"damage_taken":0.0},{"damage_healed":0.0,"max_hp_gain":0.0,"max_hp_loss":0.0,"gold_gain":0.0,"event_name":"Upgrade Shrine","player_choice":"Upgraded","floor":20.0,"gold_loss":0.0,"damage_taken":0.0,"cards_upgraded":["Calculated Gamble"]}],"is_beta":false,"boss_relics":[{"not_picked":["Ring of the Serpent","Calling Bell"],"picked":"SacredBark"}],"items_purged_floors":[3,7],"is_endless":false,"potions_floor_spawned":[5,6,11,13,14,16,18,19,23],"killed_by":"Gremlin Leader","ascension_level":20}}