{"host":"963ykkbusvcbqwtq","time":1609413348,"event":{"mods":["2.2 Compatiblity","AchievementEnabler","Arknights The Spire","BaseMod","Colored Map","GifTheSpireLib","GungeonMod","Lobotomy","Luminous","Minty Spire (QoL Compilation)","StSLib","SuperFastMode","The Bug Knight"],"gold_per_floor":[119,69,69,268,286,286,322,322,322,560,560,560],"floor_reached":11,"playtime":278,"items_purged":["DemoMod:Strike_Huntress","DemoMod:RustySidearm"],"score":115,"play_id":"53f928f6-f8cd-4035-a410-435ce3a54f45","local_time":"20201231201548","is_ascension_mode":true,"campfire_choices":[{"data":"DemoMod:Desperate","floor":8,"key":"SMITH"}],"circlet_count":0,"master_deck":["DemoMod:Defend_Huntress","DemoMod:Defend_Huntress","DemoMod:Defend_Huntress","DemoMod:Defend_Huntress","DemoMod:Roll","DemoMod:ManualReload","DemoMod:CrossBow","DemoMod:GunShield","DemoMod:Desperate+1","DemoMod:PotionOfGunFriendShip","DemoMod:Unity"],"relics":["DemoMod:Dog","CogitoBucket","RabbitCall","OrangePellets","Omamori","Tiny Chest","DemoMod:GnawedKey","Golden Idol","Odd Mushroom","DemoMod:MeltedRock","DemoMod:PoisonVial","DemoMod:RedGuonStone","HandDrill"],"acts_visited":["Exordium"],"potions_floor_usage":[11,11,11],"damage_taken":[{"damage":2,"enemies":"Jaw Worm","floor":1,"turns":7},{"damage":8,"enemies":"Small Slimes","floor":5,"turns":5},{"damage":45,"enemies":"The Mushroom Lair","floor":7,"turns":8},{"damage":43,"enemies":"Lagavulin","floor":11,"turns":6}],"seed_played":"1688868650482392008","potions_obtained":[{"floor":7,"key":"LiquidMemories"}],"is_trial":false,"path_per_floor":["M","?","?","$","M","?","?","R","T","$","E"],"character_chosen":"HUNTRESS","items_purchased":["DemoMod:GunShield","OrangePellets","Omamori","Tiny Chest","DemoMod:GnawedKey","DemoMod:Desperate","DemoMod:PoisonVial","DemoMod:RedGuonStone","HandDrill","DemoMod:DirectionalPad","DemoMod:Unity","Regen Potion","Explosive Potion"],"campfire_rested":0,"item_purchase_floors":[4,4,4,4,4,4,10,10,10,10,10,10,10],"current_hp_per_floor":[68,68,68,68,60,60,15,15,15,15,0,0],"gold":560,"neow_bonus":"","is_daily":false,"chose_seed":false,"campfire_upgraded":1,"win_rate":0.0,"timestamp":1609413348,"path_taken":["M","?","?","$","M","?","?","R","T","?","E"],"items_purchased_type":["Card","Relic","Relic","Relic","Relic","Card","Relic","Relic","Relic","Card","Card","Potion","Potion"],"build_version":"2020-12-22","purchased_purges":2,"victory":false,"max_hp_per_floor":[70,70,70,70,70,65,65,65,65,65,65,65],"card_choices":[{"not_picked":["DemoMod:DirectionalPad","DemoMod:MachoBrace","DemoMod:Unmoved"],"picked":"SKIP","floor":1},{"not_picked":["DemoMod:StickyCrossBow","DemoMod:Purify","DemoMod:HuntsMan"],"picked":"SKIP","floor":5},{"not_picked":["DemoMod:SpreadAmmo","DemoMod:SAA"],"picked":"DemoMod:PotionOfGunFriendShip","floor":7}],"player_experience":223878,"relics_obtained":[{"floor":7,"key":"Odd Mushroom"},{"floor":9,"key":"DemoMod:MeltedRock"}],"event_choices":[{"cards_removed":["DemoMod:Strike_Huntress"],"damage_healed":0,"gold_gain":0,"player_choice":"Card Removal","damage_taken":0,"max_hp_gain":0,"max_hp_loss":0,"event_name":"The Cleric","floor":2,"gold_loss":50},{"cards_removed":["DemoMod:Strike_Huntress"],"damage_healed":0,"gold_gain":0,"player_choice":"Forget","damage_taken":0,"max_hp_gain":0,"max_hp_loss":0,"event_name":"Living Wall","floor":3,"gold_loss":0},{"damage_healed":0,"gold_gain":0,"player_choice":"Lose Max HP","damage_taken":0,"relics_obtained":["Golden Idol"],"max_hp_gain":0,"max_hp_loss":5,"event_name":"Golden Idol","floor":6,"gold_loss":0},{"damage_healed":0,"gold_gain":0,"player_choice":"Fought Mushrooms","damage_taken":0,"max_hp_gain":0,"max_hp_loss":0,"event_name":"Mushrooms","floor":7,"gold_loss":0}],"is_beta":false,"boss_relics":[],"items_purged_floors":[4,10],"is_endless":false,"potions_floor_spawned":[1,7],"killed_by":"Lagavulin","ascension_level":2}}