{"host":"yer03dsd277nstsn","time":1609399444,"event":{"mods":["BaseMod","Colored Powertips","Minty Spire (QoL Compilation)"],"gold_per_floor":[111,64,29,45,62,97,17,42,96,127,127,175,52,62,62,162,162,173,16,16,33,33,33,44,44,44,44,44],"floor_reached":27,"playtime":1539,"items_purged":["Strike_P"],"score":267,"play_id":"cb0bae56-44a3-42a1-9921-a60c3c021f46","local_time":"20201231012404","is_ascension_mode":true,"campfire_choices":[{"floor":15,"key":"REST"},{"floor":23,"key":"REST"}],"circlet_count":0,"master_deck":["Defend_P","Defend_P","Defend_P","Defend_P","Eruption+1","Vigilance","BowlingBash","FlyingSleeves","Conclude","Perseverance","SandsOfTime","Crescendo","Halt","ClearTheMind","WindmillStrike","Study","DevaForm","WindmillStrike","Establishment","EmptyMind","Perseverance+1"],"relics":["PureWater","Bottled Flame","Art of War","Centennial Puzzle","FossilizedHelix","Dream Catcher","Snecko Eye","Membership Card","HornCleat"],"acts_visited":["Exordium","TheCity"],"potions_floor_usage":[16,27,27,27],"damage_taken":[{"damage":0,"enemies":"Cultist","floor":1,"turns":3},{"damage":0,"enemies":"Small Slimes","floor":4,"turns":2},{"damage":0,"enemies":"2 Louse","floor":5,"turns":1},{"damage":19,"enemies":"3 Sentries","floor":6,"turns":4},{"damage":0,"enemies":"Gremlin Nob","floor":8,"turns":2},{"damage":36,"enemies":"Lagavulin","floor":10,"turns":3},{"damage":0,"enemies":"Blue Slaver","floor":14,"turns":1},{"damage":60,"enemies":"Hexaghost","floor":16,"turns":8},{"damage":0,"enemies":"Spheric Guardian","floor":18,"turns":2},{"damage":58,"enemies":"2 Thieves","floor":21,"turns":4},{"damage":20,"enemies":"Cultist and Chosen","floor":24,"turns":10},{"damage":48,"enemies":"Colosseum Slavers","floor":27,"turns":4}],"seed_played":"-7834925972703687980","potions_obtained":[{"floor":1,"key":"Weak Potion"},{"floor":14,"key":"SteroidPotion"},{"floor":16,"key":"LiquidMemories"},{"floor":18,"key":"BlessingOfTheForge"},{"floor":24,"key":"LiquidBronze"}],"is_trial":false,"path_per_floor":["M","$","$","M","M","E","$","E","T","E","?","T","$","M","R","B",null,"M","$","?","M","?","R","M","?","T","?"],"character_chosen":"WATCHER","items_purchased":["FlyingSleeves","Conclude","SandsOfTime","ClearTheMind","Membership Card"],"campfire_rested":2,"item_purchase_floors":[2,3,7,13,19],"current_hp_per_floor":[72,72,72,72,72,53,53,53,53,17,41,41,41,41,62,2,72,72,72,72,14,14,35,15,15,15,0,0],"gold":44,"neow_bonus":"UPGRADE_CARD","is_daily":false,"chose_seed":false,"campfire_upgraded":0,"win_rate":0.0,"timestamp":1609399444,"path_taken":["M","?","$","M","M","E","?","E","T","E","?","?","$","M","R","BOSS","M","$","?","M","?","R","M","?","T","?"],"items_purchased_type":["Card","Card","Card","Card","Relic"],"build_version":"2020-12-22","purchased_purges":1,"victory":false,"max_hp_per_floor":[72,72,72,72,72,72,72,72,72,72,72,72,72,72,72,72,72,72,72,72,72,72,72,72,72,72,72,72],"card_choices":[{"not_picked":["CarveReality","Prostrate"],"picked":"BowlingBash","floor":1},{"not_picked":["SashWhip","Wallop","Evaluate"],"picked":"SKIP","floor":4},{"not_picked":["Protect","EmptyBody"],"picked":"Perseverance","floor":5},{"not_picked":["ForeignInfluence","Protect","ThirdEye"],"picked":"SKIP","floor":6},{"not_picked":["PathToVictory","FlyingSleeves"],"picked":"Crescendo","floor":8},{"not_picked":["Blasphemy","BowlingBash"],"picked":"Halt","floor":10},{"not_picked":["SandsOfTime","Crescendo"],"picked":"WindmillStrike","floor":14},{"not_picked":["Prostrate","Halt"],"picked":"Study","floor":15},{"not_picked":["Blasphemy","ConjureBlade"],"picked":"DevaForm","floor":16},{"not_picked":["WheelKick","Halt"],"picked":"WindmillStrike","floor":18},{"not_picked":["Prostrate","Evaluate"],"picked":"Perseverance+1","floor":21},{"not_picked":["DeceiveReality","MentalFortress","CrushJoints"],"picked":"SKIP","floor":24}],"player_experience":406073,"relics_obtained":[{"floor":6,"key":"Bottled Flame"},{"floor":8,"key":"Art of War"},{"floor":9,"key":"Centennial Puzzle"},{"floor":10,"key":"FossilizedHelix"},{"floor":12,"key":"Dream Catcher"},{"floor":26,"key":"HornCleat"}],"event_choices":[{"damage_healed":24,"gold_gain":0,"player_choice":"Banana","damage_taken":0,"max_hp_gain":0,"max_hp_loss":0,"event_name":"Big Fish","floor":11,"gold_loss":0},{"damage_healed":0,"gold_gain":0,"cards_transformed":["Strike_P","Strike_P"],"player_choice":"Became Test Subject","damage_taken":0,"max_hp_gain":0,"max_hp_loss":0,"event_name":"Drug Dealer","floor":20,"gold_loss":0,"cards_obtained":["Establishment","EmptyMind"]},{"cards_removed":["Strike_P"],"damage_healed":0,"gold_gain":0,"player_choice":"Elegance","damage_taken":0,"max_hp_gain":0,"max_hp_loss":0,"event_name":"Back to Basics","floor":25,"gold_loss":0},{"damage_healed":0,"gold_gain":0,"player_choice":"Fight","damage_taken":0,"max_hp_gain":0,"max_hp_loss":0,"event_name":"Colosseum","floor":27,"gold_loss":0}],"is_beta":false,"boss_relics":[{"not_picked":["Astrolabe","SlaversCollar"],"picked":"Snecko Eye"}],"items_purged_floors":[13],"is_endless":false,"potions_floor_spawned":[1,14,16,18,24],"killed_by":"Colosseum Slavers","ascension_level":1}}