{"host":"w2hto19w79vb5o6z","time":1609387493,"event":{"mods":["BaseMod","Better Match","Better Vampires","ChefMod","GifTheSpireLib","Hermit","Highlight Path","JesterMod","Marisa????????","Minty Spire (QoL Compilation)","Railgun Mod","Relic Filter","Robot Space Explorer","StSLib","The Blackbeard","The Bladedancer","The Bug Knight","The Dragon Tamer","The Marked","The Poker Player","The Servant 0.9.4","The Wild Card","TheArtist"],"gold_per_floor":[109,122,132,132,132,132,165,175,175,175,195,211,222,235,235,333,333,353,211,211,230,243,268,285,384,384,399,411,427,457,357,357,357,357],"floor_reached":33,"playtime":2722,"items_purged":["RobotSpaceExplorer:Strike","RobotSpaceExplorer:Strike"],"score":295,"play_id":"45c6e8a8-7138-49d3-98f0-e83123bde756","local_time":"20201230230453","is_ascension_mode":false,"campfire_choices":[{"data":"RobotSpaceExplorer:MiniLasers","floor":6,"key":"SMITH"},{"data":"RobotSpaceExplorer:ImprovisedAttack","floor":15,"key":"SMITH"},{"floor":32,"key":"REST"}],"circlet_count":0,"master_deck":["RobotSpaceExplorer:Strike","RobotSpaceExplorer:Strike","RobotSpaceExplorer:Defend","RobotSpaceExplorer:Defend","RobotSpaceExplorer:Defend","RobotSpaceExplorer:Scan","RobotSpaceExplorer:MiniLasers+1","RobotSpaceExplorer:SurgingShield","RobotSpaceExplorer:Probe","RobotSpaceExplorer:SurgingStrike","RobotSpaceExplorer:Blaster+1","RobotSpaceExplorer:FranticSearch","RobotSpaceExplorer:ImprovisedAttack+1","RobotSpaceExplorer:ChargingLaser","RobotSpaceExplorer:Probe","RobotSpaceExplorer:MiniBoosters","RobotSpaceExplorer:ImprovisedAttack","RobotSpaceExplorer:ImprovisedAttack","RobotSpaceExplorer:MiniBoosters","RobotSpaceExplorer:ChargingLaser"],"relics":["RobotSpaceExplorer:RoboCore","Matryoshka","InkBottle","Omamori","Gambling Chip","Sozu","PreservedInsect","Pen Nib","Tiny Chest"],"acts_visited":["Exordium","TheCity"],"potions_floor_usage":[16,30,30,30],"damage_taken":[{"damage":0,"enemies":"Cultist","floor":1,"turns":3},{"damage":0,"enemies":"2 Louse","floor":2,"turns":2},{"damage":0,"enemies":"Jaw Worm","floor":3,"turns":3},{"damage":8,"enemies":"HollowMod:MossKnight","floor":7,"turns":7},{"damage":5,"enemies":"3 Louse","floor":8,"turns":3},{"damage":0,"enemies":"Large Slime","floor":11,"turns":3},{"damage":0,"enemies":"2 Fungi Beasts","floor":12,"turns":2},{"damage":0,"enemies":"Blue Slaver","floor":13,"turns":2},{"damage":0,"enemies":"Large Slime","floor":14,"turns":4},{"damage":11,"enemies":"Slime Boss","floor":16,"turns":10},{"damage":0,"enemies":"Spheric Guardian","floor":18,"turns":3},{"damage":1,"enemies":"Shell Parasite","floor":21,"turns":2},{"damage":0,"enemies":"3 Cultists","floor":22,"turns":5},{"damage":18,"enemies":"Gremlin Leader","floor":23,"turns":5},{"damage":6,"enemies":"Cultist and Chosen","floor":24,"turns":5},{"damage":21,"enemies":"Snecko","floor":27,"turns":6},{"damage":18,"enemies":"Shelled Parasite and Fungi","floor":28,"turns":5},{"damage":11,"enemies":"Centurion and Healer","floor":29,"turns":4},{"damage":2,"enemies":"Book of Stabbing","floor":30,"turns":2},{"damage":35,"enemies":"Collector","floor":33,"turns":5}],"seed_played":"5245497013484967196","potions_obtained":[{"floor":3,"key":"FearPotion"},{"floor":12,"key":"LiquidMemories"},{"floor":13,"key":"Block Potion"},{"floor":16,"key":"Swift Potion"}],"is_trial":false,"path_per_floor":["M","M","M","?","T","R","E","M","T","?","M","M","M","M","R","B",null,"M","$","?","M","M","E","M","?","T","M","M","M","E","$","R","B"],"character_chosen":"RobotSpaceExplorer","items_purchased":["RobotSpaceExplorer:MiniBoosters"],"campfire_rested":1,"item_purchase_floors":[19],"current_hp_per_floor":[82,82,82,82,82,82,74,69,69,69,69,69,69,69,69,58,82,82,82,82,81,81,63,57,57,57,36,18,7,5,5,29,0,0],"gold":357,"neow_bonus":"TEN_PERCENT_HP_BONUS","is_daily":false,"chose_seed":false,"campfire_upgraded":2,"win_rate":0.0,"timestamp":1609387493,"path_taken":["M","M","?","?","?","R","E","M","T","?","?","M","M","M","R","BOSS","M","$","?","M","M","E","M","?","T","M","M","M","E","$","R","BOSS"],"items_purchased_type":["Card"],"build_version":"2020-12-22","purchased_purges":2,"victory":false,"max_hp_per_floor":[82,82,82,82,82,82,82,82,82,82,82,82,82,82,82,82,82,82,82,82,82,82,82,82,82,82,82,82,82,82,82,82,82,82],"card_choices":[{"not_picked":["RobotSpaceExplorer:Counterblock","RobotSpaceExplorer:RigExplosive"],"picked":"RobotSpaceExplorer:SurgingShield","floor":1},{"not_picked":["RobotSpaceExplorer:Ammunition","RobotSpaceExplorer:RigExplosive"],"picked":"RobotSpaceExplorer:Probe","floor":2},{"not_picked":["RobotSpaceExplorer:Fix","RobotSpaceExplorer:ImprovisedAttack"],"picked":"RobotSpaceExplorer:SurgingStrike","floor":3},{"not_picked":["RobotSpaceExplorer:MetalStrike","RobotSpaceExplorer:Pulsar"],"picked":"RobotSpaceExplorer:Blaster","floor":7},{"not_picked":["RobotSpaceExplorer:IronShell","RobotSpaceExplorer:ImprovisedAttack","RobotSpaceExplorer:Counterblock"],"picked":"SKIP","floor":8},{"not_picked":["RobotSpaceExplorer:MetalStrike","RobotSpaceExplorer:Electroshield","RobotSpaceExplorer:PlasmaMissile"],"picked":"SKIP","floor":11},{"not_picked":["RobotSpaceExplorer:Counterblock","RobotSpaceExplorer:FrostMissile"],"picked":"RobotSpaceExplorer:FranticSearch","floor":12},{"not_picked":["RobotSpaceExplorer:GearShield","RobotSpaceExplorer:SwiftStep","RobotSpaceExplorer:ShockKick"],"picked":"SKIP","floor":13},{"not_picked":["RobotSpaceExplorer:GlueShot","RobotSpaceExplorer:Autoloader"],"picked":"RobotSpaceExplorer:ImprovisedAttack","floor":14},{"not_picked":["RobotSpaceExplorer:Exploration","RobotSpaceExplorer:ShockMissile"],"picked":"RobotSpaceExplorer:ChargingLaser","floor":16},{"not_picked":["RobotSpaceExplorer:StarDust","RobotSpaceExplorer:Jetpack"],"picked":"RobotSpaceExplorer:Probe","floor":18},{"not_picked":["RobotSpaceExplorer:FreezingShield+1","RobotSpaceExplorer:TurboDodge","RobotSpaceExplorer:GlueSpray"],"picked":"SKIP","floor":21},{"not_picked":["RobotSpaceExplorer:SurgingShield","RobotSpaceExplorer:ScrapToss"],"picked":"RobotSpaceExplorer:ImprovisedAttack","floor":22},{"not_picked":["RobotSpaceExplorer:Arsenal","RobotSpaceExplorer:RigExplosive+1","RobotSpaceExplorer:ScrapShield+1"],"picked":"SKIP","floor":23},{"not_picked":["RobotSpaceExplorer:Pulsar","RobotSpaceExplorer:MiniDrones"],"picked":"RobotSpaceExplorer:MiniBoosters","floor":24},{"not_picked":["RobotSpaceExplorer:SurgingStrike","RobotSpaceExplorer:SurgingShield+1","RobotSpaceExplorer:SwiftStep"],"picked":"SKIP","floor":27},{"not_picked":["RobotSpaceExplorer:ImprovisedAttack","RobotSpaceExplorer:IronShell","RobotSpaceExplorer:MetalStrike"],"picked":"SKIP","floor":28},{"not_picked":["RobotSpaceExplorer:SwiftStep+1","RobotSpaceExplorer:SurgingStrike","RobotSpaceExplorer:StunGrenade"],"picked":"SKIP","floor":29},{"not_picked":["RobotSpaceExplorer:Smokescreen+1","RobotSpaceExplorer:FrostMissile"],"picked":"RobotSpaceExplorer:ChargingLaser","floor":30}],"player_experience":216185,"relics_obtained":[{"floor":5,"key":"Matryoshka"},{"floor":7,"key":"InkBottle"},{"floor":9,"key":"Omamori"},{"floor":9,"key":"Gambling Chip"},{"floor":23,"key":"PreservedInsect"},{"floor":26,"key":"Pen Nib"},{"floor":30,"key":"Tiny Chest"}],"event_choices":[{"cards_removed":["RobotSpaceExplorer:Defend"],"damage_healed":0,"gold_gain":0,"player_choice":"Forget","damage_taken":0,"max_hp_gain":0,"max_hp_loss":0,"event_name":"Living Wall","floor":4,"gold_loss":0},{"damage_healed":0,"gold_gain":0,"player_choice":"Forge","damage_taken":0,"max_hp_gain":0,"max_hp_loss":0,"event_name":"Accursed Blacksmith","floor":10,"gold_loss":0,"cards_upgraded":["RobotSpaceExplorer:Blaster"]},{"damage_healed":0,"gold_gain":0,"player_choice":"Read","damage_taken":0,"max_hp_gain":0,"max_hp_loss":0,"event_name":"The Library","floor":20,"gold_loss":0,"cards_obtained":["RobotSpaceExplorer:ImprovisedAttack"]},{"damage_healed":0,"gold_gain":99,"player_choice":"Stole From Cult","damage_taken":0,"max_hp_gain":0,"max_hp_loss":0,"event_name":"Nest","floor":25,"gold_loss":0}],"is_beta":false,"boss_relics":[{"not_picked":["RobotSpaceExplorer:TurboCore","Coffee Dripper"],"picked":"Sozu"}],"items_purged_floors":[19,31],"is_endless":false,"potions_floor_spawned":[3,12,13,14,16,23,24,27],"killed_by":"Collector","ascension_level":0}}