{"host":"963ykkbusvcbqwtq","time":1609406958,"event":{"mods":["2.2 Compatiblity","AchievementEnabler","Arknights The Spire","BaseMod","Colored Map","GifTheSpireLib","GungeonMod","Lobotomy","Luminous","Minty Spire (QoL Compilation)","StSLib","SuperFastMode","The Bug Knight"],"gold_per_floor":[111,111,486,486,730,768,248,258,282,322,809,826,839,839,839,943,943,957,957,399,314,756,789,808,808,808,808,828,846,865,882,892,892,892,1009,1009,1038,1063,973,442,455,483,483,518,518,518,197,210,230,230,230,230,230],"floor_reached":52,"playtime":2339,"items_purged":["DemoMod:Strike_Huntress","DemoMod:Strike_Huntress","DemoMod:Strike_Huntress","DemoMod:Defend_Huntress","Shame","DemoMod:RustySidearm","DemoMod:JK47","Writhe"],"score":831,"play_id":"b831293e-9c7c-491b-a002-6f13fb92c3a8","local_time":"20201231182918","is_ascension_mode":true,"campfire_choices":[{"data":"DemoMod:AWP","floor":15,"key":"SMITH"},{"data":"DemoMod:SpreadAmmo","floor":25,"key":"SMITH"},{"data":"DemoMod:PotionOfGunFriendShip","floor":27,"key":"SMITH"},{"floor":33,"key":"RECALL"},{"data":"DemoMod:Behold!","floor":43,"key":"SMITH"},{"data":"DemoMod:GunslingerForm","floor":51,"key":"SMITH"}],"circlet_count":0,"master_deck":["DemoMod:Roll","DemoMod:ManualReload+1","DemoMod:CrossBow","DemoMod:GunShield","DemoMod:AWP+1","DemoMod:TableSutra","DemoMod:ConditionalReflex","DemoMod:StrategicReserve","DemoMod:ProbeStrike","DemoMod:ThirdPartyController+1","DemoMod:FortunesFavor","DemoMod:FinishedGun","DemoMod:ConditionalReflex+1","DemoMod:SpreadAmmo+1","DemoMod:PotionOfGunFriendShip+1","DemoMod:Evolver","Scorched","DemoMod:EasyReloadBullets+1","DemoMod:Behold!+1","DemoMod:PotionOfGunFriendShip","DemoMod:ProbeStrike","DemoMod:GunslingerForm+1"],"relics":["DemoMod:Dog","CogitoBucket","RabbitCall","TheAbacus","Potion Belt","Bag of Preparation","DemoMod:NanoMachines","Strawberry","ats:Originium","Question Card","DemoMod:BlueGuonStone","DemoMod:ClearGuonStone","HollowMod:JonisBlessing","TreeSap","Cursed Key","Gremlin Horn","MealTicket","Ancient Tea Set","Gambling Chip","DemoMod:Relodestone","Bronze Scales","DemoMod:RatBoots","DemoMod:ResourcefulSack","DemoMod:PartiallyEatenCheese","DemoMod:Wolf","Pandora\u0027s Box","LuminousBracelet","AtMidnight","HollowMod:QueensCombRelic","DemoMod:WhiteGuonStone","DemoMod:GlassGuonStoneRelic","Blood Vial","HornCleat"],"acts_visited":["Exordium","TheCity","DemoMod:Maze","TheBeyond"],"potions_floor_usage":[],"damage_taken":[{"damage":7,"enemies":"2 Louse","floor":1,"turns":2},{"damage":0,"enemies":"3 Sentries","floor":6,"turns":8},{"damage":0,"enemies":"Cultist","floor":8,"turns":1},{"damage":0,"enemies":"Lagavulin","floor":10,"turns":5},{"damage":0,"enemies":"Small Slimes","floor":12,"turns":2},{"damage":0,"enemies":"2 Fungi Beasts","floor":13,"turns":5},{"damage":0,"enemies":"Slime Boss","floor":16,"turns":8},{"damage":0,"enemies":"Chosen","floor":18,"turns":2},{"damage":0,"enemies":"Book of Stabbing","floor":23,"turns":4},{"damage":0,"enemies":"Shell Parasite","floor":24,"turns":4},{"damage":0,"enemies":"DemoMod:Veteran_shot_gun_kin_and_red_shotgun_kin","floor":28,"turns":2},{"damage":0,"enemies":"DemoMod:2_Veteran_bullet_kins_and_red_shotgun_kin","floor":29,"turns":1},{"damage":7,"enemies":"DemoMod:Veteran_shot_gun_kin_and_red_shotgun_kin_with_gunsinger","floor":30,"turns":2},{"damage":0,"enemies":"DemoMod:Red_and_blue_shotgun_kin_with_gunsinger","floor":31,"turns":1},{"damage":16,"enemies":"DemoMod:Veteran_shot_gun_kin_and_blue_shotgun_kin","floor":32,"turns":2},{"damage":31,"enemies":"DemoMod:ResourcefulRat","floor":35,"turns":13},{"damage":1,"enemies":"3 Shapes","floor":37,"turns":11},{"damage":10,"enemies":"3 Darklings","floor":38,"turns":3},{"damage":0,"enemies":"Jaw Worm Horde","floor":41,"turns":4},{"damage":0,"enemies":"Giant Head","floor":42,"turns":5},{"damage":6,"enemies":"Nemesis","floor":44,"turns":5},{"damage":0,"enemies":"Writhing Mass","floor":48,"turns":4},{"damage":0,"enemies":"Sphere and 2 Shapes","floor":49,"turns":3},{"damage":31,"enemies":"Awakened One","floor":52,"turns":1}],"seed_played":"-7552810699949102736","potions_obtained":[{"floor":1,"key":"FearPotion"},{"floor":8,"key":"AttackPotion"},{"floor":14,"key":"CultistPotion"},{"floor":14,"key":"BlessingOfTheForge"},{"floor":14,"key":"AttackPotion"}],"is_trial":false,"path_per_floor":["M","?","$","?","$","E","$","M","T","E","$","M","M","?","R","B",null,"M","T","$","?","$","E","M","R","T","R","M","M","M","M","M","R","B","B",null,"M","M","?","$","M","E","R","E","T","?","$","M","M","?","R","B"],"character_chosen":"HUNTRESS","items_purchased":["TheAbacus","Potion Belt","Bag of Preparation","DemoMod:GnawedKey","DemoMod:NanoMachines","Strawberry","DemoMod:GunShield","DemoMod:AWP","DemoMod:TableSutra","DemoMod:BlueGuonStone","DemoMod:StrategicReserve","DemoMod:ProbeStrike","DemoMod:ClearGuonStone","HollowMod:JonisBlessing","DemoMod:FortunesFavor","MealTicket","Ancient Tea Set","DemoMod:SpreadAmmo","DemoMod:PotionOfGunFriendShip","DemoMod:Relodestone","HollowMod:QueensCombRelic","DemoMod:GunslingerForm"],"campfire_rested":0,"item_purchase_floors":[3,3,3,3,5,5,5,5,5,7,7,7,11,11,11,20,20,20,22,22,40,47],"current_hp_per_floor":[63,63,63,63,70,70,70,70,70,70,70,70,70,70,70,70,77,77,77,77,77,77,77,77,77,77,77,77,77,70,70,54,54,42,11,77,91,81,81,58,58,48,48,32,32,32,38,38,38,38,38,0,0],"gold":230,"neow_bonus":"","is_daily":false,"chose_seed":false,"campfire_upgraded":5,"win_rate":0.0,"timestamp":1609406958,"path_taken":["M","?","?","?","$","E","$","M","T","E","$","M","?","?","R","BOSS","M","?","$","?","$","E","M","R","T","R","M","M","M","M","M","R","BOSS","BOSS","M","M","?","?","?","E","R","E","T","?","$","?","M","?","R","BOSS"],"items_purchased_type":["Relic","Relic","Relic","Relic","Relic","Relic","Card","Card","Card","Relic","Card","Card","Relic","Relic","Card","Relic","Relic","Card","Card","Relic","Relic","Card"],"build_version":"2020-12-22","purchased_purges":8,"victory":false,"max_hp_per_floor":[70,70,70,70,77,77,77,77,77,77,77,77,77,77,77,77,77,77,77,77,77,77,77,77,77,77,77,77,77,77,77,77,77,77,77,77,92,92,89,58,58,48,48,38,38,38,38,38,38,38,38,28,28],"card_choices":[{"not_picked":["DemoMod:SAA","DemoMod:GunstockTap","DemoMod:StickyCrossBow"],"picked":"SKIP","floor":1},{"not_picked":["DemoMod:DoubleSwitch","DemoMod:ShadowBullets"],"picked":"DemoMod:ConditionalReflex","floor":6},{"not_picked":["DemoMod:JK47","DemoMod:HardPowerCard","DemoMod:AC15","DemoMod:BoxingGlove"],"picked":"SKIP","floor":8},{"not_picked":["DemoMod:Casey","DemoMod:BlackHoleGun","DemoMod:EasyReloadBullets"],"picked":"DemoMod:ThirdPartyController","floor":10},{"not_picked":["DemoMod:BoxingGlove","DemoMod:MachoBrace","DemoMod:StickyCrossBow","DemoMod:FastSwitch"],"picked":"SKIP","floor":12},{"not_picked":["DemoMod:Unmoved","DemoMod:HuntsMan","DemoMod:FastSwitch","DemoMod:SAA"],"picked":"SKIP","floor":13},{"not_picked":["DemoMod:BlankBullets","DemoMod:Behold!","DemoMod:Slinger"],"picked":"DemoMod:FinishedGun","floor":16},{"not_picked":["DemoMod:MegaHand","DemoMod:Replace","DemoMod:TeaPot"],"picked":"DemoMod:ConditionalReflex+1","floor":18},{"not_picked":["DemoMod:DoubleSwitch+1","DemoMod:FastSwitch","DemoMod:Casey"],"picked":"DemoMod:Evolver","floor":23},{"not_picked":["DemoMod:BoxingGlove","DemoMod:TeaPot+1","DemoMod:AC15","DemoMod:BalloonGun"],"picked":"SKIP","floor":24},{"not_picked":["PunishingBird","MeatLantern"],"picked":"Scorched","floor":28},{"not_picked":["DemoMod:BattleInHaste","DemoMod:StickyCrossBow","DemoMod:AC15+1","DemoMod:ProbeStrike"],"picked":"SKIP","floor":28},{"not_picked":["DemoMod:FightSabre","DemoMod:TeaPot+1","DemoMod:HardPowerCard"],"picked":"DemoMod:EasyReloadBullets+1","floor":29},{"not_picked":["DemoMod:MachoBrace+1","DemoMod:PracticeMakesPerfect+1","DemoMod:Purify","DemoMod:JK47"],"picked":"SKIP","floor":30},{"not_picked":["DemoMod:DarkMarker","DemoMod:GunstockTap+1","DemoMod:JK47","DemoMod:SniperShot"],"picked":"SKIP","floor":31},{"not_picked":["DemoMod:StickyCrossBow","DemoMod:PracticeMakesPerfect+1","DemoMod:MachoBrace+1","DemoMod:StrategicReserve+1"],"picked":"SKIP","floor":32},{"not_picked":["DemoMod:FinishedGun","DemoMod:Slinger","DemoMod:BulletBore"],"picked":"DemoMod:Behold!","floor":35},{"not_picked":["DemoMod:GunShield","DemoMod:Evolver","DemoMod:BlankBullets","DemoMod:JK47"],"picked":"SKIP","floor":37},{"not_picked":["DemoMod:SniperShot","DemoMod:FastSwitch+1","DemoMod:GunstockTap+1","DemoMod:Unmoved"],"picked":"SKIP","floor":38},{"not_picked":["DemoMod:Slinger","DemoMod:BattleInHaste","DemoMod:Casey","DemoMod:StickyCrossBow+1"],"picked":"SKIP","floor":41},{"not_picked":["DemoMod:JK47","DemoMod:GunShield+1","DemoMod:StickyCrossBow+1","DemoMod:CursedBullets"],"picked":"SKIP","floor":42},{"not_picked":["DemoMod:TeaPot+1","DemoMod:StickyCrossBow+1","DemoMod:Behold!","DemoMod:TripleGun+1"],"picked":"SKIP","floor":44},{"not_picked":["DemoMod:Unity","DemoMod:Casey+1","DemoMod:Polaris","DemoMod:DirectionalPad"],"picked":"SKIP","floor":48},{"not_picked":["DemoMod:Unmoved","DemoMod:Rummage+1","DemoMod:EasyReloadBullets+1","DemoMod:PracticeMakesPerfect+1"],"picked":"SKIP","floor":49}],"player_experience":219160,"relics_obtained":[{"floor":6,"key":"ats:Originium"},{"floor":6,"key":"Question Card"},{"floor":10,"key":"ats:Originium"},{"floor":19,"key":"Gremlin Horn"},{"floor":23,"key":"ats:Originium"},{"floor":23,"key":"Bronze Scales"},{"floor":36,"key":"DemoMod:RatBoots"},{"floor":36,"key":"DemoMod:ResourcefulSack"},{"floor":36,"key":"DemoMod:PartiallyEatenCheese"},{"floor":36,"key":"DemoMod:Wolf"},{"floor":36,"key":"Pandora\u0027s Box"},{"floor":37,"key":"AtMidnight"},{"floor":42,"key":"DemoMod:WhiteGuonStone"},{"floor":44,"key":"Blood Vial"},{"floor":45,"key":"HornCleat"}],"event_choices":[{"damage_healed":0,"gold_gain":0,"player_choice":"Upgraded","damage_taken":0,"max_hp_gain":0,"max_hp_loss":0,"event_name":"Upgrade Shrine","floor":2,"gold_loss":0,"cards_upgraded":["DemoMod:ManualReload"]},{"damage_healed":0,"gold_gain":0,"player_choice":"0 cards matched","damage_taken":0,"max_hp_gain":0,"max_hp_loss":0,"event_name":"Match and Keep!","floor":4,"gold_loss":0,"cards_obtained":[]},{"damage_healed":0,"gold_gain":0,"player_choice":"Got Potions","damage_taken":0,"max_hp_gain":0,"max_hp_loss":0,"event_name":"Lab","floor":14,"gold_loss":0},{"damage_healed":0,"gold_gain":0,"player_choice":"Obtained Relic","damage_taken":0,"relics_obtained":["Gambling Chip"],"max_hp_gain":0,"max_hp_loss":0,"event_name":"Addict","floor":21,"gold_loss":85},{"cards_removed":["Parasite"],"damage_healed":0,"gold_gain":0,"player_choice":"Upgrade and Remove","damage_taken":0,"max_hp_gain":0,"max_hp_loss":0,"event_name":"Designer","floor":39,"gold_loss":90,"cards_upgraded":["DemoMod:ThirdPartyController"]},{"damage_healed":0,"gold_gain":0,"player_choice":"Ignored","damage_taken":0,"max_hp_gain":0,"max_hp_loss":0,"event_name":"Falling","floor":50,"gold_loss":0}],"is_beta":false,"boss_relics":[{"not_picked":["Velvet Choker","Runic Dome"],"picked":"Cursed Key"},{"not_picked":[]}],"items_purged_floors":[3,5,7,11,20,22,40,47],"is_endless":false,"potions_floor_spawned":[1,8,18,24,31,35,41,42,49],"killed_by":"Awakened One","ascension_level":2}}