{"host":"9whf1n4a9wpiw119","time":1609417294,"event":{"mods":["Aspiration","BaseMod","Beaked The Cultist","Better Altar","Better Note","Better Skull","Better Third Choice","Challenge The Spire","Colored Map","Colored Powertips","Conspire","Emptier Cage","Energized Spire","GifTheSpireLib","Halation","Hermit","Highlight Path","Hubris","Infinite Spire","Marked Mod","Minty Spire (QoL Compilation)","Quick Restart","Rare Cards Sparkle","Relic Stats","Replay The Spire","Retaliation","Shop Mod","Spikes Relics","StSLib","Stuff the Spire","SuperFastMode","Synergy Search","The Construct"],"gold_per_floor":[115,125,83,100,117,117,129,155,155,186,186,57,57,57,57,57,57],"floor_reached":16,"playtime":2703,"items_purged":["Strike_G"],"score":165,"play_id":"82ad40e9-c41a-4ec4-9d4c-73b0c8f8904c","local_time":"20201231152134","is_ascension_mode":true,"campfire_choices":[{"data":"Calculated Gamble","floor":6.0,"key":"SMITH"},{"floor":15,"key":"DIG"}],"circlet_count":0,"master_deck":["AscendersBane","Strike_G+1","Strike_G","Strike_G","Strike_G","Defend_G+1","Defend_G","Defend_G","Defend_G","Defend_G","Survivor","Neutralize","Calculated Gamble+1","hubris:Sniper","Flying Knee","StuffTheSpire:DoubleShiv","Phantasmal Killer","Backflip","Dagger Throw","StuffTheSpire:DoubleShiv","Accuracy","Accuracy","Feel No Pain"],"relics":["Ring of the Snake","NeowsBlessing","betterThird:SlimedRelic","halation:Pancakes","FossilizedHelix","Simple Rune","GiantMaggot","Pen Nib","halation:AfternoonTea"],"acts_visited":["Exordium"],"potions_floor_usage":[8],"damage_taken":[{"damage":0.0,"enemies":"Jaw Worm","floor":1.0,"turns":1.0},{"damage":0.0,"enemies":"2 Louse","floor":2.0,"turns":1.0},{"damage":0.0,"enemies":"Cultist","floor":4.0,"turns":1.0},{"damage":24.0,"enemies":"Large Slime","floor":5.0,"turns":10.0},{"damage":3.0,"enemies":"2 Fungi Beasts","floor":7.0,"turns":5.0},{"damage":16,"enemies":"Gremlin Nob","floor":8,"turns":5},{"damage":35,"enemies":"3 Sentries","floor":10,"turns":15},{"damage":14,"enemies":"Hexaghost","floor":16,"turns":7}],"seed_played":"6647171683662311452","potions_obtained":[{"floor":1.0,"key":"DDmod:CleansePotion"},{"floor":5.0,"key":"SkillPotion"},{"floor":10,"key":"DDmod:CleansePotion"}],"is_trial":false,"path_per_floor":["M","M","?","M","M","R","M","E","T","E","?","$","?","T","R_BF","B"],"character_chosen":"THE_SILENT","items_purchased":["Accuracy"],"campfire_rested":0,"item_purchase_floors":[12],"current_hp_per_floor":[63,63,52,52,28,28,25,54,54,19,19,19,14,14,14,0,0],"gold":57,"neow_bonus":"THREE_ENEMY_KILL","is_daily":false,"chose_seed":false,"campfire_upgraded":1,"win_rate":0.0,"timestamp":1609417294,"path_taken":["M","M","?","M","M","R","M","E","T","E","?","$","?","?","R_BF","BOSS"],"items_purchased_type":["Card"],"build_version":"2020-12-22","purchased_purges":1,"victory":false,"max_hp_per_floor":[70,70,70,70,70,70,70,70,70,70,70,70,70,70,70,70,70],"relic_stats":{"counters":[8,45],"Pen Nib":[1],"obtain_stats":[{"halation:Pancakes":8,"NeowsBlessing":0,"GiantMaggot":13,"betterThird:SlimedRelic":3,"Simple Rune":10,"Pen Nib":14,"halation:AfternoonTea":15,"FossilizedHelix":9,"Ring of the Snake":0},{"halation:Pancakes":6,"NeowsBlessing":0,"GiantMaggot":7,"betterThird:SlimedRelic":2,"Simple Rune":7,"Pen Nib":7,"halation:AfternoonTea":7,"FossilizedHelix":6,"Ring of the Snake":0},{"halation:Pancakes":23,"NeowsBlessing":0,"GiantMaggot":38,"betterThird:SlimedRelic":2,"Simple Rune":38,"Pen Nib":38,"halation:AfternoonTea":38,"FossilizedHelix":23,"Ring of the Snake":0}],"Ring of the Snake":[16]},"card_choices":[{"not_picked":["Poisoned Stab","Quick Slash"],"picked":"Calculated Gamble","floor":1.0},{"not_picked":["StuffTheSpire:Incursion","Caltrops"],"picked":"hubris:Sniper","floor":2.0},{"not_picked":["Outmaneuver","Predator"],"picked":"Flying Knee","floor":4.0},{"not_picked":["Setup","Flying Knee"],"picked":"StuffTheSpire:DoubleShiv","floor":5.0},{"not_picked":["StuffTheSpire:Incantation","ReplayTheSpireMod:Speed Training"],"picked":"Phantasmal Killer","floor":7.0},{"not_picked":["Sucker Punch","Bane"],"picked":"Backflip","floor":8},{"not_picked":["Deadly Poison","Poisoned Stab"],"picked":"Dagger Throw","floor":10}],"player_experience":1071773,"relics_obtained":[{"floor":8,"key":"halation:Pancakes"},{"floor":9,"key":"FossilizedHelix"},{"floor":10,"key":"Simple Rune"},{"floor":14,"key":"Pen Nib"},{"floor":15,"key":"halation:AfternoonTea"}],"event_choices":[{"damage_healed":0.0,"max_hp_gain":0.0,"max_hp_loss":0.0,"gold_gain":0.0,"event_name":"betterThird:BetterGoop","player_choice":"Slimed","floor":3.0,"gold_loss":42.0,"damage_taken":11.0}],"is_beta":false,"boss_relics":[],"items_purged_floors":[12],"is_endless":false,"potions_floor_spawned":[1,5,10],"killed_by":"Hexaghost","ascension_level":10}}