{"host":"7gewg82ormp6yt4e","time":1609406947,"event":{"mods":["BaseMod","Block Reminder","Colored Map","Colored Powertips","DeckTracker","Highlight Path","Minty Spire (QoL Compilation)","Relic Stats","StSLib"],"gold_per_floor":[111,111,25,25,36,64,64,98,174,174,174,212,212,228,228,321,321,346,12,12,37,52,52,87,108,108,122,122,165,165,165,165,261,261,279,279,554,567,583,583,598,154,154,487,500,500,500,511,511,511,511,511,511,23,57,57,57],"floor_reached":56,"playtime":3726,"items_purged":["Strike_G"],"score":1881,"play_id":"076fc5d0-d637-4bfb-8359-ad239ab32bf2","local_time":"20201231182907","is_ascension_mode":true,"campfire_choices":[{"data":"Dash","floor":7.0,"key":"SMITH"},{"data":"Footwork","floor":10.0,"key":"SMITH"},{"data":"Crippling Poison","floor":13.0,"key":"SMITH"},{"data":"Noxious Fumes","floor":15.0,"key":"SMITH"},{"data":"All Out Attack","floor":23.0,"key":"SMITH"},{"floor":28.0,"key":"REST"},{"data":"Well Laid Plans","floor":30.0,"key":"SMITH"},{"floor":32.0,"key":"REST"},{"data":"Catalyst","floor":40.0,"key":"SMITH"},{"floor":47.0,"key":"RECALL"},{"data":"Footwork","floor":49.0,"key":"SMITH"},{"data":"Neutralize","floor":53.0,"key":"SMITH"}],"circlet_count":0,"master_deck":["AscendersBane","Defend_G","Defend_G","Defend_G+1","Defend_G","Defend_G","Survivor","Neutralize+1","Leg Sweep","Footwork+1","Crippling Poison+1","Dash+1","Noxious Fumes+1","Terror+1","All Out Attack+1","Adrenaline","Acrobatics","Well Laid Plans+1","Poisoned Stab","Backflip","Blur","Calculated Gamble","Adrenaline","Catalyst+1","Footwork+1","Wraith Form v2"],"relics":["Ring of the Snake","NeowsBlessing","Pen Nib","Omamori","Mummified Hand","Bottled Lightning","Velvet Choker","Happy Flower","Gremlin Horn","Snake Skull","Singing Bowl","Runic Pyramid","Bottled Tornado","Membership Card","Torii","War Paint","Ornamental Fan"],"acts_visited":["Exordium","TheCity","TheBeyond","TheEnding"],"potions_floor_usage":[56,56],"damage_taken":[{"damage":0.0,"enemies":"Small Slimes","floor":1.0,"turns":1.0},{"damage":0.0,"enemies":"Jaw Worm","floor":5.0,"turns":1.0},{"damage":0.0,"enemies":"3 Sentries","floor":6.0,"turns":1.0},{"damage":6.0,"enemies":"Gremlin Nob","floor":8.0,"turns":4.0},{"damage":3.0,"enemies":"Lagavulin","floor":12.0,"turns":11.0},{"damage":0.0,"enemies":"Cultist","floor":14.0,"turns":4.0},{"damage":15.0,"enemies":"The Guardian","floor":16.0,"turns":12.0},{"damage":0.0,"enemies":"Chosen","floor":18.0,"turns":5.0},{"damage":5.0,"enemies":"Shell Parasite","floor":21.0,"turns":4.0},{"damage":0.0,"enemies":"Centurion and Healer","floor":22.0,"turns":7.0},{"damage":4.0,"enemies":"Gremlin Leader","floor":24.0,"turns":6.0},{"damage":4.0,"enemies":"Sentry and Sphere","floor":25.0,"turns":5.0},{"damage":18.0,"enemies":"Shelled Parasite and Fungi","floor":27.0,"turns":3.0},{"damage":15.0,"enemies":"Slavers","floor":29.0,"turns":5.0},{"damage":8.0,"enemies":"Automaton","floor":33.0,"turns":11.0},{"damage":9.0,"enemies":"3 Darklings","floor":35.0,"turns":3.0},{"damage":1.0,"enemies":"3 Shapes","floor":38.0,"turns":4.0},{"damage":0.0,"enemies":"3 Darklings","floor":39.0,"turns":4.0},{"damage":3.0,"enemies":"4 Shapes","floor":41.0,"turns":3.0},{"damage":0.0,"enemies":"Spire Growth","floor":45.0,"turns":5.0},{"damage":1.0,"enemies":"Transient","floor":48.0,"turns":6.0},{"damage":25.0,"enemies":"Time Eater","floor":50.0,"turns":18.0},{"damage":4.0,"enemies":"Donu and Deca","floor":51.0,"turns":15.0},{"damage":36.0,"enemies":"Shield and Spear","floor":55.0,"turns":9.0},{"damage":29,"enemies":"The Heart","floor":56,"turns":11}],"seed_played":"358223771977468831","potions_obtained":[{"floor":1.0,"key":"Block Potion"},{"floor":4.0,"key":"SkillPotion"},{"floor":8.0,"key":"LiquidMemories"},{"floor":16.0,"key":"Poison Potion"},{"floor":18.0,"key":"PowerPotion"},{"floor":25.0,"key":"AttackPotion"},{"floor":35.0,"key":"Weak Potion"},{"floor":41.0,"key":"AttackPotion"}],"is_trial":false,"path_per_floor":["M","?","$","?","M","E","R","E","T","R","?","E","R","M","R","B",null,"M","$","?","M","M","R","E","M","T","M","R","E","R","?","R","B",null,"M","?","?","M","M","R","M","$","T","?","M","?","R","M","R","B","B",null,"R","$","E","B"],"character_chosen":"THE_SILENT","items_purchased":["Footwork","Well Laid Plans","Happy Flower","Footwork","Bottled Tornado","Regen Potion","Membership Card","Torii","Ancient Potion","War Paint","Dexterity Potion"],"campfire_rested":2,"item_purchase_floors":[3,19,19,42,42,42,54,54,54,54,54],"current_hp_per_floor":[59,52,52,52,52,52,52,46,46,46,46,43,43,43,43,28,52,52,52,52,47,47,47,43,39,39,21,39,26,26,26,44,36,56,49,51,51,50,52,52,51,51,51,51,53,53,53,54,54,44,40,63,63,63,27,0,0],"gold":57,"neow_bonus":"THREE_ENEMY_KILL","is_daily":false,"chose_seed":false,"campfire_upgraded":9,"win_rate":0.0,"timestamp":1609406947,"path_taken":["M","?","$","?","?","E","R","E","T","R","?","E","R","M","R","BOSS","M","$","?","M","?","R","E","M","T","M","R","E","R","?","R","BOSS","M","?","?","M","M","R","?","$","T","?","M","?","R","M","R","BOSS","BOSS","R","$","E","BOSS"],"items_purchased_type":["Card","Card","Relic","Card","Relic","Potion","Relic","Relic","Potion","Relic","Potion"],"build_version":"2020-12-22","purchased_purges":1,"victory":false,"max_hp_per_floor":[66,66,66,66,66,66,66,66,66,66,60,60,60,60,60,60,60,60,60,60,60,60,60,60,60,60,60,60,62,62,62,62,62,62,64,66,66,66,68,68,70,70,70,70,72,68,68,70,70,70,70,70,70,70,70,70,70],"relic_stats":{"Happy Flower":[39],"Gremlin Horn":[15,15],"Singing Bowl":14,"Torii":17,"counters":[25,158],"Mummified Hand":[72],"Ornamental Fan":[8],"Pen Nib":[18],"Snake Skull":[167],"War Paint":["Defend_G","Terror"],"obtain_stats":[{"NeowsBlessing":0,"Happy Flower":19,"Gremlin Horn":24,"Singing Bowl":29,"Torii":54,"Golden Idol":11,"Velvet Choker":17,"Pen Nib":6,"Snake Skull":26,"Omamori":8,"Bottled Tornado":42,"War Paint":54,"Mummified Hand":9,"Ornamental Fan":55,"Bottled Lightning":12,"Membership Card":54,"Ring of the Snake":0,"Runic Pyramid":34},{"NeowsBlessing":0,"Happy Flower":8,"Gremlin Horn":11,"Singing Bowl":14,"Torii":23,"Golden Idol":4,"Velvet Choker":7,"Pen Nib":3,"Snake Skull":12,"Omamori":4,"Bottled Tornado":19,"War Paint":23,"Mummified Hand":4,"Ornamental Fan":24,"Bottled Lightning":5,"Membership Card":23,"Ring of the Snake":0,"Runic Pyramid":15},{"NeowsBlessing":0,"Happy Flower":39,"Gremlin Horn":56,"Singing Bowl":69,"Torii":138,"Golden Idol":7,"Velvet Choker":34,"Pen Nib":3,"Snake Skull":61,"Omamori":7,"Bottled Tornado":94,"War Paint":138,"Mummified Hand":7,"Ornamental Fan":147,"Bottled Lightning":18,"Membership Card":138,"Ring of the Snake":0,"Runic Pyramid":80}],"Ring of the Snake":[50]},"card_choices":[{"not_picked":["PiercingWail","Dodge and Roll"],"picked":"Leg Sweep","floor":1.0},{"not_picked":["Dodge and Roll","Dagger Throw"],"picked":"Crippling Poison","floor":5.0},{"not_picked":["Underhanded Strike","Concentrate"],"picked":"Dash","floor":6.0},{"not_picked":["Outmaneuver","Unload"],"picked":"Noxious Fumes","floor":8.0},{"not_picked":["Outmaneuver","Acrobatics"],"picked":"Terror","floor":12.0},{"not_picked":["Dagger Spray","PiercingWail"],"picked":"All Out Attack","floor":14.0},{"not_picked":["Die Die Die","Tools of the Trade"],"picked":"Adrenaline","floor":16.0},{"not_picked":["Backstab","Concentrate"],"picked":"Acrobatics","floor":18.0},{"not_picked":["Quick Slash+1","Outmaneuver","Flying Knee+1"],"picked":"SKIP","floor":21.0},{"not_picked":["Dagger Spray","Skewer"],"picked":"Poisoned Stab","floor":22.0},{"not_picked":["After Image","Sucker Punch"],"picked":"Backflip","floor":24.0},{"not_picked":["Dagger Spray","Prepared","Terror"],"picked":"SKIP","floor":25.0},{"not_picked":["Bullet Time","Flying Knee","Outmaneuver"],"picked":"SKIP","floor":27.0},{"not_picked":["After Image","Dagger Throw+1","Cloak And Dagger"],"picked":"Singing Bowl","floor":29.0},{"not_picked":["Storm of Steel","Envenom"],"picked":"Adrenaline","floor":33.0},{"not_picked":["Sucker Punch","Backflip","Deflect"],"picked":"Singing Bowl","floor":35.0},{"not_picked":["Mind Blast","HandOfGreed","Metamorphosis"],"picked":"Singing Bowl","floor":36.0},{"not_picked":["Dagger Spray+1","Deadly Poison"],"picked":"Catalyst","floor":38.0},{"not_picked":["Quick Slash","Dagger Throw","Slice"],"picked":"Singing Bowl","floor":39.0},{"not_picked":["Flying Knee","Finisher","Blade Dance+1"],"picked":"Singing Bowl","floor":41.0},{"not_picked":["Calculated Gamble","Dodge and Roll","Well Laid Plans"],"picked":"Singing Bowl","floor":45.0},{"not_picked":["Tactician","Dodge and Roll","Reflex+1"],"picked":"Singing Bowl","floor":48.0},{"not_picked":["Dodge and Roll+1","Sucker Punch+1"],"picked":"Wraith Form v2","floor":55.0}],"player_experience":2445054,"relics_obtained":[{"floor":6.0,"key":"Pen Nib"},{"floor":8.0,"key":"Omamori"},{"floor":9.0,"key":"Mummified Hand"},{"floor":12.0,"key":"Bottled Lightning"},{"floor":24.0,"key":"Gremlin Horn"},{"floor":26.0,"key":"Snake Skull"},{"floor":29.0,"key":"Singing Bowl"},{"floor":55.0,"key":"Ornamental Fan"}],"event_choices":[{"cards_removed":["Strike_G"],"damage_healed":0.0,"max_hp_gain":0.0,"max_hp_loss":0.0,"gold_gain":0.0,"event_name":"Golden Wing","player_choice":"Card Removal","floor":2.0,"gold_loss":0.0,"damage_taken":7.0},{"damage_healed":0.0,"max_hp_gain":0.0,"max_hp_loss":0.0,"gold_gain":0.0,"event_name":"Lab","player_choice":"Got Potions","floor":4.0,"gold_loss":0.0,"damage_taken":0.0},{"damage_healed":0.0,"max_hp_gain":0.0,"max_hp_loss":6.0,"gold_gain":0.0,"event_name":"Golden Idol","player_choice":"Lose Max HP","floor":11.0,"gold_loss":0.0,"damage_taken":0.0,"relics_obtained":["Golden Idol"]},{"cards_removed":["Strike_G"],"damage_healed":0.0,"max_hp_gain":0.0,"max_hp_loss":0.0,"gold_gain":0.0,"event_name":"Purifier","player_choice":"Purged","floor":20.0,"gold_loss":0.0,"damage_taken":0.0},{"damage_healed":0.0,"max_hp_gain":0.0,"max_hp_loss":0.0,"gold_gain":0.0,"cards_transformed":["Strike_G","Strike_G"],"event_name":"Drug Dealer","player_choice":"Became Test Subject","floor":31.0,"gold_loss":0.0,"damage_taken":0.0,"cards_obtained":["Blur","Calculated Gamble"]},{"damage_healed":0.0,"max_hp_gain":0.0,"max_hp_loss":0.0,"gold_gain":0.0,"event_name":"SensoryStone","player_choice":"Memory 1","floor":36.0,"gold_loss":0.0,"damage_taken":0.0},{"damage_healed":0.0,"max_hp_gain":0.0,"max_hp_loss":0.0,"gold_gain":275.0,"event_name":"Golden Shrine","player_choice":"Desecrate","floor":37.0,"gold_loss":0.0,"damage_taken":0.0,"cards_obtained":["Regret"]},{"damage_healed":0.0,"max_hp_gain":0.0,"max_hp_loss":0.0,"gold_gain":333.0,"event_name":"The Moai Head","player_choice":"Gave Idol","floor":44.0,"relics_lost":["Golden Idol"],"gold_loss":0.0,"damage_taken":0.0},{"damage_healed":0.0,"max_hp_gain":0.0,"max_hp_loss":4.0,"gold_gain":0.0,"event_name":"Winding Halls","player_choice":"Max HP","floor":46.0,"gold_loss":0.0,"damage_taken":0.0}],"is_beta":false,"boss_relics":[{"not_picked":["Busted Crown","Philosopher\u0027s Stone"],"picked":"Velvet Choker"},{"not_picked":["Black Star","SlaversCollar"],"picked":"Runic Pyramid"}],"items_purged_floors":[19],"is_endless":false,"potions_floor_spawned":[1,6,8,16,18,25,35,41],"killed_by":"The Heart","ascension_level":20}}