{"host":"0rb2tceimqc8yymn","time":1609433426,"event":{"mods":["BaseMod","Minty Spire (QoL Compilation)","StSLib"],"gold_per_floor":[111,111,125,144,157,189,209,209,236,264,9,9,28,28,28,134,134,162,162,184,213,213,213],"floor_reached":22,"playtime":1388,"items_purged":[],"score":218,"play_id":"879fa215-c56b-43a3-8928-c84423c9c099","local_time":"20210101005026","is_ascension_mode":true,"campfire_choices":[{"data":"Turbo","floor":12.0,"key":"SMITH"},{"data":"Coolheaded","floor":15.0,"key":"SMITH"}],"circlet_count":0,"master_deck":["Strike_B","Strike_B","Strike_B","Strike_B","Defend_B","Defend_B","Defend_B","Defend_B","Zap","Dualcast+1","Coolheaded+1","Skim","Cold Snap","Turbo+1","Glacier","Turbo+1","Defragment","Fission","Hologram","Glacier","Double Energy"],"relics":["Cracked Core","NeowsBlessing","Orichalcum","CeramicFish","Medical Kit","SacredBark"],"acts_visited":["Exordium","TheCity"],"potions_floor_usage":[21,21,22],"damage_taken":[{"damage":0.0,"enemies":"Cultist","floor":1.0,"turns":1.0},{"damage":0.0,"enemies":"Jaw Worm","floor":3.0,"turns":1.0},{"damage":0.0,"enemies":"2 Louse","floor":4.0,"turns":1.0},{"damage":16.0,"enemies":"Large Slime","floor":5.0,"turns":6.0},{"damage":7.0,"enemies":"3 Sentries","floor":6.0,"turns":3.0},{"damage":9.0,"enemies":"2 Fungi Beasts","floor":7.0,"turns":4.0},{"damage":2.0,"enemies":"Lagavulin","floor":10.0,"turns":12.0},{"damage":1.0,"enemies":"3 Louse","floor":13.0,"turns":3.0},{"damage":31.0,"enemies":"The Guardian","floor":16.0,"turns":17.0},{"damage":25.0,"enemies":"Shell Parasite","floor":18.0,"turns":15.0},{"damage":7,"enemies":"Chosen","floor":20,"turns":6},{"damage":41,"enemies":"Snake Plant","floor":21,"turns":11},{"damage":3,"enemies":"Shelled Parasite and Fungi","floor":22,"turns":4}],"seed_played":"5918936391985145504","potions_obtained":[{"floor":3.0,"key":"PowerPotion"},{"floor":5.0,"key":"Energy Potion"},{"floor":6.0,"key":"Swift Potion"},{"floor":7.0,"key":"FocusPotion"},{"floor":16.0,"key":"Energy Potion"},{"floor":21,"key":"Fire Potion"}],"is_trial":false,"path_per_floor":["M","?","M","M","M","E","M","?","T","E","$","R","M","$","R","B",null,"M","?","M","M","M"],"character_chosen":"DEFECT","items_purchased":["Medical Kit","Turbo","Defragment"],"campfire_rested":0,"item_purchase_floors":[11,11,11],"current_hp_per_floor":[75,75,75,75,59,52,43,43,43,41,41,41,40,40,40,9,75,50,50,43,2,0,0],"gold":213,"neow_bonus":"THREE_ENEMY_KILL","is_daily":false,"chose_seed":false,"campfire_upgraded":2,"win_rate":0.0,"timestamp":1609433426,"path_taken":["M","?","?","M","M","E","M","?","T","E","$","R","M","?","R","BOSS","M","?","M","M","M"],"items_purchased_type":["Relic","Card","Card"],"build_version":"2020-12-22","purchased_purges":0,"victory":false,"max_hp_per_floor":[75,75,75,75,75,75,75,75,75,75,75,75,75,75,75,75,75,75,75,75,75,75,75],"card_choices":[{"not_picked":["Steam","Reprogram"],"picked":"Coolheaded","floor":1.0},{"not_picked":["Conserve Battery","Steam Power"],"picked":"Skim","floor":3.0},{"not_picked":["Barrage","Chaos","Conserve Battery"],"picked":"SKIP","floor":4.0},{"not_picked":["Electrodynamics","Compile Driver"],"picked":"Cold Snap","floor":5.0},{"not_picked":["Hologram","Barrage"],"picked":"Turbo","floor":6.0},{"not_picked":["Redo","Go for the Eyes"],"picked":"Glacier","floor":7.0},{"not_picked":["Steam","Beam Cell","Tempest"],"picked":"SKIP","floor":10.0},{"not_picked":["Sweeping Beam","Steam","Redo"],"picked":"SKIP","floor":13.0},{"not_picked":["Hyperbeam","Core Surge"],"picked":"Fission","floor":16.0},{"not_picked":["Reinforced Body+1","Skim+1"],"picked":"Hologram","floor":18.0},{"not_picked":["Go for the Eyes","Force Field+1"],"picked":"Glacier","floor":20},{"not_picked":["Stack","Barrage+1"],"picked":"Double Energy","floor":21}],"player_experience":142462,"relics_obtained":[{"floor":6.0,"key":"Orichalcum"},{"floor":10.0,"key":"CeramicFish"}],"event_choices":[{"damage_healed":0.0,"max_hp_gain":0.0,"max_hp_loss":0.0,"gold_gain":0.0,"event_name":"Upgrade Shrine","player_choice":"Upgraded","floor":2.0,"gold_loss":0.0,"damage_taken":0.0,"cards_upgraded":["Dualcast"]},{"damage_healed":0.0,"max_hp_gain":0.0,"max_hp_loss":0.0,"gold_gain":0.0,"event_name":"Living Wall","player_choice":"Grow","floor":8.0,"gold_loss":0.0,"damage_taken":0.0,"cards_upgraded":["Turbo"]},{"damage_healed":0,"gold_gain":0,"player_choice":"Ignored","damage_taken":0,"max_hp_gain":0,"max_hp_loss":0,"event_name":"Cursed Tome","floor":19,"gold_loss":0}],"is_beta":false,"boss_relics":[{"not_picked":["Runic Pyramid","Calling Bell"],"picked":"SacredBark"}],"items_purged_floors":[],"is_endless":false,"potions_floor_spawned":[3,5,6,7,16,21],"killed_by":"Shelled Parasite and Fungi","ascension_level":2}}