{"host":"5o2n8gt0sn3szjgb","time":1609397674,"event":{"mods":["BaseMod","BetterRewards","Library of Ruina","Library of Ruina Extra","Minty Spire (QoL Compilation)","StSLib"],"gold_per_floor":[113,31,51,71,71,104,104,147,172,172,197,210,225,263,263,356,356,372,372,372,322,340,381,381,421,496,532,544,576,623,653,665,776,788,819,781,795,854,854,854,887,902,927,968,991,1031,1051,1067,1067,1067,1067,1067,1067,435,466,466],"floor_reached":57,"playtime":2184,"items_purged":["LightDefense","WillOfThePrescript+1","Castigation+1"],"score":2692,"play_id":"ad64fdbb-390c-4be3-998f-f8fa6fc6667e","local_time":"20201231145434","is_ascension_mode":true,"campfire_choices":[{"data":"SomberProcuration","floor":7.0,"key":"SMITH"},{"data":"LeRegole","floor":10.0,"key":"SMITH"},{"data":"LevelSlash","floor":15.0,"key":"SMITH"},{"data":"Spear_LOR","floor":24,"key":"SMITH"},{"data":"UpstandingSlash","floor":28,"key":"SMITH"},{"data":"Charge","floor":32,"key":"SMITH"},{"data":"Concentration","floor":40,"key":"SMITH"},{"floor":49,"key":"RECALL"},{"data":"FocusSpirit","floor":53,"key":"SMITH"}],"circlet_count":0,"master_deck":["AscendersBane","UpstandingSlash+1","Spear_LOR+1","LevelSlash+1","FocusSpirit+1","Charge+1","SomberProcuration+1","LeRegole+1","BulkyImpact","Concentration+1","MindCrush","GroundSmash+1","SavageMode","ForTheFamily"],"relics":["PageOfLibrarian","Golden Idol","Bag of Marbles","Smiling Mask","Vajra","Snecko Eye","MutagenicStrength","Boot","InkBottle","Sundial","MawBank","PageOfSnowWhitesApple","Astrolabe","PageOfFairyFestival","PageOfGreed","PageOfTheQueenOfHatred","PageOfTheKnightOfDespair","PageOfWrath","PageOfNihil","PageOfSpiderBud","PageOfRedShoes","Orrery","PageOfPorccubus"],"acts_visited":["Exordium","TheCity","TheBeyond","TheEnding"],"potions_floor_usage":[56,56],"damage_taken":[{"damage":0.0,"enemies":"Cultist","floor":1.0,"turns":1.0},{"damage":0.0,"enemies":"Small Slimes","floor":3.0,"turns":1.0},{"damage":0.0,"enemies":"Jaw Worm","floor":4.0,"turns":1.0},{"damage":0.0,"enemies":"Lagavulin","floor":6.0,"turns":1.0},{"damage":0.0,"enemies":"3 Sentries","floor":8.0,"turns":4.0},{"damage":0.0,"enemies":"Blue Slaver","floor":11.0,"turns":1.0},{"damage":0.0,"enemies":"3 Louse","floor":12.0,"turns":1.0},{"damage":0.0,"enemies":"Looter","floor":13.0,"turns":1.0},{"damage":0.0,"enemies":"Lagavulin","floor":14.0,"turns":4.0},{"damage":0.0,"enemies":"Slime Boss","floor":16.0,"turns":1.0},{"damage":0.0,"enemies":"Spheric Guardian","floor":18.0,"turns":1.0},{"damage":0,"enemies":"Shell Parasite","floor":22,"turns":1},{"damage":0,"enemies":"Gremlin Leader","floor":23,"turns":1},{"damage":0,"enemies":"Slavers","floor":25,"turns":2},{"damage":0,"enemies":"Gremlin Leader","floor":27,"turns":1},{"damage":0,"enemies":"Centurion and Healer","floor":29,"turns":2},{"damage":0,"enemies":"Slavers","floor":30,"turns":1},{"damage":0,"enemies":"Shelled Parasite and Fungi","floor":31,"turns":1},{"damage":8,"enemies":"RedHoodMercenary","floor":33,"turns":4},{"damage":0,"enemies":"Orb Walker","floor":35,"turns":1},{"damage":0,"enemies":"3 Darklings","floor":37,"turns":1},{"damage":0,"enemies":"2 Orb Walkers","floor":38,"turns":1},{"damage":5,"enemies":"Giant Head","floor":41,"turns":1},{"damage":5,"enemies":"Jaw Worm Horde","floor":42,"turns":1},{"damage":5,"enemies":"Nemesis","floor":44,"turns":1},{"damage":5,"enemies":"Maw","floor":45,"turns":1},{"damage":5,"enemies":"Giant Head","floor":46,"turns":2},{"damage":26,"enemies":"Transient","floor":47,"turns":4},{"damage":10,"enemies":"Sphere and 2 Shapes","floor":48,"turns":2},{"damage":5,"enemies":"Donu and Deca","floor":50,"turns":2},{"damage":5,"enemies":"Donu and Deca","floor":51,"turns":2},{"damage":5,"enemies":"Shield and Spear","floor":55,"turns":2},{"damage":7,"enemies":"The Heart","floor":56,"turns":5}],"seed_played":"-3183439863339882296","potions_obtained":[{"floor":3.0,"key":"Block Potion"},{"floor":11.0,"key":"ColorlessPotion"},{"floor":12.0,"key":"LiquidMemories"},{"floor":13.0,"key":"DuplicationPotion"}],"is_trial":false,"path_per_floor":["M","$","M","M","?","E","R","E","T","R","M","M","M","E","R","B",null,"M","?","?","$","M","E","R","E","T","E","R","M","E","M","R","B",null,"M","$","M","?","?","R","E","M","T","E","M","E","M","M","R","B",null,null,"R","$","E","B",null],"character_chosen":"Librarian","items_purchased":["LeRegole","PageOfSpiderBud","PageOfRedShoes","Orrery"],"campfire_rested":0,"item_purchase_floors":[2,54,54,54],"current_hp_per_floor":[54,54,54,54,22,22,22,22,22,22,22,22,22,22,22,22,75,75,75,75,75,75,75,75,75,75,75,75,75,75,75,75,67,86,86,86,86,86,86,86,81,76,76,71,66,61,35,25,25,20,15,73,73,73,68,63],"gold":466,"neow_bonus":"","is_daily":false,"chose_seed":false,"campfire_upgraded":8,"win_rate":0.0,"timestamp":1609397674,"path_taken":["M","?","M","M","?","E","R","E","T","R","M","M","M","E","R","BOSS","M","?","?","$","M","E","R","E","T","E","R","M","E","M","R","BOSS","M","$","M","?","?","R","E","M","T","E","M","E","M","M","R","BOSS","R","$","E","BOSS"],"items_purchased_type":["Card","Relic","Relic","Relic"],"build_version":"2020-12-22","purchased_purges":3,"victory":true,"max_hp_per_floor":[92,92,92,92,92,92,92,92,92,92,92,92,92,92,92,92,92,92,92,92,92,92,92,92,92,92,92,92,92,92,92,92,92,92,92,92,92,92,92,92,92,92,92,92,92,92,92,92,92,92,92,92,92,92,92,92],"card_choices":[{"not_picked":["QuickSuppression","MindWhip"],"picked":"SomberProcuration","floor":1.0},{"not_picked":["SilentMist","Multislash","Guardian_lor"],"picked":"SKIP","floor":3.0},{"not_picked":["Unlock1","QuickSuppression"],"picked":"BulkyImpact","floor":4.0},{"not_picked":["Reload","QuickSuppression","SuppressingShot"],"picked":"SKIP","floor":6.0},{"not_picked":["Retaliate","CombatPreparation","ProselytesBlade"],"picked":"SKIP","floor":8.0},{"not_picked":["SuppressingShot","Eliminate","ClassAndRespect"],"picked":"SKIP","floor":11.0},{"not_picked":["BladeWhirl","Multislash"],"picked":"Concentration","floor":12.0},{"not_picked":["LeRegole","GrazeTheGrass","Multislash"],"picked":"SKIP","floor":13.0},{"not_picked":["EnergyStrike","Concentration","ViolentFlame"],"picked":"SKIP","floor":14.0},{"not_picked":["Deflect_lor","GoinFirst"],"picked":"MindCrush","floor":16.0},{"not_picked":["ViolentFlame","SteelKnuckles","Mutilate"],"picked":"SKIP","floor":18.0},{"not_picked":["FendThisOffIfYouCan","GrazeTheGrass","SuppressingShot"],"picked":"SKIP","floor":22},{"not_picked":["ShockRound","Deflect_lor","RapidGashes"],"picked":"SKIP","floor":23},{"not_picked":["GrazeTheGrass","Concentration","Reload"],"picked":"SKIP","floor":25},{"not_picked":["Rampage_lor","PinpointShot","Reload"],"picked":"SKIP","floor":27},{"not_picked":["ClassAndRespect","Faith","WillOfThePrescript"],"picked":"SKIP","floor":29},{"not_picked":["ClassAndRespect+1","Suppress","GuardingStance"],"picked":"SKIP","floor":30},{"not_picked":["QuickSuppression","BladeWhirl","BattleCommand"],"picked":"SKIP","floor":31},{"not_picked":["BladeWhirl","Fence+1","PinpointShot"],"picked":"SKIP","floor":35},{"not_picked":["EnergyStrike","SuppressingShot","FocusFire"],"picked":"SKIP","floor":37},{"not_picked":["SuppressingShot","EnergyStrike"],"picked":"SavageMode","floor":38},{"not_picked":["SunsetBlade","Execute_lor","GroundSmash"],"picked":"SKIP","floor":41},{"not_picked":["SunsetBlade","Execute_lor","ViolentFlame"],"picked":"SKIP","floor":42},{"not_picked":["Reload","SteelKnuckles+1","SenseQuarry"],"picked":"SKIP","floor":44},{"not_picked":["ViolentFlame","Execute_lor+1","EnergyStrike+1"],"picked":"SKIP","floor":45},{"not_picked":["Eliminate","EnergyStrike"],"picked":"ForTheFamily","floor":46},{"not_picked":["SuppressingShot","ShrineToMusic","Unlock1"],"picked":"SKIP","floor":47},{"not_picked":["Unlock1+1","GrazeTheGrass","PinpointShot"],"picked":"SKIP","floor":48},{"not_picked":["Faith","Fence","ClassAndRespect"],"picked":"SKIP","floor":55}],"player_experience":356072,"relics_obtained":[{"floor":6.0,"key":"Bag of Marbles"},{"floor":8.0,"key":"Smiling Mask"},{"floor":14.0,"key":"Vajra"},{"floor":23,"key":"Boot"},{"floor":25,"key":"InkBottle"},{"floor":26,"key":"Sundial"},{"floor":27,"key":"MawBank"},{"floor":30,"key":"PageOfSnowWhitesApple"},{"floor":38,"key":"PageOfFairyFestival"},{"floor":41,"key":"PageOfGreed"},{"floor":43,"key":"PageOfTheQueenOfHatred"},{"floor":44,"key":"PageOfTheKnightOfDespair"},{"floor":46,"key":"PageOfWrath"},{"floor":47,"key":"PageOfNihil"},{"floor":55,"key":"PageOfPorccubus"}],"event_choices":[{"damage_healed":0.0,"max_hp_gain":0.0,"max_hp_loss":0.0,"gold_gain":0.0,"event_name":"Golden Idol","player_choice":"Take Damage","floor":5.0,"gold_loss":0.0,"damage_taken":32.0,"relics_obtained":["Golden Idol"]},{"damage_healed":0,"gold_gain":0,"player_choice":"Inject Mutagens","damage_taken":0,"relics_obtained":["MutagenicStrength"],"max_hp_gain":0,"max_hp_loss":0,"event_name":"Drug Dealer","floor":19,"gold_loss":0},{"cards_removed":["Dodge"],"damage_healed":0,"gold_gain":0,"player_choice":"Elegance","damage_taken":0,"max_hp_gain":0,"max_hp_loss":0,"event_name":"Back to Basics","floor":20,"gold_loss":0},{"damage_healed":0,"gold_gain":0,"player_choice":"Fight","damage_taken":0,"max_hp_gain":0,"max_hp_loss":0,"event_name":"Mysterious Sphere","floor":38,"gold_loss":0},{"damage_healed":0,"gold_gain":0,"player_choice":"Ignored","damage_taken":0,"max_hp_gain":0,"max_hp_loss":0,"event_name":"Tomb of Lord Red Mask","floor":39,"gold_loss":0}],"is_beta":false,"boss_relics":[{"not_picked":["Calling Bell","Velvet Choker"],"picked":"Snecko Eye"},{"not_picked":["Busted Crown","Sozu"],"picked":"Astrolabe"}],"items_purged_floors":[21,36,54],"is_endless":false,"potions_floor_spawned":[3,11,12,13,18,23,29,30,33,38,41,42,44,47],"ascension_level":15}}