{"host":"se62q65hiqxz7cab","time":1609399085,"event":{"mods":["Act Like it!","BaseMod","Colored Map","Minty Spire (QoL Compilation)","Replay The Spire","StSLib","The Bug Knight","The Cursed"],"gold_per_floor":[110,35,35,47,10,10,10,10,10,27,27,40,55,85,85,85,85],"floor_reached":16,"playtime":467,"items_purged":[],"score":90,"play_id":"cacf8bce-915d-44e1-af8d-4cc37ee8932d","local_time":"20201231151805","is_ascension_mode":false,"campfire_choices":[{"data":"HollowMod:ShadowDash","floor":6,"key":"SMITH"},{"data":"HollowMod:VengefulVoid","floor":8,"key":"SMITH"},{"data":"HollowMod:VengefulVoid","floor":11,"key":"SMITH"},{"data":"HollowMod:SoulMaster","floor":15,"key":"SMITH"}],"circlet_count":0,"master_deck":["HollowMod:NailStrikeStart","HollowMod:NailStrikeStart","HollowMod:NailStrikeStart","HollowMod:NailStrikeStart","HollowMod:QuickDashStart","HollowMod:QuickDashStart","HollowMod:QuickDashStart","HollowMod:PogoStrike","HollowMod:ShadowDash+1","HollowMod:VengefulVoid+1","HollowMod:VengefulVoid+1","HollowMod:VengefulVoid","HollowMod:SoulMaster+1"],"relics":["HollowMod:VesselMask","Iron Hammer","FossilizedHelix"],"acts_visited":["Exordium"],"potions_floor_usage":[16,16],"damage_taken":[{"damage":2,"enemies":"2 Louse","floor":1,"turns":2},{"damage":1,"enemies":"Cultist","floor":4,"turns":3},{"damage":0,"enemies":"Jaw Worm","floor":10,"turns":2},{"damage":0,"enemies":"Gremlin Gang","floor":12,"turns":4},{"damage":0,"enemies":"2 Fungi Beasts","floor":13,"turns":2},{"damage":125,"enemies":"Slime Boss","floor":16,"turns":12}],"seed_played":"-4754266503106051388","potions_obtained":[{"floor":1,"key":"FairyPotion"},{"floor":10,"key":"Regen Potion"},{"floor":12,"key":"LifebloodPotion"}],"is_trial":false,"path_per_floor":["M","?","?","M","$","R","?","R","T","M","R","M","M","?","R","B"],"character_chosen":"THE_BUGKNIGHT","items_purchased":["HollowMod:VengefulVoid"],"campfire_rested":0,"item_purchase_floors":[5],"current_hp_per_floor":[73,78,78,77,77,77,77,77,77,77,77,77,77,77,77,0,0],"gold":85,"neow_bonus":"REMOVE_CARD","is_daily":false,"chose_seed":false,"campfire_upgraded":4,"win_rate":0.0,"timestamp":1609399085,"path_taken":["M","?","?","?","?","R","?","R","T","M","R","M","?","?","R","BOSS"],"items_purchased_type":["Card"],"build_version":"2020-12-22","purchased_purges":0,"victory":false,"max_hp_per_floor":[75,80,80,80,80,80,80,80,80,80,80,80,80,80,80,80,80],"card_choices":[{"not_picked":["HollowMod:DungDefenderAura","HollowMod:CornifersMapStart","HollowMod:LifebloodCocoon"],"picked":"SKIP","floor":1},{"not_picked":["HollowMod:NewLittleFool","HollowMod:DashSlash"],"picked":"HollowMod:ShadowDash","floor":4},{"not_picked":["HollowMod:LifebloodCocoon","HollowMod:SoulStrike"],"picked":"HollowMod:VengefulVoid","floor":10},{"not_picked":["HollowMod:MothsMistake","HollowMod:ChannelNail","HollowMod:NewLittleFool"],"picked":"SKIP","floor":12},{"not_picked":["HollowMod:ShapeofUnn","HollowMod:MawleksShell"],"picked":"HollowMod:SoulMaster","floor":13}],"player_experience":152219,"relics_obtained":[{"floor":7,"key":"Iron Hammer"},{"floor":9,"key":"FossilizedHelix"}],"event_choices":[{"cards_removed":["HollowMod:FocusHealStart"],"damage_healed":0,"gold_gain":0,"player_choice":"Offered Basic","damage_taken":0,"max_hp_gain":0,"max_hp_loss":0,"event_name":"Bonfire Elementals","floor":3,"gold_loss":0},{"damage_healed":0,"gold_gain":0,"player_choice":"Relic","damage_taken":0,"max_hp_gain":0,"max_hp_loss":0,"event_name":"Wheel of Change","floor":7,"gold_loss":0},{"damage_healed":0,"gold_gain":30,"player_choice":"Searched \u00271\u0027 times","damage_taken":0,"max_hp_gain":0,"max_hp_loss":0,"event_name":"Dead Adventurer","floor":14,"gold_loss":0}],"is_beta":false,"boss_relics":[],"items_purged_floors":[],"is_endless":false,"potions_floor_spawned":[1,10,12],"killed_by":"Slime Boss","ascension_level":0}}