{"host":"1zfbckszmdcrhnfi","time":1609385650,"event":{"mods":["AchievementEnabler","BaseMod","Colored Map","Downfall","Marisa£®ÏF”Í°°ƒß¿Ì…≥£©","Minty Spire (QoL Compilation)","Replay The Spire","Shop Mod","StSLib","The Cursed","The Servant 0.9.4"],"gold_per_floor":[110,130,130,141,156,190,219,219,267,283,6,6,6,20,20,120,120,138,155,174,34,52,52,52],"floor_reached":23,"playtime":1260,"items_purged":["Defend_P","WaveOfTheHand"],"score":195,"play_id":"5fa7ceff-d44d-420c-ac1d-b63b8b1e0891","local_time":"20201231113410","is_ascension_mode":false,"campfire_choices":[{"floor":8.0,"key":"REST"},{"data":"Devotion","floor":13.0,"key":"SMITH"},{"floor":15,"key":"REST"}],"circlet_count":0,"master_deck":["Strike_P","Strike_P","Strike_P","Defend_P","Defend_P","Defend_P","Eruption","Vigilance","Prostrate","CutThroughFate","Replay:DivineShield","LikeWater","ClearTheMind","Devotion+1","TalkToTheHand+1","Alpha","DevaForm","SandsOfTime+1","WindmillStrike","Wireheading+1"],"relics":["PureWater","NeowsBlessing","Sundial","Happy Flower","Odd Mushroom","Painkiller Herb"],"acts_visited":["Exordium","TheCity"],"potions_floor_usage":[16],"damage_taken":[{"damage":0.0,"enemies":"2 Louse","floor":1.0,"turns":1.0},{"damage":0.0,"enemies":"Small Slimes","floor":2.0,"turns":1.0},{"damage":0.0,"enemies":"Jaw Worm","floor":4.0,"turns":1.0},{"damage":0.0,"enemies":"Exordium Wildlife","floor":5.0,"turns":3.0},{"damage":32.0,"enemies":"Gremlin Nob","floor":6.0,"turns":4.0},{"damage":15.0,"enemies":"The Mushroom Lair","floor":7.0,"turns":7.0},{"damage":0.0,"enemies":"Large Slime","floor":10.0,"turns":4.0},{"damage":6,"enemies":"Exordium Thugs","floor":14,"turns":9},{"damage":14,"enemies":"Hexaghost","floor":16,"turns":7},{"damage":7,"enemies":"Shell Parasite","floor":18,"turns":6},{"damage":23,"enemies":"3 Byrds","floor":19,"turns":5},{"damage":20,"enemies":"Centurion and Healer","floor":20,"turns":5},{"damage":8,"enemies":"Cultist and Chosen","floor":22,"turns":6},{"damage":6,"enemies":"Book of Stabbing","floor":23,"turns":3}],"seed_played":"933022910346034631","potions_obtained":[{"floor":1.0,"key":"BottledMiracle"},{"floor":2.0,"key":"Energy Potion"},{"floor":14,"key":"Ancient Potion"},{"floor":16,"key":"Energy Potion"},{"floor":18,"key":"FearPotion"}],"is_trial":false,"path_per_floor":["M","M","?","M","M","E","?","R","T","M","$","?","R","M","R","B",null,"?","?","?","T","?","E"],"character_chosen":"WATCHER","items_purchased":["Devotion","TalkToTheHand+1","WindmillStrike"],"campfire_rested":2,"item_purchase_floors":[11,11,21],"current_hp_per_floor":[72,72,65,65,65,33,18,39,39,39,39,39,39,33,54,40,72,65,42,22,22,14,8,8],"gold":52,"neow_bonus":"THREE_ENEMY_KILL","is_daily":false,"chose_seed":false,"campfire_upgraded":1,"win_rate":0.0,"timestamp":1609385650,"path_taken":["M","M","?","M","M","E","?","R","T","M","$","?","R","M","R","BOSS","?","?","?","T","?","E"],"items_purchased_type":["Card","Card","Card"],"build_version":"2020-12-22","purchased_purges":2,"victory":false,"max_hp_per_floor":[72,72,72,72,72,72,72,72,72,72,72,72,72,72,72,72,72,72,72,72,72,72,72,72],"card_choices":[{"not_picked":["Weave","Evaluate"],"picked":"Prostrate","floor":1.0},{"not_picked":["EmptyBody","CrushJoints","EmptyFist"],"picked":"SKIP","floor":2.0},{"not_picked":["EmptyFist","WheelKick"],"picked":"CutThroughFate","floor":4.0},{"not_picked":["WindmillStrike","Wallop"],"picked":"WaveOfTheHand","floor":5.0},{"not_picked":["Replay:ManipulateFuture","Prostrate"],"picked":"Replay:DivineShield","floor":6.0},{"not_picked":["Conclude","Consecrate"],"picked":"LikeWater","floor":7.0},{"not_picked":["ThirdEye","CrushJoints"],"picked":"ClearTheMind","floor":10.0},{"not_picked":["JustLucky","CutThroughFate"],"picked":"Alpha","floor":14},{"not_picked":["Replay:AllIn","MasterReality"],"picked":"DevaForm","floor":16},{"not_picked":["ClearTheMind","CrushJoints","JustLucky"],"picked":"SKIP","floor":18},{"not_picked":["SashWhip","Crescendo","Consecrate+1"],"picked":"SKIP","floor":19},{"not_picked":["SashWhip+1","DeceiveReality+1"],"picked":"SandsOfTime+1","floor":20},{"not_picked":["Replay:Hum+1","TalkToTheHand+1"],"picked":"Wireheading+1","floor":22}],"player_experience":145056,"relics_obtained":[{"floor":6.0,"key":"Happy Flower"},{"floor":7.0,"key":"Odd Mushroom"}],"event_choices":[{"damage_healed":0.0,"max_hp_gain":0.0,"max_hp_loss":0.0,"gold_gain":0.0,"event_name":"Scrap Ooze","player_choice":"Success","floor":3.0,"gold_loss":0.0,"damage_taken":7.0,"relics_obtained":["Sundial"]},{"damage_healed":0.0,"max_hp_gain":0.0,"max_hp_loss":0.0,"gold_gain":0.0,"event_name":"Mushrooms","player_choice":"Fought Mushrooms","floor":7.0,"gold_loss":0.0,"damage_taken":0.0},{"cards_removed":["Strike_P"],"damage_healed":0.0,"max_hp_gain":0.0,"max_hp_loss":0.0,"gold_gain":0.0,"event_name":"Living Wall","player_choice":"Forget","floor":12.0,"gold_loss":0.0,"damage_taken":0.0}],"is_beta":false,"boss_relics":[{"not_picked":["Velvet Choker","Replay:Drink Me"],"picked":"Painkiller Herb"}],"items_purged_floors":[11,21],"is_endless":false,"potions_floor_spawned":[1,2,14,16,18,19],"killed_by":"Book of Stabbing","ascension_level":0}}