{"host":"tnhjz9cb8p0320p2","time":1609456233,"event":{"mods":["BaseMod","Better Third Choice","Downfall","Hermit","Marisa????????","Minty Spire (QoL Compilation)","Relic Stats","Replay The Spire","Shade Mod","StSLib","The Construct","The Cursed","The Jungle","The Runesmith"],"gold_per_floor":[109,34,53,23,41,71,81,81,81,81,97,124,124,38,38,128,128,151,35,145,163,178,178,178],"floor_reached":23,"playtime":1332,"items_purged":["Strike_G"],"score":402,"play_id":"d94a4bf4-3969-4b21-88fb-6e3ed0300b49","local_time":"20201231171033","is_ascension_mode":true,"campfire_choices":[{"floor":8,"key":"REST"},{"data":"Crippling Poison","floor":10,"key":"SMITH"},{"floor":15,"key":"REST"}],"circlet_count":0,"master_deck":["AscendersBane","Strike_G","Strike_G","Strike_G","Strike_G","Defend_G","Defend_G","Defend_G","Defend_G","Defend_G","Survivor","Neutralize","CurseOfTheBell","Noxious Fumes","Crippling Poison+1","Dagger Throw","Die Die Die","Sneak Up","After Image","Well Laid Plans","ReplayTheSpireMod:Necrosis","Backflip","Blur","PiercingWail+1","Replay:Hysterical Blindness","Distraction","Replay:Poison Smokescreen","Tools of the Trade"],"relics":["Calling Bell","ReplayTheSpireMod:TigerMarble","Ornamental Fan","Pocketwatch","Quantum Egg","TungstenRod","Prayer Wheel","Golden Idol","Cursed Key"],"acts_visited":["Exordium","Exordium"],"potions_floor_usage":[6,6,12,12,12,16,22],"damage_taken":[{"damage":7,"enemies":"Cultist","floor":1,"turns":5},{"damage":1,"enemies":"2 Louse","floor":3,"turns":3},{"damage":9,"enemies":"Jaw Worm","floor":5,"turns":4},{"damage":15,"enemies":"Lagavulin","floor":6,"turns":7},{"damage":7,"enemies":"Large Slime","floor":7,"turns":3},{"damage":10,"enemies":"Red Slaver","floor":11,"turns":5},{"damage":34,"enemies":"Gremlin Nob","floor":12,"turns":5},{"damage":34,"enemies":"Fading Forest","floor":16,"turns":13},{"damage":13,"enemies":"theJungle:MUSHROOMGANG","floor":18,"turns":4},{"damage":1,"enemies":"theJungle:Flameango_and_Byrd","floor":21,"turns":7},{"damage":5,"enemies":"theJungle:2_Flameangoes","floor":22,"turns":7},{"damage":37,"enemies":"theJungle:MamaSnecko","floor":23,"turns":4}],"seed_played":"1795755231016661284","potions_obtained":[{"floor":4,"key":"EssenceOfSteel"},{"floor":4,"key":"Regen Potion"},{"floor":7,"key":"BlessingOfTheForge"},{"floor":11,"key":"SpeedPotion"},{"floor":12,"key":"SkillPotion"},{"floor":16,"key":"SteroidPotion"},{"floor":18,"key":"sneckomod:MuddlingPotion"}],"is_trial":false,"path_per_floor":["M","$","M","?","M","E","M","R","T","R","M","E","?","$","R","B",null,"M","$","?","M","M","E"],"character_chosen":"THE_SILENT","items_purchased":["Crippling Poison","Well Laid Plans","PiercingWail+1"],"campfire_rested":2,"item_purchase_floors":[2,14,19],"current_hp_per_floor":[52,52,51,51,42,41,34,53,53,53,43,9,9,9,27,28,52,39,39,39,38,33,0,0],"gold":178,"neow_bonus":"BOSS_RELIC","is_daily":false,"chose_seed":false,"campfire_upgraded":1,"win_rate":0.0,"timestamp":1609456233,"path_taken":["M","$","?","?","M","E","M","R","T","R","?","E","?","$","R","BOSS","M","$","?","M","M","E"],"items_purchased_type":["Card","Card","Card"],"build_version":"2020-12-22","purchased_purges":1,"victory":false,"max_hp_per_floor":[66,66,66,66,66,66,66,66,66,66,66,66,60,60,60,60,60,60,60,60,60,60,60,60],"relic_stats":{"counters":[12,67],"Ornamental Fan":[68],"Golden Idol":52,"Prayer Wheel":3,"Cursed Key":0,"obtain_stats":[{"Calling Bell":0,"Ornamental Fan":0,"Golden Idol":13,"Quantum Egg":6,"Prayer Wheel":12,"ReplayTheSpireMod:TigerMarble":0,"Cursed Key":17,"TungstenRod":9,"Ring of the Snake":0,"Pocketwatch":0},{"Calling Bell":0,"Ornamental Fan":0,"Golden Idol":7,"Quantum Egg":4,"Prayer Wheel":7,"ReplayTheSpireMod:TigerMarble":0,"Cursed Key":8,"TungstenRod":5,"Ring of the Snake":0,"Pocketwatch":0},{"Calling Bell":0,"Ornamental Fan":0,"Golden Idol":32,"Quantum Egg":19,"Prayer Wheel":32,"ReplayTheSpireMod:TigerMarble":0,"Cursed Key":45,"TungstenRod":22,"Ring of the Snake":0,"Pocketwatch":0}],"TungstenRod":21,"Pocketwatch":[80]},"card_choices":[{"not_picked":["Heel Hook","Deflect"],"picked":"Noxious Fumes","floor":1},{"not_picked":["Toxin Wave","Underhanded Strike"],"picked":"Dagger Throw","floor":3},{"not_picked":["Hidden Blade","Dodge and Roll","Quick Slash"],"picked":"SKIP","floor":5},{"not_picked":["Slice","ReplayTheSpireMod:Speed Training"],"picked":"Die Die Die","floor":6},{"not_picked":["Hidden Blade","Cloak And Dagger","Blade Dance"],"picked":"SKIP","floor":7},{"not_picked":["Tactician","Deflect"],"picked":"Sneak Up","floor":11},{"not_picked":["Endless Agony","Poisoned Stab"],"picked":"After Image","floor":12},{"not_picked":["A Thousand Cuts","Storm of Steel"],"picked":"ReplayTheSpireMod:Necrosis","floor":16},{"not_picked":["Deflect","Hidden Blade"],"picked":"Backflip","floor":18},{"not_picked":["Underhanded Strike","Backflip+1"],"picked":"Blur","floor":18},{"not_picked":["Hidden Blade","Quick Slash"],"picked":"Distraction","floor":20},{"not_picked":["Deadly Poison","Underhanded Strike"],"picked":"Replay:Poison Smokescreen","floor":20},{"not_picked":["ReplayTheSpireMod:Tripwire","Dagger Spray"],"picked":"Tools of the Trade","floor":20},{"not_picked":["Endless Agony","Underhanded Strike","Sucker Punch"],"picked":"SKIP","floor":21},{"not_picked":["ReplayTheSpireMod:Exploit Weakness","Underhanded Strike","Blade Dance+1"],"picked":"SKIP","floor":21},{"not_picked":["Hidden Blade","Slice","ReplayTheSpireMod:Exploit Weakness"],"picked":"SKIP","floor":22},{"not_picked":["Expertise","Deflect","Sucker Punch"],"picked":"SKIP","floor":22}],"player_experience":2065601,"relics_obtained":[{"floor":0,"key":"ReplayTheSpireMod:TigerMarble"},{"floor":0,"key":"Ornamental Fan"},{"floor":0,"key":"Pocketwatch"},{"floor":6,"key":"Quantum Egg"},{"floor":9,"key":"TungstenRod"},{"floor":12,"key":"Prayer Wheel"}],"event_choices":[{"damage_healed":0,"gold_gain":0,"player_choice":"Bought 2 Potions","damage_taken":0,"max_hp_gain":0,"max_hp_loss":0,"event_name":"The Woman in Blue","floor":4,"gold_loss":0},{"damage_healed":0,"gold_gain":0,"player_choice":"Lose Max HP","damage_taken":0,"relics_obtained":["Golden Idol"],"max_hp_gain":0,"max_hp_loss":6,"event_name":"Golden Idol","floor":13,"gold_loss":0}],"is_beta":false,"boss_relics":[{"not_picked":["Sozu","Replay:Drink Me"],"picked":"Cursed Key"}],"items_purged_floors":[19],"is_endless":false,"potions_floor_spawned":[7,11,12,16,18],"killed_by":"theJungle:MamaSnecko","ascension_level":20}}