{"host":"r0egjz7yisbmym81","time":1609396152,"event":{"mods":["Act Like it!","BaseMod","Downfall","Minty Spire (QoL Compilation)","Quick Restart","Relic Stats","Spicy Shops","StSLib"],"gold_per_floor":[99,99,99,99,199,154,154,188,188,188],"floor_reached":8,"playtime":249,"items_purged":[],"score":50,"play_id":"09001b0a-758d-4a12-805d-ec46ca1a754b","local_time":"20201231142912","is_ascension_mode":false,"campfire_choices":[{"floor":1,"key":"RECALL"}],"circlet_count":0,"master_deck":["champ:Strike","champ:Strike","champ:Strike","champ:Strike","champ:Defend","champ:Defend","champ:Defend","champ:Defend","champ:Execute","champ:Taunt","champ:GladiatorsShout","champ:ViciousMockery","champ:GladiatorStyle","champ:Duel","champ:FocusedDefense"],"relics":["champ:ChampionCrown","downfall:HeartsMalice","Shuriken"],"acts_visited":["Exordium"],"potions_floor_usage":[],"damage_taken":[{"damage":0,"enemies":"Small Slimes","floor":2,"turns":1},{"damage":0,"enemies":"2 Louse","floor":3,"turns":1},{"damage":0,"enemies":"downfall:FleeingMerchant","floor":6,"turns":1},{"damage":33,"enemies":"Gremlin Nob","floor":8,"turns":5}],"seed_played":"-8101611607288921092","potions_obtained":[],"is_trial":false,"path_per_floor":["R","M","M","?","?","$","T","E"],"character_chosen":"THE_CHAMP","items_purchased":["champ:Duel"],"campfire_rested":0,"item_purchase_floors":[6],"current_hp_per_floor":[90,90,90,100,100,100,100,77,77,77],"gold":188,"neow_bonus":"THREE_ENEMY_KILL","is_daily":false,"chose_seed":false,"campfire_upgraded":0,"win_rate":0.0,"timestamp":1609396152,"path_taken":["R","M","M","?","?","$","T","E"],"items_purchased_type":["Card"],"build_version":"2020-12-22","purchased_purges":0,"victory":false,"max_hp_per_floor":[90,90,90,100,100,100,100,100,100,100],"relic_stats":{"counters":[4,5],"Shuriken":[0],"obtain_stats":[{"Shuriken":8,"champ:ChampionCrown":0,"downfall:HeartsMalice":0},{"Shuriken":4,"champ:ChampionCrown":0,"downfall:HeartsMalice":0},{"Shuriken":5,"champ:ChampionCrown":0,"downfall:HeartsMalice":0}]},"card_choices":[{"not_picked":["champ:FocusedDefense","champ:FanOfKnives"],"picked":"champ:GladiatorsShout","floor":2},{"not_picked":["champ:PerfectedStrike","champ:ShieldWall"],"picked":"champ:ViciousMockery","floor":3},{"not_picked":["champ:PerfectedStrike","champ:Haymaker"],"picked":"champ:GladiatorStyle","floor":6},{"not_picked":["champ:GladiatorsShout","champ:AdrenalArmor"],"picked":"champ:FocusedDefense","floor":8}],"player_experience":21894,"relics_obtained":[{"floor":8,"key":"Shuriken"}],"event_choices":[],"is_beta":false,"boss_relics":[],"items_purged_floors":[],"is_endless":false,"potions_floor_spawned":[],"killed_by":"Gremlin Nob","ascension_level":0}}