{"host":"3a1ypf1irl30q4k8","time":1609420704,"event":{"mods":["AchievementEnabler","BaseMod","Bestiary","Colored Map","Minty Spire (QoL Compilation)","Relic Stats"],"gold_per_floor":[112,123,123,143,21,48,73,85,97,109,167,208,295,582,594,701,713,737,158,176,176,193,193,227,241,241,241,259,286,286,38,38,139,139,151,169,18,18,18,18,48,68,68,68,83,83,83],"floor_reached":46,"playtime":2626,"items_purged":["Strike_G","Strike_G"],"score":653,"play_id":"14c6651d-4b2f-4dc8-a50a-901cfc78b4f9","local_time":"20201231131824","is_ascension_mode":true,"campfire_choices":[{"data":"Apotheosis","floor":8.0,"key":"SMITH"},{"data":"Quick Slash","floor":10.0,"key":"SMITH"},{"floor":15.0,"key":"REST"},{"data":"Corpse Explosion","floor":23.0,"key":"SMITH"},{"data":"Burst","floor":27.0,"key":"SMITH"},{"floor":32.0,"key":"REST"},{"floor":40,"key":"RECALL"},{"floor":44,"key":"REST"}],"circlet_count":0,"master_deck":["Strike_G","Strike_G","Defend_G","Defend_G","Defend_G","Defend_G","Defend_G","Survivor","Neutralize","Apotheosis+1","Dodge and Roll","Endless Agony","Dagger Throw","Quick Slash+1","Cloak And Dagger","PiercingWail","Terror","Poisoned Stab","Corpse Explosion+1","Backflip","Burst+1","Panacea","Noxious Fumes","Blur","Dagger Spray+1","PiercingWail","Flying Knee+1","Crippling Poison","RitualDagger","After Image","Bane+1","Caltrops+1","Clumsy","Bouncing Flask"],"relics":["Ring of the Snake","MawBank","Blue Candle","Omamori","StoneCalendar","Cursed Key","Pen Nib","Mercury Hourglass","PreservedInsect","Strawberry","Letter Opener","Fusion Hammer","Bottled Flame"],"acts_visited":["Exordium","TheCity","TheBeyond"],"potions_floor_usage":[42,42],"damage_taken":[{"damage":1.0,"enemies":"Jaw Worm","floor":1.0,"turns":3.0},{"damage":0.0,"enemies":"Cultist","floor":2.0,"turns":4.0},{"damage":0.0,"enemies":"Small Slimes","floor":4.0,"turns":3.0},{"damage":5.0,"enemies":"3 Sentries","floor":6.0,"turns":7.0},{"damage":17.0,"enemies":"3 Louse","floor":7.0,"turns":6.0},{"damage":10.0,"enemies":"Lagavulin","floor":12.0,"turns":5.0},{"damage":2.0,"enemies":"Slime Boss","floor":16.0,"turns":7.0},{"damage":20.0,"enemies":"2 Thieves","floor":18.0,"turns":3.0},{"damage":1.0,"enemies":"Chosen","floor":20.0,"turns":4.0},{"damage":0.0,"enemies":"Snake Plant","floor":22.0,"turns":3.0},{"damage":0.0,"enemies":"Gremlin Leader","floor":24.0,"turns":6.0},{"damage":4.0,"enemies":"Shelled Parasite and Fungi","floor":25.0,"turns":4.0},{"damage":14.0,"enemies":"Centurion and Healer","floor":28.0,"turns":5.0},{"damage":11.0,"enemies":"Slavers","floor":29.0,"turns":5.0},{"damage":14.0,"enemies":"Collector","floor":33.0,"turns":7.0},{"damage":8.0,"enemies":"3 Shapes","floor":35.0,"turns":3.0},{"damage":0,"enemies":"3 Darklings","floor":36,"turns":2},{"damage":13,"enemies":"Giant Head","floor":41,"turns":7},{"damage":20,"enemies":"Transient","floor":42,"turns":5},{"damage":22,"enemies":"Jaw Worm Horde","floor":45,"turns":2},{"damage":31,"enemies":"Reptomancer","floor":46,"turns":2}],"seed_played":"646178905373830150","potions_obtained":[{"floor":1.0,"key":"SteroidPotion"},{"floor":12.0,"key":"SpeedPotion"},{"floor":20.0,"key":"Regen Potion"},{"floor":22.0,"key":"GhostInAJar"},{"floor":24.0,"key":"SneckoOil"},{"floor":28.0,"key":"LiquidMemories"},{"floor":36,"key":"ColorlessPotion"}],"is_trial":false,"path_per_floor":["M","M","?","M","$","E","M","R","T","R","T","E","?","?","R","B",null,"M","$","M","?","M","R","E","M","T","R","M","E","?","$","R","B",null,"M","M","$","?","?","R","E","M","T","R","M","E"],"character_chosen":"THE_SILENT","items_purchased":["Quick Slash","Cloak And Dagger","AttackPotion","Burst","Panacea","Pen Nib","Noxious Fumes","Explosive Potion","Letter Opener","Explosive Potion"],"campfire_rested":3,"item_purchase_floors":[5,5,5,19,19,19,19,19,31,37],"current_hp_per_floor":[62,62,62,62,62,57,40,40,40,40,40,30,19,19,37,35,63,43,43,42,42,42,42,57,53,53,53,39,35,29,29,50,36,70,62,62,62,62,62,62,49,29,29,48,26,0,0],"gold":83,"neow_bonus":"RANDOM_COLORLESS_2","is_daily":false,"chose_seed":false,"campfire_upgraded":4,"win_rate":0.0,"timestamp":1609420704,"path_taken":["M","M","?","M","?","E","M","R","T","R","?","E","?","?","R","BOSS","M","$","M","?","M","R","E","M","T","R","M","E","?","$","R","BOSS","M","M","$","?","?","R","E","M","T","R","?","E"],"items_purchased_type":["Card","Card","Potion","Card","Card","Relic","Card","Potion","Relic","Potion"],"build_version":"2020-12-22","purchased_purges":2,"victory":false,"max_hp_per_floor":[63,63,63,63,63,63,63,63,63,63,63,63,63,63,63,63,63,63,63,63,63,63,63,63,63,63,63,63,70,70,70,70,70,70,70,70,70,66,66,66,66,66,66,66,66,66,66],"relic_stats":{"counters":[21,93],"Blue Candle":[0],"StoneCalendar":[167],"Pen Nib":[10],"PreservedInsect":223,"Letter Opener":[148],"MawBank":156,"Cursed Key":2,"obtain_stats":[{"Blue Candle":9,"StoneCalendar":12,"Pen Nib":19,"PreservedInsect":26,"Omamori":11,"Letter Opener":31,"MawBank":6,"Cursed Key":17,"Mercury Hourglass":24,"Bottled Flame":41,"Strawberry":29,"Fusion Hammer":34,"Ring of the Snake":0},{"Blue Candle":5,"StoneCalendar":6,"Pen Nib":8,"PreservedInsect":12,"Omamori":5,"Letter Opener":14,"MawBank":4,"Cursed Key":7,"Mercury Hourglass":11,"Bottled Flame":18,"Strawberry":14,"Fusion Hammer":15,"Ring of the Snake":0},{"Blue Candle":23,"StoneCalendar":28,"Pen Nib":38,"PreservedInsect":55,"Omamori":23,"Letter Opener":65,"MawBank":17,"Cursed Key":35,"Mercury Hourglass":51,"Bottled Flame":84,"Strawberry":65,"Fusion Hammer":72,"Ring of the Snake":0}],"Ring of the Snake":[43],"Mercury Hourglass":[189]},"card_choices":[{"not_picked":["Thinking Ahead","Secret Technique"],"picked":"Apotheosis","floor":0.0},{"not_picked":["Bane","Prepared"],"picked":"Dodge and Roll","floor":1.0},{"not_picked":["Flechettes","Slice"],"picked":"Endless Agony","floor":2.0},{"not_picked":["PiercingWail","Heel Hook"],"picked":"Dagger Throw","floor":4.0},{"not_picked":["Dodge and Roll","Unload"],"picked":"PiercingWail","floor":6.0},{"not_picked":["Endless Agony","Outmaneuver"],"picked":"Terror","floor":7.0},{"not_picked":["Infinite Blades","Sucker Punch"],"picked":"Poisoned Stab","floor":12.0},{"not_picked":["Venomology","Glass Knife"],"picked":"Corpse Explosion","floor":16.0},{"not_picked":["Eviscerate","Tactician"],"picked":"Backflip","floor":18.0},{"not_picked":["Sucker Punch","Concentrate"],"picked":"Blur","floor":20.0},{"not_picked":["Slice","Underhanded Strike+1"],"picked":"Dagger Spray+1","floor":22.0},{"not_picked":["Dodge and Roll","Heel Hook"],"picked":"PiercingWail","floor":24.0},{"not_picked":["Predator","Blade Dance"],"picked":"Flying Knee+1","floor":25.0},{"not_picked":["Underhanded Strike","Caltrops"],"picked":"Crippling Poison","floor":28.0},{"not_picked":["Envenom","Skewer","Endless Agony"],"picked":"SKIP","floor":29.0},{"not_picked":["Corpse Explosion","Tools of the Trade"],"picked":"After Image","floor":33.0},{"not_picked":["Deflect","Expertise+1"],"picked":"Bane+1","floor":35},{"not_picked":["Eviscerate","Masterful Stab+1"],"picked":"Caltrops+1","floor":36},{"not_picked":["Deflect+1","Masterful Stab","Slice"],"picked":"SKIP","floor":41},{"not_picked":["Flying Knee+1","Outmaneuver","Concentrate"],"picked":"SKIP","floor":42},{"not_picked":["Expertise","Poisoned Stab"],"picked":"Bouncing Flask","floor":45}],"player_experience":917510,"relics_obtained":[{"floor":6.0,"key":"MawBank"},{"floor":9.0,"key":"Blue Candle"},{"floor":11.0,"key":"Omamori"},{"floor":12.0,"key":"StoneCalendar"},{"floor":24.0,"key":"Mercury Hourglass"},{"floor":26.0,"key":"PreservedInsect"},{"floor":29.0,"key":"Strawberry"},{"floor":41,"key":"Bottled Flame"}],"event_choices":[{"damage_healed":0.0,"max_hp_gain":0.0,"max_hp_loss":0.0,"gold_gain":0.0,"event_name":"NoteForYourself","player_choice":"Ignored","floor":3.0,"gold_loss":0.0,"damage_taken":0.0},{"damage_healed":0.0,"max_hp_gain":0.0,"max_hp_loss":0.0,"gold_gain":75.0,"event_name":"World of Goop","player_choice":"Gather Gold","floor":13.0,"gold_loss":0.0,"damage_taken":11.0},{"damage_healed":0.0,"max_hp_gain":0.0,"max_hp_loss":0.0,"gold_gain":275.0,"event_name":"Golden Shrine","player_choice":"Desecrate","floor":14.0,"gold_loss":0.0,"damage_taken":0.0,"cards_obtained":["Regret"]},{"cards_removed":["Strike_G"],"damage_healed":0.0,"max_hp_gain":0.0,"max_hp_loss":0.0,"gold_gain":0.0,"event_name":"Back to Basics","player_choice":"Elegance","floor":21.0,"gold_loss":0.0,"damage_taken":0.0},{"damage_healed":0.0,"max_hp_gain":0.0,"max_hp_loss":0.0,"gold_gain":0.0,"event_name":"Nest","player_choice":"Joined the Cult","floor":30.0,"gold_loss":0.0,"damage_taken":6.0,"cards_obtained":["RitualDagger"]},{"damage_healed":0,"gold_gain":0,"player_choice":"Max HP","damage_taken":0,"max_hp_gain":0,"max_hp_loss":4,"event_name":"Winding Halls","floor":38,"gold_loss":0},{"damage_healed":0,"gold_gain":0,"player_choice":"Ignored","damage_taken":0,"max_hp_gain":0,"max_hp_loss":0,"event_name":"SecretPortal","floor":39,"gold_loss":0}],"is_beta":false,"boss_relics":[{"not_picked":["Ring of the Serpent","Runic Dome"],"picked":"Cursed Key"},{"not_picked":["Snecko Eye","WristBlade"],"picked":"Fusion Hammer"}],"items_purged_floors":[19,37],"is_endless":false,"potions_floor_spawned":[1,12,20,22,24,28,36],"killed_by":"Reptomancer","ascension_level":3}}