{"host":"ufl0k2so27eic2iy","time":1609420883,"event":{"mods":["BaseMod","Minty Spire (QoL Compilation)","StSLib","The Animator"],"gold_per_floor":[119,119,133,57,68,68,98,98,124,124,135,163,163,163,163,238,238,249,259,259,106,118,118,137,164,164,164,192,192,192,221,221,294,294,308,20,61,72,72,72,102,102,102,152,177,213,213,267,267,267,267,267,48,83,83,83],"floor_reached":55,"playtime":2833,"items_purged":["Strike_P","Defend_P"],"score":1371,"play_id":"6051cb22-fef8-4a50-80a2-72d91f830cf4","local_time":"20201231132123","is_ascension_mode":true,"campfire_choices":[{"data":"Eruption","floor":6.0,"key":"SMITH"},{"data":"Conclude","floor":8.0,"key":"SMITH"},{"data":"FollowUp","floor":13.0,"key":"SMITH"},{"data":"Vigilance","floor":15.0,"key":"SMITH"},{"floor":23.0,"key":"REST"},{"data":"LessonLearned","floor":29,"key":"SMITH"},{"data":"ThirdEye","floor":32,"key":"SMITH"},{"floor":40,"key":"REST"},{"floor":42,"key":"RECALL"},{"floor":47,"key":"REST"},{"floor":49,"key":"REST"},{"floor":52,"key":"REST"}],"circlet_count":0,"master_deck":["AscendersBane","Defend_P+1","Defend_P+1","Eruption+1","Vigilance+1","Sanctity+1","Perseverance+1","CutThroughFate+1","BattleHymn+1","Consecrate+1","Conclude+1","FollowUp+1","ThirdEye+1","LessonLearned+1","CarveReality+1","DeceiveReality+1","Protect+1","Crescendo+1","EmptyBody+1","Vengeance+1","Halt","SpiritShield+1","EmptyBody+1","Wish","TalkToTheHand+1","MentalFortress+1","Wallop+1","Tantrum+1","Protect","InnerPeace","LikeWater+1","Adaptation+1"],"relics":["PureWater","PreservedInsect","Bronze Scales","FaceOfCleric","Omamori","Astrolabe","Oddly Smooth Stone","Frozen Egg 2","Singing Bowl","StrikeDummy","Akabeko","Fusion Hammer","Juzu Bracelet","Gambling Chip","Yang","Whetstone","Pantograph"],"acts_visited":["Exordium","TheCity","TheBeyond","TheEnding"],"potions_floor_usage":[28,33,33,46,55,55],"damage_taken":[{"damage":4.0,"enemies":"Jaw Worm","floor":1.0,"turns":9.0},{"damage":0.0,"enemies":"Cultist","floor":3.0,"turns":3.0},{"damage":0.0,"enemies":"2 Louse","floor":5.0,"turns":5.0},{"damage":12.0,"enemies":"3 Sentries","floor":7.0,"turns":9.0},{"damage":6.0,"enemies":"Lots of Slimes","floor":11.0,"turns":2.0},{"damage":24.0,"enemies":"Gremlin Nob","floor":12.0,"turns":4.0},{"damage":9.0,"enemies":"Hexaghost","floor":16.0,"turns":9.0},{"damage":5.0,"enemies":"Shell Parasite","floor":18.0,"turns":5.0},{"damage":19.0,"enemies":"2 Thieves","floor":19.0,"turns":3.0},{"damage":0.0,"enemies":"Snake Plant","floor":22.0,"turns":5.0},{"damage":1.0,"enemies":"Cultist and Chosen","floor":24.0,"turns":6.0},{"damage":7.0,"enemies":"Book of Stabbing","floor":25.0,"turns":6.0},{"damage":3,"enemies":"Gremlin Leader","floor":28,"turns":5},{"damage":9,"enemies":"Slavers","floor":31,"turns":3},{"damage":42,"enemies":"Champ","floor":33,"turns":15},{"damage":0,"enemies":"3 Darklings","floor":35,"turns":4},{"damage":5,"enemies":"3 Shapes","floor":37,"turns":8},{"damage":28,"enemies":"Spire Growth","floor":38,"turns":5},{"damage":7,"enemies":"Reptomancer","floor":41,"turns":7},{"damage":10,"enemies":"Mind Bloom Boss Battle","floor":44,"turns":8},{"damage":2,"enemies":"Nemesis","floor":45,"turns":7},{"damage":0,"enemies":"Jaw Worm Horde","floor":46,"turns":2},{"damage":28,"enemies":"Giant Head","floor":48,"turns":7},{"damage":98,"enemies":"Donu and Deca","floor":50,"turns":14},{"damage":31,"enemies":"Shield and Spear","floor":54,"turns":6},{"damage":101,"enemies":"The Heart","floor":55,"turns":5}],"seed_played":"8686452427144742913","potions_obtained":[{"floor":1.0,"key":"AttackPotion"},{"floor":2.0,"key":"Regen Potion"},{"floor":7.0,"key":"BottledMiracle"},{"floor":22.0,"key":"SpeedPotion"},{"floor":24.0,"key":"SkillPotion"},{"floor":28,"key":"AttackPotion"},{"floor":31,"key":"ColorlessPotion"},{"floor":33,"key":"SteroidPotion"},{"floor":41,"key":"LiquidBronze"},{"floor":44,"key":"BlessingOfTheForge"},{"floor":45,"key":"DistilledChaos"},{"floor":46,"key":"SkillPotion"},{"floor":48,"key":"StancePotion"},{"floor":54,"key":"Weak Potion"}],"is_trial":false,"path_per_floor":["M","?","M","$","M","R","E","R","T","?","M","E","R","?","R","B",null,"M","M","?","$","M","R","M","E","T","?","E","R","?","E","R","B",null,"M","$","M","M","?","R","E","R","T","?","E","M","R","E","R","B",null,"R","$","E","B"],"character_chosen":"WATCHER","items_purchased":["BattleHymn","Vengeance","TalkToTheHand","MentalFortress+1","Wallop","LikeWater+1","Whetstone"],"campfire_rested":5,"item_purchase_floors":[4,21,36,36,36,53,53],"current_hp_per_floor":[57,57,57,57,57,57,60,60,60,60,55,32,32,32,32,24,59,55,37,37,37,38,60,60,54,54,54,52,52,52,46,46,5,62,65,65,63,36,54,80,76,76,76,67,68,69,96,71,99,2,76,100,100,70,0,0],"gold":83,"neow_bonus":"THREE_CARDS","is_daily":false,"chose_seed":false,"campfire_upgraded":6,"win_rate":0.0,"timestamp":1609420883,"path_taken":["M","?","?","$","M","R","E","R","T","?","?","E","R","?","R","BOSS","M","?","?","$","M","R","?","E","T","?","E","R","?","E","R","BOSS","M","$","M","M","?","R","E","R","T","?","E","M","R","E","R","BOSS","R","$","E","BOSS"],"items_purchased_type":["Card","Card","Card","Card","Card","Card","Relic"],"build_version":"2020-12-22","purchased_purges":2,"victory":false,"max_hp_per_floor":[68,68,68,68,68,68,68,68,68,68,69,70,70,70,70,71,71,72,73,73,73,74,74,75,76,76,76,77,77,77,80,80,81,81,84,84,87,88,88,88,91,91,91,92,95,96,96,99,99,100,100,100,100,101,101,101],"card_choices":[{"not_picked":["Collect","Prostrate"],"picked":"Sanctity","floor":0.0},{"not_picked":["EmptyMind","Sanctity"],"picked":"Perseverance","floor":1.0},{"not_picked":["Prostrate","PathToVictory"],"picked":"CutThroughFate","floor":3.0},{"not_picked":["Crescendo","EmptyMind"],"picked":"Consecrate","floor":5.0},{"not_picked":["ClearTheMind","FlurryOfBlows"],"picked":"Conclude","floor":7.0},{"not_picked":["Sanctity","Omniscience"],"picked":"FollowUp","floor":11.0},{"not_picked":["Pray","Prostrate"],"picked":"ThirdEye","floor":12.0},{"not_picked":["SpiritShield","Ragnarok"],"picked":"LessonLearned","floor":16.0},{"not_picked":["WreathOfFlame","SashWhip"],"picked":"Crescendo+1","floor":18.0},{"not_picked":["Pray","FlurryOfBlows"],"picked":"EmptyBody","floor":19.0},{"not_picked":["Consecrate","Halt","CrushJoints"],"picked":"SKIP","floor":22.0},{"not_picked":["Fasting2","FollowUp"],"picked":"Halt","floor":24.0},{"not_picked":["JustLucky+1","SashWhip"],"picked":"SpiritShield","floor":25.0},{"not_picked":["Wallop","SashWhip"],"picked":"EmptyBody+1","floor":28},{"not_picked":["Halt","FlyingSleeves","BowlingBash"],"picked":"Singing Bowl","floor":31},{"not_picked":["Ragnarok","DeusExMachina"],"picked":"Wish","floor":33},{"not_picked":["PathToVictory","Sanctity","ThirdEye"],"picked":"Singing Bowl","floor":35},{"not_picked":["Conclude","ClearTheMind+1","ThirdEye+1"],"picked":"Singing Bowl","floor":37},{"not_picked":["Crescendo","MentalFortress+1"],"picked":"Tantrum","floor":38},{"not_picked":["WreathOfFlame","FollowUp","Consecrate"],"picked":"Singing Bowl","floor":41},{"not_picked":["CrushJoints","Consecrate+1"],"picked":"Protect","floor":44},{"not_picked":["LikeWater+1","PathToVictory","ClearTheMind"],"picked":"Singing Bowl","floor":45},{"not_picked":["Conclude","FollowUp"],"picked":"InnerPeace","floor":46},{"not_picked":["Evaluate","ReachHeaven","CarveReality"],"picked":"Singing Bowl","floor":48},{"not_picked":["Brilliance","PathToVictory"],"picked":"Adaptation+1","floor":54}],"player_experience":2393683,"relics_obtained":[{"floor":7.0,"key":"PreservedInsect"},{"floor":9.0,"key":"Bronze Scales"},{"floor":12.0,"key":"Omamori"},{"floor":25.0,"key":"Oddly Smooth Stone"},{"floor":26.0,"key":"Frozen Egg 2"},{"floor":28,"key":"StrikeDummy"},{"floor":31,"key":"Akabeko"},{"floor":41,"key":"Juzu Bracelet"},{"floor":44,"key":"Gambling Chip"},{"floor":48,"key":"Yang"},{"floor":54,"key":"Pantograph"}],"event_choices":[{"damage_healed":0.0,"max_hp_gain":0.0,"max_hp_loss":0.0,"gold_gain":0.0,"event_name":"Lab","player_choice":"Got Potions","floor":2.0,"gold_loss":0.0,"damage_taken":0.0},{"damage_healed":0.0,"max_hp_gain":0.0,"max_hp_loss":0.0,"gold_gain":0.0,"event_name":"FaceTrader","player_choice":"Trade","floor":10.0,"gold_loss":0.0,"damage_taken":0.0,"relics_obtained":["FaceOfCleric"]},{"damage_healed":0.0,"max_hp_gain":0.0,"max_hp_loss":0.0,"gold_gain":0.0,"event_name":"Accursed Blacksmith","player_choice":"Forge","floor":14.0,"gold_loss":0.0,"damage_taken":0.0,"cards_upgraded":["Perseverance"]},{"damage_healed":0.0,"max_hp_gain":0.0,"max_hp_loss":0.0,"gold_gain":0.0,"event_name":"N\u0027loth","player_choice":"Ignored","floor":20.0,"gold_loss":0.0,"damage_taken":0.0},{"damage_healed":0,"gold_gain":0,"player_choice":"Opened","damage_taken":0,"relics_obtained":["Singing Bowl"],"max_hp_gain":0,"max_hp_loss":0,"event_name":"The Mausoleum","floor":27,"gold_loss":0,"cards_obtained":["Writhe"]},{"cards_removed":["Defend_P"],"damage_healed":0,"gold_gain":0,"player_choice":"Purged","damage_taken":0,"max_hp_gain":0,"max_hp_loss":0,"event_name":"Purifier","floor":30,"gold_loss":0},{"damage_healed":18,"gold_gain":0,"player_choice":"Writhe","damage_taken":0,"max_hp_gain":0,"max_hp_loss":0,"event_name":"Winding Halls","floor":39,"gold_loss":0,"cards_obtained":["Writhe"]},{"damage_healed":0,"gold_gain":0,"player_choice":"Fight","damage_taken":0,"max_hp_gain":0,"max_hp_loss":0,"event_name":"MindBloom","floor":44,"gold_loss":0}],"is_beta":false,"boss_relics":[{"not_picked":["SacredBark","Black Star"],"picked":"Astrolabe"},{"not_picked":["Coffee Dripper","HolyWater"],"picked":"Fusion Hammer"}],"items_purged_floors":[21,36],"is_endless":false,"potions_floor_spawned":[1,3,7,11,22,24,28,31,33,41,44,45,46,48,54],"killed_by":"The Heart","ascension_level":15}}