{"host":"3jpcvpprzj9sjffh","time":1609458474,"event":{"mods":["AchievementEnabler","BaseMod","Colored Map","Minty Spire (QoL Compilation)","Rare Cards Sparkle","SuperFastMode","everything is the same but u backflip on backflip"],"gold_per_floor":[109,109,34,34,34,34,57,57,57,57,77,95,110,10,10,136,136,161,175,21,35,48,62,62,62,62,62,76,100,100,100],"floor_reached":30,"playtime":1190,"items_purged":["Defend_P","Strike_P"],"score":224,"play_id":"32f4d5d1-87a3-4b58-a2aa-0d185b51f1fc","local_time":"20210101084754","is_ascension_mode":false,"campfire_choices":[{"floor":6,"key":"REST"},{"data":"Eruption","floor":8,"key":"SMITH"},{"floor":10,"key":"REST"},{"floor":15,"key":"RECALL"},{"floor":25,"key":"REST"}],"circlet_count":0,"master_deck":["Strike_P","Strike_P","Strike_P","Defend_P","Defend_P","Eruption+1","Vigilance","CarveReality","ClearTheMind","FlurryOfBlows","Evaluate","BowlingBash","FollowUp","FearNoEvil+1","Necronomicurse","Crescendo+1"],"relics":["PureWater","Dream Catcher","Golden Idol","Thread and Needle","Sozu","Lantern","Necronomicon","Darkstone Periapt"],"acts_visited":["Exordium","TheCity"],"potions_floor_usage":[16],"damage_taken":[{"damage":7,"enemies":"Jaw Worm","floor":1,"turns":5},{"damage":12,"enemies":"Small Slimes","floor":7,"turns":3},{"damage":0,"enemies":"2 Louse","floor":11,"turns":1},{"damage":0,"enemies":"Gremlin Gang","floor":12,"turns":3},{"damage":0,"enemies":"Exordium Wildlife","floor":13,"turns":3},{"damage":56,"enemies":"The Guardian","floor":16,"turns":9},{"damage":0,"enemies":"Shell Parasite","floor":18,"turns":3},{"damage":9,"enemies":"3 Byrds","floor":19,"turns":4},{"damage":25,"enemies":"Snecko","floor":21,"turns":6},{"damage":0,"enemies":"Cultist and Chosen","floor":22,"turns":3},{"damage":1,"enemies":"Chosen and Byrds","floor":23,"turns":4},{"damage":24,"enemies":"Centurion and Healer","floor":28,"turns":5},{"damage":13,"enemies":"Sentry and Sphere","floor":29,"turns":4},{"damage":8,"enemies":"Slavers","floor":30,"turns":1}],"seed_played":"-6886968664396419246","potions_obtained":[{"floor":1,"key":"Regen Potion"},{"floor":12,"key":"BottledMiracle"}],"is_trial":false,"path_per_floor":["M","?","$","?","?","R","M","R","T","R","M","M","M","$","R","B",null,"M","M","$","M","M","M","?","R","T","?","M","M","E"],"character_chosen":"WATCHER","items_purchased":["Lantern"],"campfire_rested":3,"item_purchase_floors":[20],"current_hp_per_floor":[65,58,58,40,40,61,49,49,49,70,70,70,70,70,70,29,72,72,63,63,38,38,37,21,42,42,42,18,5,0,0],"gold":100,"neow_bonus":"RANDOM_COMMON_RELIC","is_daily":false,"chose_seed":false,"campfire_upgraded":1,"win_rate":0.0,"timestamp":1609458474,"path_taken":["M","?","$","?","?","R","M","R","T","R","M","M","M","$","R","BOSS","M","M","$","?","M","M","?","R","T","?","?","M","E"],"items_purchased_type":["Relic"],"build_version":"2020-12-22","purchased_purges":2,"victory":false,"max_hp_per_floor":[72,72,72,72,72,72,72,72,72,72,72,72,72,72,72,72,72,72,72,72,72,72,72,72,72,72,72,72,72,72,72],"card_choices":[{"not_picked":["Indignation","CrushJoints"],"picked":"EmptyBody","floor":1},{"not_picked":["Crescendo","SignatureMove"],"picked":"ClearTheMind","floor":6},{"not_picked":["PathToVictory","CutThroughFate"],"picked":"FlurryOfBlows","floor":7},{"not_picked":["Study","WreathOfFlame","FlurryOfBlows"],"picked":"SKIP","floor":11},{"not_picked":["ClearTheMind","SashWhip"],"picked":"CutThroughFate","floor":12},{"not_picked":["Crescendo","WreathOfFlame"],"picked":"Evaluate","floor":13},{"not_picked":["Crescendo","Wireheading","EmptyBody"],"picked":"SKIP","floor":18},{"not_picked":["JustLucky","SashWhip"],"picked":"BowlingBash","floor":19},{"not_picked":["Protect","CutThroughFate"],"picked":"FollowUp","floor":21},{"not_picked":["CrushJoints","JustLucky"],"picked":"FearNoEvil+1","floor":22},{"not_picked":["JustLucky+1","CarveReality+1","FlyingSleeves"],"picked":"SKIP","floor":23},{"not_picked":["Protect","CutThroughFate+1"],"picked":"Crescendo+1","floor":25},{"not_picked":["FollowUp+1","EmptyFist","Vault"],"picked":"SKIP","floor":28},{"not_picked":["CarveReality","SashWhip+1","Evaluate"],"picked":"SKIP","floor":29}],"player_experience":280577,"relics_obtained":[{"floor":9,"key":"Thread and Needle"},{"floor":24,"key":"Necronomicon"}],"event_choices":[{"cards_removed":["Defend_P"],"damage_healed":0,"gold_gain":0,"player_choice":"Card Removal","damage_taken":7,"max_hp_gain":0,"max_hp_loss":0,"event_name":"Golden Wing","floor":2,"gold_loss":0},{"damage_healed":0,"gold_gain":0,"player_choice":"Take Damage","damage_taken":18,"relics_obtained":["Golden Idol"],"max_hp_gain":0,"max_hp_loss":0,"event_name":"Golden Idol","floor":4,"gold_loss":0},{"damage_healed":0,"gold_gain":0,"cards_transformed":["EmptyBody"],"player_choice":"Transformed","damage_taken":0,"max_hp_gain":0,"max_hp_loss":0,"event_name":"Transmorgrifier","floor":5,"gold_loss":0,"cards_obtained":["CarveReality"]},{"damage_healed":0,"gold_gain":0,"player_choice":"Obtained Book","damage_taken":16,"max_hp_gain":0,"max_hp_loss":0,"event_name":"Cursed Tome","floor":24,"gold_loss":0},{"cards_removed":["CutThroughFate"],"damage_healed":0,"gold_gain":0,"player_choice":"Gave Card","damage_taken":0,"relics_obtained":["Darkstone Periapt"],"max_hp_gain":0,"max_hp_loss":0,"event_name":"WeMeetAgain","floor":27,"gold_loss":0}],"is_beta":false,"boss_relics":[{"not_picked":["Velvet Choker","Runic Dome"],"picked":"Sozu"}],"items_purged_floors":[3,14],"is_endless":false,"potions_floor_spawned":[1,12,21,22,28,29],"killed_by":"Slavers","ascension_level":0}}