{"host":"mttmnrdvbvzz8cuy","time":1609422792,"event":{"mods":["BaseMod","Bestiary","Better Altar","Better Note","Better Sensory Stone","Better Skull","BetterRewards","Colored Map","Colored Powertips","Minty Spire (QoL Compilation)","StSLib"],"gold_per_floor":[99,99,99,99,99,99,99,99,99,69,69,69,69,69,69,69,69,69,69,69,69,69,69,69,69,69,69,69,69,69,69,69,69,69,69,69,69,69,69,69,69,69],"floor_reached":41,"playtime":2474,"items_purged":[],"score":470,"play_id":"1dcdbb09-0fa5-4908-8965-38d4b78e95ad","local_time":"20210101005312","is_ascension_mode":false,"campfire_choices":[{"data":"Uppercut","floor":6,"key":"SMITH"},{"data":"Spot Weakness","floor":13,"key":"SMITH"},{"data":"Juggernaut","floor":15,"key":"SMITH"},{"data":"Metallicize","floor":27,"key":"SMITH"},{"floor":29,"key":"REST"},{"floor":32,"key":"REST"},{"floor":40,"key":"REST"}],"circlet_count":0,"master_deck":["Strike_R","Strike_R","Strike_R","Strike_R","Defend_R+1","Defend_R","Defend_R","Bash","Shrug It Off","PanicButton","Uppercut+1","Shrug It Off","Entrench","Juggernaut+1","Shrug It Off","Spot Weakness+1","Impervious","Metallicize+1","Disarm+1","Armaments+1","Body Slam+1","Limit Break+1","Metallicize","Blood for Blood","Juggernaut","Searing Blow+1","Disarm+1","Metallicize+1"],"relics":["Ectoplasm","War Paint","Sundial","Bottled Lightning","Runic Pyramid","GremlinMask","Toxic Egg 2","Potion Belt","Centennial Puzzle","Philosopher\u0027s Stone"],"acts_visited":["Exordium","TheCity","TheBeyond"],"potions_floor_usage":[25,25,30,33,33,39],"damage_taken":[{"damage":3,"enemies":"2 Louse","floor":1,"turns":2},{"damage":0,"enemies":"Jaw Worm","floor":3,"turns":2},{"damage":0,"enemies":"Cultist","floor":4,"turns":3},{"damage":0,"enemies":"Large Slime","floor":5,"turns":5},{"damage":7,"enemies":"Gremlin Nob","floor":7,"turns":4},{"damage":1,"enemies":"3 Louse","floor":8,"turns":3},{"damage":0,"enemies":"Looter","floor":10,"turns":3},{"damage":5,"enemies":"Lagavulin","floor":12,"turns":7},{"damage":10,"enemies":"Hexaghost","floor":16,"turns":8},{"damage":14,"enemies":"Chosen","floor":18,"turns":5},{"damage":6,"enemies":"3 Byrds","floor":20,"turns":4},{"damage":6,"enemies":"Book of Stabbing","floor":23,"turns":6},{"damage":29,"enemies":"Gremlin Leader","floor":25,"turns":8},{"damage":13,"enemies":"Centurion and Healer","floor":28,"turns":5},{"damage":7,"enemies":"Snake Plant","floor":30,"turns":4},{"damage":14,"enemies":"3 Cultists","floor":31,"turns":6},{"damage":36,"enemies":"Collector","floor":33,"turns":9},{"damage":20,"enemies":"3 Darklings","floor":35,"turns":4},{"damage":5,"enemies":"Orb Walker","floor":36,"turns":4},{"damage":11,"enemies":"Maw","floor":38,"turns":7},{"damage":34,"enemies":"Sphere and 2 Shapes","floor":39,"turns":6},{"damage":46,"enemies":"Reptomancer","floor":41,"turns":2}],"seed_played":"-6715751740296053079","potions_obtained":[{"floor":1,"key":"Energy Potion"},{"floor":5,"key":"Regen Potion"},{"floor":8,"key":"Dexterity Potion"},{"floor":28,"key":"Strength Potion"},{"floor":30,"key":"Regen Potion"},{"floor":33,"key":"Block Potion"},{"floor":39,"key":"ColorlessPotion"}],"is_trial":false,"path_per_floor":["M","?","M","M","M","R","E","M","T","M","?","E","R","?","R","B",null,"M","?","M","?","?","E","$","E","T","R","M","R","M","M","R","B",null,"M","M","?","M","M","R","E"],"character_chosen":"IRONCLAD","items_purchased":[],"campfire_rested":3,"item_purchase_floors":[],"current_hp_per_floor":[77,77,77,77,77,77,70,69,69,69,69,64,64,69,69,59,85,71,71,65,65,65,59,59,30,30,30,17,42,47,33,58,37,85,65,60,60,49,15,40,0,0],"gold":69,"neow_bonus":"BOSS_RELIC","is_daily":false,"chose_seed":false,"campfire_upgraded":4,"win_rate":0.0,"timestamp":1609422792,"path_taken":["M","?","?","M","M","R","E","M","T","M","?","E","R","?","R","BOSS","M","?","M","?","?","E","?","E","T","R","M","R","?","M","R","BOSS","M","?","?","M","M","R","E"],"items_purchased_type":[],"build_version":"2020-12-22","purchased_purges":0,"victory":false,"max_hp_per_floor":[80,80,80,80,80,80,80,80,80,80,80,80,80,85,85,85,85,85,85,85,85,85,85,85,85,85,85,85,85,85,85,85,85,85,85,85,85,85,85,85,85,85],"card_choices":[{"not_picked":["Intimidate","Twin Strike"],"picked":"Shrug It Off","floor":1},{"not_picked":["Forethought","Violence"],"picked":"PanicButton","floor":2},{"not_picked":["Heavy Blade","Headbutt"],"picked":"Uppercut","floor":3},{"not_picked":["Body Slam","Dark Embrace"],"picked":"Shrug It Off","floor":4},{"not_picked":["Anger","Body Slam"],"picked":"Entrench","floor":5},{"not_picked":["Dropkick","Cleave"],"picked":"Juggernaut","floor":7},{"not_picked":["Heavy Blade","Hemokinesis"],"picked":"Shrug It Off","floor":8},{"not_picked":["Headbutt","Pommel Strike"],"picked":"Spot Weakness","floor":10},{"not_picked":["True Grit","Dark Embrace","Anger"],"picked":"SKIP","floor":12},{"not_picked":["Reaper","Double Tap"],"picked":"Impervious","floor":16},{"not_picked":["Clothesline+1","Bloodletting+1"],"picked":"Metallicize","floor":18},{"not_picked":["Second Wind+1","Clash+1"],"picked":"Disarm+1","floor":20},{"not_picked":["Shrug It Off+1","Thunderclap"],"picked":"Armaments+1","floor":23},{"not_picked":["Dark Embrace+1","Power Through+1"],"picked":"Body Slam+1","floor":25},{"not_picked":["Clash","Carnage+1"],"picked":"Limit Break+1","floor":28},{"not_picked":["Flex+1","Sword Boomerang"],"picked":"Metallicize","floor":30},{"not_picked":["Armaments+1","Ghostly Armor+1"],"picked":"Blood for Blood","floor":31},{"not_picked":["Offering+1","Brutality"],"picked":"Juggernaut","floor":33},{"not_picked":["Anger+1","Feel No Pain"],"picked":"Searing Blow+1","floor":35},{"not_picked":["Thunderclap+1","Hemokinesis"],"picked":"Disarm+1","floor":36},{"not_picked":["Flex+1","Clothesline"],"picked":"Metallicize+1","floor":38},{"not_picked":["Thunderclap","True Grit+1","Fire Breathing+1"],"picked":"SKIP","floor":39}],"player_experience":157713,"relics_obtained":[{"floor":7,"key":"War Paint"},{"floor":9,"key":"Sundial"},{"floor":12,"key":"Bottled Lightning"},{"floor":23,"key":"Toxic Egg 2"},{"floor":25,"key":"Potion Belt"},{"floor":26,"key":"Centennial Puzzle"}],"event_choices":[{"damage_healed":0,"gold_gain":1,"player_choice":"1","damage_taken":0,"max_hp_gain":0,"max_hp_loss":0,"event_name":"betterStone:BetterStone","floor":2,"gold_loss":0},{"damage_healed":0,"gold_gain":0,"player_choice":"Ignored","damage_taken":0,"max_hp_gain":0,"max_hp_loss":0,"event_name":"Liars Game","floor":11,"gold_loss":0},{"damage_healed":0,"gold_gain":0,"player_choice":"Donut","damage_taken":0,"max_hp_gain":5,"max_hp_loss":0,"event_name":"Big Fish","floor":14,"gold_loss":0},{"damage_healed":0,"gold_gain":0,"player_choice":"Trade","damage_taken":0,"relics_obtained":["GremlinMask"],"max_hp_gain":0,"max_hp_loss":0,"event_name":"FaceTrader","floor":19,"gold_loss":0},{"damage_healed":0,"gold_gain":0,"player_choice":"Bought 0 Potions","damage_taken":0,"max_hp_gain":0,"max_hp_loss":0,"event_name":"The Woman in Blue","floor":21,"gold_loss":0},{"cards_removed":["Strike_R"],"damage_healed":0,"gold_gain":0,"player_choice":"Purged","damage_taken":0,"max_hp_gain":0,"max_hp_loss":0,"event_name":"Purifier","floor":22,"gold_loss":0},{"cards_removed":["Defend_R"],"damage_healed":0,"gold_gain":0,"player_choice":"Removed Skill","damage_taken":0,"max_hp_gain":0,"max_hp_loss":0,"event_name":"Falling","floor":37,"gold_loss":0}],"is_beta":false,"boss_relics":[{"not_picked":["Mark of Pain","Cursed Key"],"picked":"Runic Pyramid"},{"not_picked":["Empty Cage","SacredBark"],"picked":"Philosopher\u0027s Stone"}],"items_purged_floors":[],"is_endless":false,"potions_floor_spawned":[1,5,8,10,12,28,30,33,39],"killed_by":"Reptomancer","ascension_level":0}}