{"host":"cgaibh95wzkurumv","time":1609442218,"event":{"mods":["BaseMod","Minty Spire (QoL Compilation)","Replay The Spire","StSLib","The Runesmith"],"gold_per_floor":[114,129,144,159,159,189,204,204,229,229,229,244,244,259,259,359,359,374,74,89,139,64,94,94,109,109,124,124,139,241,256,256,356,356,371,371,41,56,106,106,28,28,28,28,43,58,58,73,73,73],"floor_reached":51,"playtime":2254,"items_purged":["Delirium","Pain"],"score":796,"play_id":"e5b38cea-e1d7-4ac4-9152-9fe5ad439daa","local_time":"20201231161658","daily_mods":["Heirloom","Time Dilation","Lethality"],"is_ascension_mode":false,"campfire_choices":[{"data":"ReplayGash","floor":8,"key":"SMITH"},{"data":"Genetic Algorithm","floor":13,"key":"SMITH"},{"data":"Go for the Eyes","floor":15,"key":"SMITH"},{"data":"Streamline","floor":24,"key":"SMITH"},{"floor":32,"key":"REST"},{"data":"ReplayGash","floor":40,"key":"SMITH"},{"data":"ReplayGash","floor":42,"key":"SMITH"},{"data":"Gash","floor":49,"key":"SMITH"}],"circlet_count":0,"master_deck":["Strike_B+1","Strike_B+1","Strike_B","Defend_B+1","Defend_B","Defend_B+1","Defend_B","Zap","Dualcast","ReplayGash+1","Go for the Eyes+1","Genetic Algorithm+1","ReplayGash+1","Sweeping Beam","Mirror Shield+1","Reinforced Body","Chill","Seek","CurseOfTheBell","Streamline+1","Conserve Battery+1","Gash+1","Hologram","ReplayGash+1","Panic Button","Buffer+1","Thunder Strike+1","Scrape+1","Flash of Steel+1","BootSequence+1","Pain","Streamline+1"],"relics":["Cracked Core","Durian","Pen Nib","Replay:Rubber Ducky","Darkstone Periapt","Calling Bell","War Paint","ReplayTheSpireMod:Shallot","Dead Branch","Replay:Baseball","Pet Ghost","Ring of Greed","Golden Egg","MealTicket","The Courier","Carrot","Omamori","Ring of Chaos","Prayer Wheel","Vajra","ReplayTheSpireMod:CursedCoin","Bag of Preparation","Simple Rune","Bird Faced Urn","Pantograph"],"acts_visited":["Exordium","TheCity","TheBeyond"],"potions_floor_usage":[29,33,50,50,50],"damage_taken":[{"damage":0,"enemies":"Cultist","floor":1,"turns":2},{"damage":0,"enemies":"2 Louse","floor":2,"turns":1},{"damage":5,"enemies":"Jaw Worm","floor":3,"turns":2},{"damage":10,"enemies":"Exordium Thugs","floor":4,"turns":4},{"damage":25,"enemies":"3 Sentries","floor":6,"turns":6},{"damage":0,"enemies":"Blue Slaver","floor":7,"turns":1},{"damage":9,"enemies":"Exordium Wildlife","floor":12,"turns":3},{"damage":3,"enemies":"Large Slime","floor":14,"turns":3},{"damage":10,"enemies":"Slime Boss","floor":16,"turns":7},{"damage":0,"enemies":"2 Thieves","floor":18,"turns":2},{"damage":17,"enemies":"3 Byrds","floor":20,"turns":3},{"damage":31,"enemies":"Gremlin Leader","floor":23,"turns":8},{"damage":10,"enemies":"Snake Plant","floor":25,"turns":3},{"damage":0,"enemies":"Sentry and Sphere","floor":27,"turns":3},{"damage":4,"enemies":"Centurion and Healer","floor":29,"turns":5},{"damage":2,"enemies":"Cultist and Chosen","floor":31,"turns":4},{"damage":54,"enemies":"Automaton","floor":33,"turns":13},{"damage":34,"enemies":"3 Darklings","floor":35,"turns":9},{"damage":0,"enemies":"3 Shapes","floor":38,"turns":3},{"damage":2,"enemies":"Mind Bloom Boss Battle","floor":39,"turns":4},{"damage":1,"enemies":"Transient","floor":45,"turns":5},{"damage":0,"enemies":"Spire Growth","floor":46,"turns":4},{"damage":3,"enemies":"Sphere and 2 Shapes","floor":48,"turns":3},{"damage":101,"enemies":"Time Eater","floor":50,"turns":12}],"seed_played":"-5051420239723459148","potions_obtained":[{"floor":1,"key":"Strength Potion"},{"floor":4,"key":"Weak Potion"},{"floor":7,"key":"FocusPotion"},{"floor":14,"key":"BlessingOfTheForge"},{"floor":33,"key":"Ancient Potion"}],"is_trial":false,"path_per_floor":["M","M","M","M","?","E","M","R","T","T","?","M","R","M","R","B",null,"M","$","M","?","$","E","R","M","T","M","?","M","?","M","R","B",null,"M","?","$","M","?","R","$","R","T","?","M","M","$","M","R","B",null],"character_chosen":"DEFECT","items_purchased":["Replay:Baseball","Pet Ghost","Vajra","ReplayTheSpireMod:CursedCoin","Bag of Preparation","Simple Rune","Fire Potion","Flash of Steel"],"campfire_rested":1,"item_purchase_floors":[19,19,37,37,37,37,37,41],"current_hp_per_floor":[80,80,75,65,65,40,40,40,40,40,40,31,31,28,28,18,86,86,86,69,75,90,59,59,49,49,49,31,27,33,31,61,7,103,69,69,96,96,94,94,109,109,109,109,112,120,121,118,118,26],"gold":73,"neow_bonus":"","is_daily":true,"chose_seed":false,"campfire_upgraded":7,"win_rate":0.0,"timestamp":1609442218,"path_taken":["M","?","M","M","?","E","?","R","T","?","?","?","R","M","R","BOSS","M","$","M","?","$","E","R","M","T","M","?","?","?","M","R","BOSS","M","?","$","M","?","R","?","R","T","?","?","M","$","M","R","BOSS"],"items_purchased_type":["Relic","Relic","Relic","Relic","Relic","Relic","Potion","Card"],"build_version":"2020-12-22","purchased_purges":2,"victory":true,"max_hp_per_floor":[80,80,80,80,80,80,80,80,80,80,80,80,80,80,80,80,86,86,86,86,92,92,92,92,92,92,92,97,97,103,103,103,103,103,103,103,115,115,115,115,115,115,115,115,115,121,121,121,121,121],"card_choices":[{"not_picked":["Steam","Cold Snap"],"picked":"ReplayGash","floor":1},{"not_picked":["FIFO Queue","ReplaySolidLightProjector"],"picked":"Go for the Eyes","floor":2},{"not_picked":["Barrage","Rip and Tear"],"picked":"Genetic Algorithm","floor":3},{"not_picked":["Compile Driver","Barrage"],"picked":"ReplayGash","floor":4},{"not_picked":["BasicCrystalCard","Rebound"],"picked":"Sweeping Beam","floor":6},{"not_picked":["Tempest","Panic Button"],"picked":"Mirror Shield","floor":7},{"not_picked":["Compile Driver","Force Field"],"picked":"Reinforced Body","floor":12},{"not_picked":["Sunder","Go for the Eyes"],"picked":"Chill","floor":14},{"not_picked":["Amplify","Multi-Cast"],"picked":"Seek","floor":16},{"not_picked":["Panic Button","Beam Cell","ReplaySolidLightProjector"],"picked":"SKIP","floor":18},{"not_picked":["Cold Snap","Steam"],"picked":"Streamline","floor":20},{"not_picked":["Blizzard+1","Heatsinks"],"picked":"Conserve Battery+1","floor":23},{"not_picked":["Stack+1","Coolheaded+1"],"picked":"Gash","floor":25},{"not_picked":["Beam Cell+1","Steam"],"picked":"Hologram","floor":27},{"not_picked":["Turbo+1","Barrage"],"picked":"ReplayGash","floor":29},{"not_picked":["Hello World+1","Reinforced Body"],"picked":"Panic Button","floor":30},{"not_picked":["Coolheaded","BasicCrystalCard"],"picked":"Buffer","floor":31},{"not_picked":["Hyperbeam","Mirror Shield"],"picked":"ReplayTheSpireMod:Fabricate Wheel","floor":33},{"not_picked":["Redo+1","Sweeping Beam"],"picked":"ReplayTheSpireMod:Calculation Training+1","floor":35},{"not_picked":["Panic Button","Conserve Battery+1","Stack"],"picked":"SKIP","floor":35},{"not_picked":["Streamline","Cold Snap"],"picked":"Scrape+1","floor":38},{"not_picked":["Conserve Battery","Time Bomb+1","BasicCrystalCard+1"],"picked":"SKIP","floor":38},{"not_picked":["Hyperbeam","Turbo+1"],"picked":"BootSequence+1","floor":45},{"not_picked":["ReplayTheSpireMod:GoodbyeWorld+1","Storm+1","BasicCrystalCard"],"picked":"SKIP","floor":45},{"not_picked":["Self Repair+1","Panic Button+1","Hologram"],"picked":"SKIP","floor":46},{"not_picked":["Recycle","Beam Cell","Leap+1"],"picked":"SKIP","floor":46},{"not_picked":["Go for the Eyes+1","Compile Driver+1"],"picked":"Streamline+1","floor":48},{"not_picked":["Go for the Eyes","Cold Snap","Panic Button+1"],"picked":"SKIP","floor":48}],"player_experience":257311,"relics_obtained":[{"floor":6,"key":"Pen Nib"},{"floor":9,"key":"Replay:Rubber Ducky"},{"floor":10,"key":"Darkstone Periapt"},{"floor":17,"key":"War Paint"},{"floor":17,"key":"ReplayTheSpireMod:Shallot"},{"floor":17,"key":"Dead Branch"},{"floor":21,"key":"Ring of Greed"},{"floor":21,"key":"Golden Egg"},{"floor":21,"key":"MealTicket"},{"floor":23,"key":"The Courier"},{"floor":26,"key":"Carrot"},{"floor":30,"key":"Omamori"},{"floor":39,"key":"Bird Faced Urn"},{"floor":43,"key":"Pantograph"}],"event_choices":[{"cards_removed":["Strike_B"],"damage_healed":0,"gold_gain":0,"player_choice":"Offered Basic","damage_taken":0,"max_hp_gain":0,"max_hp_loss":0,"event_name":"Bonfire Elementals","floor":5,"gold_loss":0},{"damage_healed":0,"gold_gain":0,"player_choice":"Forge","damage_taken":0,"max_hp_gain":0,"max_hp_loss":0,"event_name":"Accursed Blacksmith","floor":11,"gold_loss":0,"cards_upgraded":["Mirror Shield"]},{"damage_healed":0,"gold_gain":0,"player_choice":"Shed Blood","damage_taken":23,"max_hp_gain":5,"max_hp_loss":0,"event_name":"Forgotten Altar","floor":28,"gold_loss":0},{"cards_removed":["ReplayTheSpireMod:Calculation Training"],"damage_healed":0,"gold_gain":0,"player_choice":"Removed Skill","damage_taken":0,"max_hp_gain":0,"max_hp_loss":0,"event_name":"Falling","floor":36,"gold_loss":0},{"damage_healed":0,"gold_gain":0,"player_choice":"Fight","damage_taken":0,"max_hp_gain":0,"max_hp_loss":0,"event_name":"MindBloom","floor":39,"gold_loss":0},{"cards_removed":["Spreading Infection","ReplayTheSpireMod:Splinters"],"damage_healed":0,"gold_gain":0,"player_choice":"Removed Curses","damage_taken":0,"max_hp_gain":0,"max_hp_loss":0,"event_name":"Fountain of Cleansing","floor":44,"gold_loss":0}],"is_beta":false,"boss_relics":[{"not_picked":["SlaversCollar","Fusion Hammer"],"picked":"Calling Bell"},{"not_picked":["Honey Jar","Snecko Eye"],"picked":"Ring of Chaos"}],"items_purged_floors":[22,37],"is_endless":false,"potions_floor_spawned":[1,4,7,12,14,18,20,33,45],"ascension_level":0}}