{"host":"9ylwqx3xq4e4v98b","time":1609401539,"event":{"mods":["AchievementEnabler","BaseMod","Better Silent Start","Card Forge","Colored Map","DeckTracker","Minty Spire (QoL Compilation)","Permanent Neow","Quick Restart","Spicy Shops","StSLib","SuperFastMode","Td1madao Mod"],"gold_per_floor":[16,32,32,46,46,46,70,70,122,122,122,141,185,1,1,135,135,164,263,276,276,291,326,326,355,355,369,409,428,428,129,129,267,267,292,316,99,118,177,220,240,240,240,249,302,315,315,330,330,330],"floor_reached":51,"playtime":1088,"items_purged":[],"score":1049,"play_id":"635e4c1f-dbfc-4d06-9893-f9adf31476a4","local_time":"20201230235859","is_ascension_mode":false,"campfire_choices":[{"data":"Offering","floor":6,"key":"SMITH"},{"data":"Heavy Blade","floor":8,"key":"SMITH"},{"floor":11,"key":"RECALL"},{"data":"Flex","floor":15,"key":"SMITH"},{"data":"Offering","floor":24,"key":"SMITH"},{"data":"Inflame","floor":32,"key":"SMITH"},{"data":"Berserk","floor":42,"key":"SMITH"},{"data":"Limit Break","floor":49,"key":"SMITH"}],"circlet_count":0,"master_deck":["Provocative+1","Feed+1","Flex+1","Limit Break+1","Sword Boomerang+1","Double Tap+1","Seeing Red+1","Battle Trance+1","Heavy Blade+1","Offering+1","Flex+1","Offering+1","Inflame+1","Sword Boomerang+1","Berserk+1","Bandage Up","Limit Break+1"],"relics":["Burning Blood","Hammer of Thor","Seething Fire","Anvil of the Gods","Golden Idol","Juzu Bracelet","CeramicFish","Red Skull","Black Star","Akabeko","Whetstone","MealTicket","Shuriken","Du-Vu Doll","Medical Kit","Sling","Runic Dome","Happy Flower","Calipers","Oddly Smooth Stone","Eternal Feather","Ice Cream","Singing Bowl","Ancient Tea Set"],"acts_visited":["Exordium","TheCity","TheBeyond"],"potions_floor_usage":[39],"damage_taken":[{"damage":0,"enemies":"2 Louse","floor":1,"turns":1},{"damage":0,"enemies":"Jaw Worm","floor":2,"turns":1},{"damage":0,"enemies":"Cultist","floor":4,"turns":1},{"damage":6,"enemies":"3 Louse","floor":7,"turns":1},{"damage":0,"enemies":"Lots of Slimes","floor":12,"turns":1},{"damage":6,"enemies":"3 Sentries","floor":13,"turns":2},{"damage":0,"enemies":"The Guardian","floor":16,"turns":1},{"damage":6,"enemies":"3 Byrds","floor":18,"turns":1},{"damage":0,"enemies":"Shell Parasite","floor":20,"turns":1},{"damage":12,"enemies":"Snecko","floor":22,"turns":1},{"damage":18,"enemies":"Book of Stabbing","floor":23,"turns":2},{"damage":0,"enemies":"Sentry and Sphere","floor":25,"turns":2},{"damage":21,"enemies":"Shelled Parasite and Fungi","floor":27,"turns":2},{"damage":6,"enemies":"Slavers","floor":28,"turns":1},{"damage":6,"enemies":"Centurion and Healer","floor":29,"turns":1},{"damage":12,"enemies":"Automaton","floor":33,"turns":2},{"damage":15,"enemies":"3 Shapes","floor":35,"turns":1},{"damage":46,"enemies":"3 Darklings","floor":36,"turns":2},{"damage":6,"enemies":"Jaw Worm Horde","floor":38,"turns":1},{"damage":6,"enemies":"2 Orb Walkers","floor":39,"turns":1},{"damage":6,"enemies":"Nemesis","floor":40,"turns":1},{"damage":24,"enemies":"4 Shapes","floor":41,"turns":1},{"damage":12,"enemies":"Giant Head","floor":45,"turns":1},{"damage":6,"enemies":"Maw","floor":46,"turns":1},{"damage":42,"enemies":"Transient","floor":48,"turns":3},{"damage":27,"enemies":"Time Eater","floor":50,"turns":2}],"seed_played":"4303718437591534010","potions_obtained":[{"floor":7,"key":"Explosive Potion"},{"floor":12,"key":"DistilledChaos"},{"floor":13,"key":"BlessingOfTheForge"},{"floor":20,"key":"Block Potion"},{"floor":39,"key":"Fruit Juice"},{"floor":41,"key":"CultistPotion"}],"is_trial":false,"path_per_floor":["M","M","?","M","?","R","M","R","T","?","R","M","E","$","R","B",null,"M","?","M","?","M","E","R","M","T","M","E","M","?","$","R","B",null,"M","M","$","M","?","E","M","R","T","?","E","M","?","M","R","B",null],"character_chosen":"IRONCLAD","items_purchased":["Flex","Red Skull","Medical Kit","Sling","Happy Flower","Regen Potion"],"campfire_rested":0,"item_purchase_floors":[14,14,31,31,37,37],"current_hp_per_floor":[100,100,92,96,96,96,100,100,100,100,100,104,108,108,108,108,108,108,108,108,108,106,94,94,100,100,89,89,93,120,120,120,114,120,115,75,90,90,95,99,85,94,94,94,92,98,98,68,77,60],"gold":330,"neow_bonus":"TWENTY_PERCENT_HP_BONUS","is_daily":false,"chose_seed":false,"campfire_upgraded":7,"win_rate":0.0,"timestamp":1609401539,"path_taken":["M","M","?","M","?","R","M","R","T","?","R","M","E","$","R","BOSS","M","?","M","?","M","E","R","M","T","M","E","M","?","$","R","BOSS","M","M","$","M","?","E","M","R","T","?","E","M","?","M","R","BOSS"],"items_purchased_type":["Card","Relic","Relic","Relic","Relic","Potion"],"build_version":"2020-12-22","purchased_purges":0,"victory":true,"max_hp_per_floor":[100,100,92,96,96,96,100,100,100,100,100,104,108,108,108,108,108,108,108,108,108,112,112,112,112,112,116,116,120,120,120,120,120,120,124,124,124,124,129,133,137,137,137,137,137,139,132,134,134,138],"card_choices":[{"not_picked":["Shrug It Off","Anger"],"picked":"Heavy Blade","floor":1},{"not_picked":["Wild Strike","Havoc","Sentinel"],"picked":"SKIP","floor":2},{"not_picked":["Clash","Uppercut","Clothesline"],"picked":"SKIP","floor":4},{"not_picked":["Rampage","Thunderclap","Disarm"],"picked":"SKIP","floor":7},{"not_picked":["Thunderclap","Armaments","Carnage"],"picked":"SKIP","floor":12},{"not_picked":["True Grit","Rage","Warcry"],"picked":"SKIP","floor":13},{"not_picked":["Juggernaut","Barricade"],"picked":"Offering","floor":16},{"not_picked":["Anger+1","Cleave"],"picked":"Inflame","floor":18},{"not_picked":["Cleave","Sword Boomerang","Rampage+1"],"picked":"SKIP","floor":20},{"not_picked":["Reckless Charge","Wild Strike+1","Havoc"],"picked":"SKIP","floor":22},{"not_picked":["Burning Pact","Sentinel+1","Flex"],"picked":"SKIP","floor":23},{"not_picked":["Headbutt","Anger"],"picked":"Sword Boomerang+1","floor":25},{"not_picked":["Combust+1","Thunderclap","Flex+1"],"picked":"SKIP","floor":27},{"not_picked":["True Grit","Havoc","Shockwave"],"picked":"SKIP","floor":28},{"not_picked":["Whirlwind+1","Juggernaut","Cleave+1"],"picked":"SKIP","floor":29},{"not_picked":["Barricade","Juggernaut"],"picked":"Berserk","floor":33},{"not_picked":["Feel No Pain","Flex","Perfected Strike"],"picked":"SKIP","floor":35},{"not_picked":["Havoc","Iron Wave+1","Fire Breathing+1"],"picked":"SKIP","floor":36},{"not_picked":["Warcry","Flex","Havoc+1"],"picked":"SKIP","floor":38},{"not_picked":["Intimidate","Warcry+1","Searing Blow+1"],"picked":"SKIP","floor":40},{"not_picked":["Shrug It Off+1","Cleave","Clash"],"picked":"SKIP","floor":41},{"not_picked":["Forethought","Magnetism"],"picked":"Bandage Up","floor":44},{"not_picked":["Perfected Strike+1","Cleave"],"picked":"Limit Break","floor":45},{"not_picked":["Blood for Blood","Clash","Flame Barrier"],"picked":"Singing Bowl","floor":46},{"not_picked":["Feel No Pain","Twin Strike+1","Headbutt"],"picked":"Singing Bowl","floor":48}],"player_experience":180372,"relics_obtained":[{"floor":9,"key":"Juzu Bracelet"},{"floor":13,"key":"CeramicFish"},{"floor":23,"key":"Akabeko"},{"floor":23,"key":"Whetstone"},{"floor":26,"key":"MealTicket"},{"floor":28,"key":"Shuriken"},{"floor":28,"key":"Du-Vu Doll"},{"floor":39,"key":"Calipers"},{"floor":40,"key":"Oddly Smooth Stone"},{"floor":40,"key":"Eternal Feather"},{"floor":43,"key":"Ice Cream"},{"floor":45,"key":"Singing Bowl"},{"floor":45,"key":"Ancient Tea Set"}],"event_choices":[{"damage_healed":0,"gold_gain":0,"player_choice":"Lose Max HP","damage_taken":0,"relics_obtained":["Golden Idol"],"max_hp_gain":0,"max_hp_loss":8,"event_name":"Golden Idol","floor":3,"gold_loss":0},{"damage_healed":0,"gold_gain":0,"player_choice":"Ignored","damage_taken":0,"max_hp_gain":0,"max_hp_loss":0,"event_name":"Shining Light","floor":5,"gold_loss":0},{"damage_healed":0,"gold_gain":0,"player_choice":"Ignored","damage_taken":0,"max_hp_gain":0,"max_hp_loss":0,"event_name":"NoteForYourself","floor":10,"gold_loss":0},{"damage_healed":0,"gold_gain":99,"player_choice":"Stole From Cult","damage_taken":0,"max_hp_gain":0,"max_hp_loss":0,"event_name":"Nest","floor":19,"gold_loss":0},{"damage_healed":0,"gold_gain":0,"player_choice":"Leave","damage_taken":0,"max_hp_gain":0,"max_hp_loss":0,"event_name":"FaceTrader","floor":21,"gold_loss":0},{"damage_healed":40,"gold_gain":0,"player_choice":"Heal","damage_taken":0,"max_hp_gain":0,"max_hp_loss":0,"event_name":"The Library","floor":30,"gold_loss":0},{"damage_healed":0,"gold_gain":0,"player_choice":"Fight","damage_taken":0,"max_hp_gain":0,"max_hp_loss":0,"event_name":"Mysterious Sphere","floor":39,"gold_loss":0},{"damage_healed":0,"gold_gain":0,"player_choice":"Memory 1","damage_taken":0,"max_hp_gain":0,"max_hp_loss":0,"event_name":"SensoryStone","floor":44,"gold_loss":0},{"damage_healed":0,"gold_gain":0,"player_choice":"Max HP","damage_taken":0,"max_hp_gain":0,"max_hp_loss":7,"event_name":"Winding Halls","floor":47,"gold_loss":0}],"is_beta":false,"boss_relics":[{"not_picked":["Coffee Dripper","Ectoplasm"],"picked":"Black Star"},{"not_picked":["Snecko Eye","Calling Bell"],"picked":"Runic Dome"}],"items_purged_floors":[],"is_endless":false,"potions_floor_spawned":[2,7,12,13,20,22,29,33,39,40,41,45],"ascension_level":0}}