{"host":"963ykkbusvcbqwtq","time":1609415945,"event":{"mods":["2.2 Compatiblity","AchievementEnabler","Arknights The Spire","BaseMod","Colored Map","GifTheSpireLib","GungeonMod","Lobotomy","Luminous","Minty Spire (QoL Compilation)","StSLib","SuperFastMode","The Bug Knight"],"gold_per_floor":[118,118,1135,108,122,198,198,215,215,215,215,783,814,814,814,814,814],"floor_reached":16,"playtime":580,"items_purged":["DemoMod:Strike_Huntress","DemoMod:Strike_Huntress"],"score":171,"play_id":"10f54e76-43b2-44be-959a-28e625c28486","local_time":"20201231205905","is_ascension_mode":true,"campfire_choices":[{"data":"DemoMod:ManualReload","floor":7,"key":"SMITH"},{"data":"DemoMod:MegaHand","floor":10,"key":"SMITH"},{"floor":15,"key":"REST"}],"circlet_count":0,"master_deck":["DemoMod:Defend_Huntress","DemoMod:Defend_Huntress+1","DemoMod:Defend_Huntress","DemoMod:Defend_Huntress+1","DemoMod:Roll","DemoMod:ManualReload+1","DemoMod:RustySidearm","DemoMod:CrossBow","DemoMod:ZorGun","UniverseFragment","DemoMod:MegaHand+1","DemoMod:GunShield","DemoMod:GunslingerForm","DemoMod:Casey","DemoMod:SniperShot","DemoMod:SkilledReload"],"relics":["DemoMod:Dog","CogitoBucket","RabbitCall","DemoMod:VorpalBullet","DemoMod:GnawedKey","DemoMod:RatBoots","Lee\u0027s Waffle","ats:Originium","Happy Flower","FleshIdol","War Paint","Membership Card","DemoMod:RedGuonStone","DemoMod:AgedBell"],"acts_visited":["Exordium"],"potions_floor_usage":[13,16,16],"damage_taken":[{"damage":3,"enemies":"2 Louse","floor":1,"turns":3},{"damage":13,"enemies":"Cultist","floor":2,"turns":5},{"damage":2,"enemies":"Small Slimes","floor":3,"turns":3},{"damage":4,"enemies":"Blue Slaver","floor":5,"turns":3},{"damage":2,"enemies":"3 Sentries","floor":6,"turns":11},{"damage":53,"enemies":"Gremlin Gang","floor":8,"turns":10},{"damage":2,"enemies":"Gremlin Nob","floor":13,"turns":4},{"damage":63,"enemies":"Slime Boss","floor":16,"turns":18}],"seed_played":"1930370770413719772","potions_obtained":[{"floor":1,"key":"GamblersBrew"},{"floor":3,"key":"Block Potion"},{"floor":8,"key":"Regen Potion"}],"is_trial":false,"path_per_floor":["M","M","M","$","M","E","R","M","T","R","?","$","E","?","R","B"],"character_chosen":"HUNTRESS","items_purchased":["DemoMod:VorpalBullet","DemoMod:GnawedKey","DemoMod:RatBoots","Lee\u0027s Waffle","DemoMod:GunShield","Membership Card","DemoMod:RedGuonStone","DemoMod:GunslingerForm","DemoMod:Casey","DemoMod:SniperShot"],"campfire_rested":1,"item_purchase_floors":[4,4,4,4,4,12,12,12,12,12],"current_hp_per_floor":[67,54,52,77,73,71,71,18,18,18,18,18,16,16,39,35,35],"gold":814,"neow_bonus":"","is_daily":false,"chose_seed":false,"campfire_upgraded":2,"win_rate":0.0,"timestamp":1609415945,"path_taken":["M","M","M","$","M","E","R","M","T","R","?","?","E","?","R","BOSS"],"items_purchased_type":["Relic","Relic","Relic","Relic","Card","Relic","Relic","Card","Card","Card"],"build_version":"2020-12-22","purchased_purges":2,"victory":false,"max_hp_per_floor":[70,70,70,77,77,77,77,77,77,77,77,77,77,77,77,77,77],"card_choices":[{"not_picked":["DemoMod:Replace","DemoMod:HardPowerCard","DemoMod:MachoBrace"],"picked":"SKIP","floor":1},{"not_picked":["DemoMod:DoubleSwitch","DemoMod:DarkMarker"],"picked":"DemoMod:ZorGun","floor":2},{"not_picked":["OldLady","LongBird"],"picked":"UniverseFragment","floor":3},{"not_picked":["DemoMod:HighKaliber","DemoMod:Ejector"],"picked":"DemoMod:MegaHand","floor":3},{"not_picked":["DemoMod:Replace","DemoMod:MegaHand","DemoMod:ZorGun"],"picked":"SKIP","floor":5},{"not_picked":["DemoMod:HardPowerCard","DemoMod:JK47","DemoMod:Replace"],"picked":"SKIP","floor":6},{"not_picked":["DemoMod:GunstockTap","DemoMod:GunShield","DemoMod:StrategicReserve"],"picked":"SKIP","floor":8},{"not_picked":["DemoMod:Ejector","DemoMod:EasyReloadBullets"],"picked":"DemoMod:SkilledReload","floor":13}],"player_experience":225919,"relics_obtained":[{"floor":6,"key":"ats:Originium"},{"floor":6,"key":"Happy Flower"},{"floor":9,"key":"War Paint"},{"floor":13,"key":"ats:Originium"},{"floor":13,"key":"DemoMod:AgedBell"}],"event_choices":[{"cards_removed":["DemoMod:Strike_Huntress"],"damage_healed":0,"gold_gain":0,"player_choice":"Purged","damage_taken":0,"max_hp_gain":0,"max_hp_loss":0,"event_name":"Purifier","floor":11,"gold_loss":0},{"damage_healed":0,"gold_gain":0,"player_choice":"Searched \u00270\u0027 times","damage_taken":0,"max_hp_gain":0,"max_hp_loss":0,"event_name":"Dead Adventurer","floor":14,"gold_loss":0}],"is_beta":false,"boss_relics":[],"items_purged_floors":[4,12],"is_endless":false,"potions_floor_spawned":[1,3,8],"killed_by":"Slime Boss","ascension_level":2}}