{"host":"hhk99zdwe8tkcyq7","time":1609389077,"event":{"mods":["AchievementEnabler","BaseMod","Minty Spire (QoL Compilation)"],"gold_per_floor":[113,113,188,206,131,160,160,177,177,157,175,206,225,236,236,341,341,356,376,386,485,498,498,498,498],"floor_reached":24,"playtime":1045,"items_purged":["Strike_G"],"score":235,"play_id":"9f564abf-d219-4f39-8022-9bad20bf7de8","local_time":"20201230223117","is_ascension_mode":false,"campfire_choices":[{"data":"Blade Dance","floor":7,"key":"SMITH"},{"floor":15,"key":"REST"},{"floor":23,"key":"REST"}],"circlet_count":0,"master_deck":["Strike_G","Strike_G","Strike_G","Defend_G","Defend_G","Defend_G","Defend_G","Survivor","Neutralize","Blade Dance+1","After Image+1","Blade Dance","Footwork+1"],"relics":["Ring of the Snake","NeowsBlessing","Frozen Egg 2","HornCleat","Bag of Marbles","Empty Cage"],"acts_visited":["Exordium","TheCity"],"potions_floor_usage":[16,16,19],"damage_taken":[{"damage":0,"enemies":"Jaw Worm","floor":1,"turns":1},{"damage":0,"enemies":"2 Louse","floor":4,"turns":1},{"damage":0,"enemies":"3 Sentries","floor":6,"turns":1},{"damage":0,"enemies":"Cultist","floor":8,"turns":4},{"damage":0,"enemies":"3 Louse","floor":11,"turns":4},{"damage":16,"enemies":"Lagavulin","floor":12,"turns":10},{"damage":10,"enemies":"Looter","floor":13,"turns":2},{"damage":0,"enemies":"2 Fungi Beasts","floor":14,"turns":4},{"damage":7,"enemies":"Slime Boss","floor":16,"turns":10},{"damage":5,"enemies":"3 Byrds","floor":18,"turns":6},{"damage":14,"enemies":"2 Thieves","floor":19,"turns":5},{"damage":15,"enemies":"Sentry and Sphere","floor":20,"turns":12},{"damage":2,"enemies":"Snecko","floor":22,"turns":7},{"damage":65,"enemies":"Slavers","floor":24,"turns":4}],"seed_played":"-9094384007606999295","potions_obtained":[{"floor":6,"key":"SteroidPotion"},{"floor":8,"key":"ColorlessPotion"},{"floor":10,"key":"Explosive Potion"},{"floor":14,"key":"Explosive Potion"},{"floor":18,"key":"Fire Potion"},{"floor":22,"key":"Dexterity Potion"}],"is_trial":false,"path_per_floor":["M","?","?","M","$","E","R","M","T","?","M","E","M","M","R","B",null,"M","M","M","?","M","R","E"],"character_chosen":"THE_SILENT","items_purchased":[],"campfire_rested":2,"item_purchase_floors":[],"current_hp_per_floor":[70,70,59,59,59,59,59,59,59,59,59,43,33,33,54,47,70,65,51,36,36,34,55,0,0],"gold":498,"neow_bonus":"THREE_ENEMY_KILL","is_daily":false,"chose_seed":false,"campfire_upgraded":1,"win_rate":0.0,"timestamp":1609389077,"path_taken":["M","?","?","M","$","E","R","M","T","?","M","E","M","M","R","BOSS","M","M","M","?","M","R","E"],"items_purchased_type":[],"build_version":"2020-12-22","purchased_purges":1,"victory":false,"max_hp_per_floor":[70,70,70,70,70,70,70,70,70,70,70,70,70,70,70,70,70,70,70,70,70,70,70,70,70],"card_choices":[{"not_picked":["Flechettes","PiercingWail"],"picked":"Blade Dance","floor":1},{"not_picked":["Prepared","Heel Hook","Tactician"],"picked":"SKIP","floor":4},{"not_picked":["Choke","Backflip"],"picked":"After Image+1","floor":6},{"not_picked":["PiercingWail","Bane"],"picked":"Blade Dance","floor":8},{"not_picked":["Flechettes","Masterful Stab","Deflect"],"picked":"SKIP","floor":11},{"not_picked":["Flechettes","Predator"],"picked":"Footwork+1","floor":12},{"not_picked":["Dodge and Roll","Choke","Deflect"],"picked":"SKIP","floor":13},{"not_picked":["Backflip","Underhanded Strike","Deadly Poison"],"picked":"SKIP","floor":14},{"not_picked":["Skewer","Caltrops+1","Prepared+1"],"picked":"SKIP","floor":18},{"not_picked":["Quick Slash","Dash","Bouncing Flask+1"],"picked":"SKIP","floor":19},{"not_picked":["Dagger Throw","Blur+1","Escape Plan"],"picked":"SKIP","floor":20},{"not_picked":["Terror","Well Laid Plans+1","Backstab"],"picked":"SKIP","floor":22}],"player_experience":26106,"relics_obtained":[{"floor":6,"key":"Frozen Egg 2"},{"floor":9,"key":"HornCleat"},{"floor":12,"key":"Bag of Marbles"}],"event_choices":[{"damage_healed":0,"gold_gain":0,"player_choice":"Fled","damage_taken":0,"max_hp_gain":0,"max_hp_loss":0,"event_name":"Scrap Ooze","floor":2,"gold_loss":0},{"damage_healed":0,"gold_gain":75,"player_choice":"Gather Gold","damage_taken":11,"max_hp_gain":0,"max_hp_loss":0,"event_name":"World of Goop","floor":3,"gold_loss":0},{"damage_healed":0,"gold_gain":0,"player_choice":"Bought 1 Potion","damage_taken":0,"max_hp_gain":0,"max_hp_loss":0,"event_name":"The Woman in Blue","floor":10,"gold_loss":0},{"damage_healed":0,"gold_gain":99,"player_choice":"Stole From Cult","damage_taken":0,"max_hp_gain":0,"max_hp_loss":0,"event_name":"Nest","floor":21,"gold_loss":0}],"is_beta":false,"boss_relics":[{"not_picked":["WristBlade","SacredBark"],"picked":"Empty Cage"}],"items_purged_floors":[5],"is_endless":false,"potions_floor_spawned":[6,8,13,14,18,22],"killed_by":"Slavers","ascension_level":0}}