{"host":"9sqwgc7o3s0c6ttp","time":1609423993,"event":{"mods":["AchievementEnabler","Act Like it!","Arknights The Spire","Aspiration","BaseMod","CapriCore","Colored Powertips","Dota2Spire","Friendly Minions","Gensokyo","HololiveMod","Infinite Spire","Minty Spire (QoL Compilation)","Pale of the Ancients","Replay The Spire","StSLib","Waifu the Spire","WarShipGirlsR/??á´Ò³R mod"],"gold_per_floor":[110,130,130,141,153,178,178,211,211,40,40,90,120,149,149,155,155],"floor_reached":16,"playtime":566,"items_purged":["ats:Strike V"],"score":112,"play_id":"1145f9df-1b89-450f-b516-f3cffe77f859","local_time":"20201231231313","is_ascension_mode":false,"campfire_choices":[{"data":"ats:Guardian Obelisk","floor":7,"key":"SMITH"},{"floor":11,"key":"REST"},{"data":"ats:Ignite","floor":15,"key":"SMITH"}],"circlet_count":0,"master_deck":["ats:Strike C","ats:Strike G","ats:Strike S","ats:Armor Crushing Shot","ats:Defend","ats:Defend","ats:Defend","ats:Defend","ats:Emotion Absorption","ats:Magnetic Hammer","ats:Ignite+1","ats:Hammer On","ats:Hook Shot","ats:Assault Order","ats:Guardian Obelisk+1","ReplayTheSpireMod:Private Reserves"],"relics":["ats:Sanity","NeowsBlessing","ats:Originium","Singing Bowl","Dota2Spire:LinkenSphere","infinitespire:Bottled Soul","Ring of Greed","Membership Card","Replay:Bandana"],"acts_visited":["Exordium"],"potions_floor_usage":[6,6],"damage_taken":[{"damage":0,"enemies":"Small Slimes","floor":1,"turns":1},{"damage":0,"enemies":"Cultist","floor":2,"turns":1},{"damage":0,"enemies":"2 Louse","floor":4,"turns":1},{"damage":6,"enemies":"2 Fungi Beasts","floor":5,"turns":4},{"damage":18,"enemies":"Gremlin Nob","floor":6,"turns":5},{"damage":44,"enemies":"Lagavulin","floor":8,"turns":9},{"damage":16,"enemies":"Gremlin Gang","floor":13,"turns":6},{"damage":10,"enemies":"Looter","floor":14,"turns":3},{"damage":6,"enemies":"Hexaghost","floor":16,"turns":2}],"seed_played":"-5469931158056446329","potions_obtained":[{"floor":1,"key":"Toxic Potion"},{"floor":5,"key":"Energy Potion"}],"is_trial":false,"path_per_floor":["M","M","?","M","M","E","R","E","T","$","R","?","M","M","R","B"],"character_chosen":"DOCTOR_CLASS","items_purchased":["ReplayTheSpireMod:Private Reserves"],"campfire_rested":1,"item_purchase_floors":[10],"current_hp_per_floor":[72,72,72,72,66,48,48,6,6,6,28,28,14,6,6,0,0],"gold":155,"neow_bonus":"THREE_ENEMY_KILL","is_daily":false,"chose_seed":false,"campfire_upgraded":2,"win_rate":0.0,"timestamp":1609423993,"path_taken":["M","M","?","?","M","E","R","E","T","$","R","?","M","M","R","BOSS"],"items_purchased_type":["Card"],"build_version":"2020-12-22","purchased_purges":1,"victory":false,"max_hp_per_floor":[72,72,72,72,72,72,72,74,74,74,74,74,76,78,78,78,78],"card_choices":[{"not_picked":["ats:Curse Doll","ats:Flexible Camouflage"],"picked":"ats:Magnetic Hammer","floor":1},{"not_picked":["ats:Steam Pump","ats:Explosion Area Strengthen"],"picked":"ats:Ignite","floor":2},{"not_picked":["ats:Leaping Hammer","ats:Curse Doll"],"picked":"ats:Hook Shot","floor":4},{"not_picked":["ats:Hammer On","ats:Childhood Dance"],"picked":"ats:Assault Order","floor":5},{"not_picked":["ats:Red Shift","ats:Assault Order"],"picked":"ats:Guardian Obelisk","floor":6},{"not_picked":["ats:Hammer On","ats:Cat Scratch","ats:Powerful Strike"],"picked":"Singing Bowl","floor":8},{"not_picked":["ats:Shell Defense","ats:Disruption Kick","ats:Neurotoxin"],"picked":"Singing Bowl","floor":13},{"not_picked":["ats:Assault Order","ats:Hammer On","ats:Healing Drone"],"picked":"Singing Bowl","floor":14}],"player_experience":304061,"relics_obtained":[{"floor":6,"key":"ats:Originium"},{"floor":6,"key":"Singing Bowl"},{"floor":8,"key":"ats:Originium"},{"floor":8,"key":"Dota2Spire:LinkenSphere"},{"floor":9,"key":"infinitespire:Bottled Soul"},{"floor":12,"key":"Ring of Greed"},{"floor":12,"key":"Membership Card"},{"floor":12,"key":"Replay:Bandana"}],"event_choices":[{"damage_healed":0,"gold_gain":0,"player_choice":"1 cards matched","damage_taken":0,"max_hp_gain":0,"max_hp_loss":0,"event_name":"Match and Keep!","floor":3,"gold_loss":0,"cards_obtained":["ats:Hammer On"]}],"is_beta":false,"boss_relics":[],"items_purged_floors":[10],"is_endless":false,"potions_floor_spawned":[1,5],"killed_by":"Hexaghost","ascension_level":0}}