{"host":"xazfs2cmso1lkipw","time":1609399982,"event":{"mods":["Arknights The Spire","BaseMod","Bestiary","Better Third Choice","Colored Powertips","Custom Start","Highlight Path","Mad Scientist","Marisa????????","Minty Spire (QoL Compilation)","Quick Restart","Railgun Mod","Relic Stats","Remilia??????","Shop Mod","StSLib","The Alterego","The Elementalist","The Servant 0.9.4","TheSwordswoman"],"gold_per_floor":[113,113,113,163,178,218,230,269,281,318,85,118,118,133,133,205,205,215,227,245,256,273,300,314,349,349,380,36,36,66,66,66,142,142,158,158,158,190,205,231,231,261,307,336,336,371,371,383,383,383],"floor_reached":51,"playtime":1582,"items_purged":[],"score":2998,"play_id":"e017bab0-a117-4ed0-a752-81a4a18db936","local_time":"20201231153302","daily_mods":["Hoarder","Vintage","Time Dilation","Flight","DeadlyEvents","Elite Swarm","Lethality"],"is_ascension_mode":true,"campfire_choices":[{"data":"Echo Form","floor":7,"key":"SMITH"},{"data":"TheRailgun:Level_6","floor":15,"key":"SMITH"},{"data":"Echo Form","floor":32,"key":"SMITH"},{"data":"Echo Form","floor":41,"key":"SMITH"},{"data":"Echo Form","floor":45,"key":"SMITH"},{"data":"Demon Form","floor":47,"key":"SMITH"},{"floor":49,"key":"REST"}],"circlet_count":0,"master_deck":["Demon Form+1","Wraith Form v2","Echo Form+1","DevaForm+1","TheRailgun:Level_6+1","BatForm","FlawlessForm","AscendersBane","Strike_RM","Strike_RM","Strike_RM","Defend_RM+1","Defend_RM","RedMoon","ScarletShoot","Echo Form+1","Echo Form+1","Echo Form+1","ForecastOfChange+1","ForecastOfChange+1","ForecastOfChange+1","BloodyHallows+1","BloodyHallows+1","BloodyHallows+1","BloodRain+1","BloodRain+1","BloodRain+1","EmergencyRegeneration+1","EmergencyRegeneration+1","EmergencyRegeneration+1","Mind Blast+1","Mind Blast+1","Mind Blast+1","MastersStateliness+1","MastersStateliness+1","MastersStateliness+1","HellCatastrophe+1","HellCatastrophe+1","HellCatastrophe+1","DemonKingCradle+1","DemonKingCradle+1","DemonKingCradle+1","ScarletMeister+1","ScarletMeister+1","ScarletMeister+1","BloodyCatastrophe+1","BloodyCatastrophe+1","BloodyCatastrophe+1","KillingBlow+1","KillingBlow+1","KillingBlow+1","HellCatastrophe+1","HellCatastrophe+1","HellCatastrophe+1"],"relics":["ScarletHat","ScarletHat","AntiCross","APieceOfRedMist","Bottled Tornado","DollysMirror","FairyMaid","Molten Egg 2","Toxic Egg 2","RedBat","TypeBBloodRedTea","ScarletEmblem","Gungnir","Frozen Egg 2","MawBank","Anchor","Blood Vial","StrikeDummy","Question Card","Pantograph","Incense Burner","Art of War","Lantern","Bronze Scales","Toy Ornithopter","Potion Belt","Dead Branch","Meat on the Bone","HornCleat","Ice Cream","Empty Cage","Omamori","Mango","Letter Opener","Blue Candle","The Courier","Dream Catcher","Orichalcum","CeramicFish","Nunchaku"],"acts_visited":["Exordium","TheCity","TheBeyond"],"potions_floor_usage":[6],"damage_taken":[{"damage":0,"enemies":"2 Louse","floor":1,"turns":2},{"damage":0,"enemies":"Jaw Worm","floor":5,"turns":2},{"damage":0,"enemies":"Lagavulin","floor":6,"turns":3},{"damage":2,"enemies":"3 Sentries","floor":8,"turns":3},{"damage":4,"enemies":"Gremlin Nob","floor":10,"turns":1},{"damage":0,"enemies":"Lagavulin","floor":12,"turns":1},{"damage":0,"enemies":"Small Slimes","floor":14,"turns":1},{"damage":5,"enemies":"Hexaghost","floor":16,"turns":1},{"damage":0,"enemies":"3 Byrds","floor":18,"turns":1},{"damage":0,"enemies":"Spheric Guardian","floor":19,"turns":1},{"damage":0,"enemies":"Snake Plant","floor":20,"turns":1},{"damage":0,"enemies":"Shelled Parasite and Fungi","floor":21,"turns":1},{"damage":0,"enemies":"3 Cultists","floor":22,"turns":2},{"damage":0,"enemies":"Gremlin Leader","floor":23,"turns":1},{"damage":0,"enemies":"Sentry and Sphere","floor":24,"turns":1},{"damage":0,"enemies":"Book of Stabbing","floor":25,"turns":1},{"damage":0,"enemies":"Gremlin Leader","floor":27,"turns":1},{"damage":0,"enemies":"Book of Stabbing","floor":30,"turns":1},{"damage":0,"enemies":"Collector","floor":33,"turns":2},{"damage":0,"enemies":"3 Darklings","floor":35,"turns":1},{"damage":0,"enemies":"Reptomancer","floor":38,"turns":1},{"damage":1,"enemies":"Orb Walker","floor":39,"turns":1},{"damage":0,"enemies":"Nemesis","floor":40,"turns":1},{"damage":2,"enemies":"Reptomancer","floor":42,"turns":1},{"damage":0,"enemies":"Nemesis","floor":44,"turns":1},{"damage":44,"enemies":"Giant Head","floor":46,"turns":3},{"damage":130,"enemies":"Transient","floor":48,"turns":4},{"damage":0,"enemies":"Time Eater","floor":50,"turns":1}],"seed_played":"-3471753973003611902","potions_obtained":[{"floor":1,"key":"BlessingOfTheForge"},{"floor":5,"key":"Regen Potion"},{"floor":6,"key":"Block Potion"},{"floor":30,"key":"BlessingOfTheForge"},{"floor":40,"key":"Explosive Potion"}],"is_trial":true,"path_per_floor":["M","?","?","?","M","E","R","E","T","E","$","E","$","M","R","B",null,"M","M","M","M","M","E","M","E","T","E","$","?","E","$","R","B",null,"M","?","?","E","M","E","R","E","T","E","R","E","R","M","R","B",null],"character_chosen":"REMILIA","items_purchased":["EmergencyRegeneration+1","Mind Blast+1","MastersStateliness+1","Ice Cream"],"campfire_rested":1,"item_purchase_floors":[11,11,11,28],"current_hp_per_floor":[67,67,46,46,51,67,67,70,70,68,68,70,70,70,70,67,69,70,70,70,70,70,70,70,70,70,70,70,70,70,70,70,70,70,70,70,70,84,83,84,84,82,82,84,84,50,50,19,44,84],"gold":383,"neow_bonus":"","is_daily":false,"chose_seed":false,"campfire_upgraded":6,"win_rate":0.0,"timestamp":1609399982,"path_taken":["M","?","?","?","M","E","R","E","T","E","$","E","$","M","R","BOSS","M","M","M","M","M","E","M","E","T","E","$","?","E","$","R","BOSS","M","?","?","?","M","E","R","E","T","E","R","E","R","M","R","BOSS"],"items_purchased_type":["Card","Card","Card","Relic"],"build_version":"2020-12-22","purchased_purges":0,"victory":true,"max_hp_per_floor":[70,70,70,70,70,70,70,70,70,70,70,70,70,70,70,70,70,70,70,70,70,70,70,70,70,70,70,70,70,70,70,70,70,70,70,70,70,84,84,84,84,84,84,84,84,84,84,84,84,84],"relic_stats":{"counters":[28,41],"Dead Branch":[44],"Blue Candle":[0],"CeramicFish":0,"Letter Opener":[10],"Orichalcum":[6],"MawBank":72,"Question Card":13,"Blood Vial":10,"Dream Catcher":1,"Nunchaku":[0],"Pantograph":25,"Bronze Scales":[9],"Art of War":[3],"obtain_stats":[{"Ice Cream":28,"Lantern":19,"CeramicFish":46,"FairyMaid":0,"Mango":38,"Incense Burner":14,"Bottled Tornado":0,"Empty Cage":34,"ScarletHat":0,"RedBat":0,"Blood Vial":8,"Dream Catcher":43,"Nunchaku":48,"HornCleat":27,"DollysMirror":0,"Pantograph":12,"AntiCross":0,"Toxic Egg 2":0,"Potion Belt":23,"TypeBBloodRedTea":0,"Dead Branch":24,"Blue Candle":40,"The Courier":42,"Omamori":35,"ScarletEmblem":0,"Letter Opener":39,"Frozen Egg 2":1,"Orichalcum":44,"MawBank":5,"Question Card":10,"Gungnir":0,"APieceOfRedMist":0,"Anchor":6,"Bronze Scales":20,"Molten Egg 2":0,"Art of War":18,"StrikeDummy":9,"Toy Ornithopter":22,"Meat on the Bone":26},{"Ice Cream":17,"Lantern":10,"CeramicFish":26,"FairyMaid":0,"Mango":21,"Incense Burner":7,"Bottled Tornado":0,"Empty Cage":19,"ScarletHat":0,"RedBat":0,"Blood Vial":4,"Dream Catcher":24,"Nunchaku":27,"HornCleat":17,"DollysMirror":0,"Pantograph":6,"AntiCross":0,"Toxic Egg 2":0,"Potion Belt":14,"TypeBBloodRedTea":0,"Dead Branch":15,"Blue Candle":23,"The Courier":24,"Omamori":20,"ScarletEmblem":0,"Letter Opener":22,"Frozen Egg 2":1,"Orichalcum":25,"MawBank":2,"Question Card":5,"Gungnir":0,"APieceOfRedMist":0,"Anchor":3,"Bronze Scales":11,"Molten Egg 2":0,"Art of War":9,"StrikeDummy":4,"Toy Ornithopter":13,"Meat on the Bone":16},{"Ice Cream":24,"Lantern":16,"CeramicFish":36,"FairyMaid":0,"Mango":29,"Incense Burner":13,"Bottled Tornado":0,"Empty Cage":27,"ScarletHat":0,"RedBat":0,"Blood Vial":10,"Dream Catcher":32,"Nunchaku":40,"HornCleat":24,"DollysMirror":0,"Pantograph":12,"AntiCross":0,"Toxic Egg 2":0,"Potion Belt":21,"TypeBBloodRedTea":0,"Dead Branch":22,"Blue Candle":31,"The Courier":32,"Omamori":28,"ScarletEmblem":0,"Letter Opener":30,"Frozen Egg 2":2,"Orichalcum":33,"MawBank":4,"Question Card":11,"Gungnir":0,"APieceOfRedMist":0,"Anchor":7,"Bronze Scales":17,"Molten Egg 2":0,"Art of War":15,"StrikeDummy":10,"Toy Ornithopter":20,"Meat on the Bone":23}],"Toy Ornithopter":0,"Meat on the Bone":0},"card_choices":[{"not_picked":["CurseOfVladTepes+1","BloodySeventeenLaser+1"],"picked":"ForecastOfChange+1","floor":6},{"not_picked":["ForecastOfChange+1","TransientEternity+1"],"picked":"BloodyHallows+1","floor":8},{"not_picked":["QueenOfMidnight+1","CurseOfVladTepes+1"],"picked":"BloodRain+1","floor":10},{"not_picked":["BloodyCatastrophe+1","BloodyHallows+1","TricksterDevil+1"],"picked":"HellCatastrophe+1","floor":12},{"not_picked":["TricksterDevil+1","BloodRain+1","BloodySeventeenLaser+1"],"picked":"DemonKingCradle+1","floor":16},{"not_picked":["EquivalentExchange+1","TransientEternity+1","ForecastOfChange+1"],"picked":"ScarletMeister+1","floor":23},{"not_picked":["DemonKingCradle+1","BloodySeventeenLaser+1","CeilingFear+1"],"picked":"BloodyCatastrophe+1","floor":25},{"not_picked":["EquivalentExchange+1","ScarletMeister+1","QueenOfMidnight+1"],"picked":"KillingBlow+1","floor":27},{"not_picked":["BloodySeventeenLaser+1","ScarletCoffin+1","CurseOfVladTepes+1"],"picked":"HellCatastrophe+1","floor":30},{"not_picked":["BloodRain+1","CeilingFear+1","ChaoticDestiny+1","KillingBlow+1"],"picked":"SKIP","floor":38},{"not_picked":["BloodRain+1","ChaoticDestiny+1","QueenOfMidnight+1","EquivalentExchange+1"],"picked":"SKIP","floor":40},{"not_picked":["EquivalentExchange+1","HellCatastrophe+1","DemonKingCradle+1","TransientEternity+1"],"picked":"SKIP","floor":42},{"not_picked":["CeilingFear+1","TransientEternity+1","BloodyCatastrophe+1","BatForm+1"],"picked":"SKIP","floor":44},{"not_picked":["ScarletMeister+1","CeilingFear+1","CurseOfVladTepes+1","TransientEternity+1"],"picked":"SKIP","floor":46}],"player_experience":25312,"relics_obtained":[{"floor":1,"key":"Frozen Egg 2"},{"floor":5,"key":"MawBank"},{"floor":6,"key":"Anchor"},{"floor":8,"key":"Blood Vial"},{"floor":9,"key":"StrikeDummy"},{"floor":10,"key":"Question Card"},{"floor":12,"key":"Pantograph"},{"floor":14,"key":"Incense Burner"},{"floor":18,"key":"Art of War"},{"floor":19,"key":"Lantern"},{"floor":20,"key":"Bronze Scales"},{"floor":22,"key":"Toy Ornithopter"},{"floor":23,"key":"Potion Belt"},{"floor":24,"key":"Dead Branch"},{"floor":26,"key":"Meat on the Bone"},{"floor":27,"key":"HornCleat"},{"floor":35,"key":"Omamori"},{"floor":38,"key":"Mango"},{"floor":39,"key":"Letter Opener"},{"floor":40,"key":"Blue Candle"},{"floor":42,"key":"The Courier"},{"floor":43,"key":"Dream Catcher"},{"floor":44,"key":"Orichalcum"},{"floor":46,"key":"CeramicFish"},{"floor":48,"key":"Nunchaku"}],"event_choices":[{"damage_healed":0,"gold_gain":0,"player_choice":"Ignored","damage_taken":0,"max_hp_gain":0,"max_hp_loss":0,"event_name":"Golden Idol","floor":2,"gold_loss":0},{"damage_healed":67,"gold_gain":0,"player_choice":"Upgrade","damage_taken":21,"max_hp_gain":0,"max_hp_loss":70,"event_name":"betterThird:BetterShining","floor":3,"gold_loss":0,"cards_upgraded":["DevaForm","Defend_RM"]},{"cards_removed":["Strike_RM"],"damage_healed":0,"gold_gain":0,"player_choice":"Removed Attack","damage_taken":0,"max_hp_gain":0,"max_hp_loss":0,"event_name":"Falling","floor":36,"gold_loss":0},{"damage_healed":0,"gold_gain":0,"player_choice":"Ignored","damage_taken":0,"max_hp_gain":0,"max_hp_loss":0,"event_name":"Tomb of Lord Red Mask","floor":37,"gold_loss":0}],"is_beta":false,"boss_relics":[{"not_picked":["Runic Dome","Coffee Dripper","Snecko Eye"]},{"not_picked":["Tiny House","SacredBark"],"picked":"Empty Cage"}],"items_purged_floors":[],"is_endless":false,"potions_floor_spawned":[1,5,6,14,19,21,22,24,27,30,33,35,40,44],"ascension_level":20}}