{"host":"hzinic87vu8p95wn","time":1609427850,"event":{"mods":["BaseMod","Minty Spire (QoL Compilation)"],"gold_per_floor":[116,127,178,198,277,277,129,158,158,185,185,21,21,171,171,243,243,261,261,261],"floor_reached":19,"playtime":650,"items_purged":["Strike_B"],"score":329,"play_id":"a91c7482-00db-45f1-87d0-cd6a76d323e0","local_time":"20210101021730","is_ascension_mode":true,"campfire_choices":[{"floor":6.0,"key":"REST"},{"floor":11,"key":"REST"},{"data":"Zap","floor":13,"key":"SMITH"},{"data":"Gash","floor":15,"key":"SMITH"}],"circlet_count":0,"master_deck":["AscendersBane","Strike_B","Strike_B","Strike_B","Defend_B","Defend_B","Defend_B","Defend_B","Zap+1","Dualcast","All For One","Sweeping Beam","Streamline","Scrape","Glacier","Blind","Gash+1","Go for the Eyes","FTL","Turbo+1"],"relics":["Cracked Core","Mummified Hand","Omamori","Sundial","White Beast Statue","Black Star"],"acts_visited":["Exordium","TheCity"],"potions_floor_usage":[8,16],"damage_taken":[{"damage":4.0,"enemies":"2 Louse","floor":1.0,"turns":3.0},{"damage":4.0,"enemies":"Jaw Worm","floor":2.0,"turns":4.0},{"damage":10.0,"enemies":"Small Slimes","floor":4.0,"turns":4.0},{"damage":22,"enemies":"Gremlin Nob","floor":8,"turns":4},{"damage":22,"enemies":"3 Sentries","floor":10,"turns":9},{"damage":38,"enemies":"The Guardian","floor":16,"turns":14},{"damage":18,"enemies":"Spheric Guardian","floor":18,"turns":5},{"damage":0,"enemies":"2 Thieves","floor":19,"turns":1}],"seed_played":"-5346794008332723674","potions_obtained":[{"floor":1.0,"key":"SteroidPotion"},{"floor":10,"key":"LiquidMemories"},{"floor":16,"key":"GamblersBrew"},{"floor":18,"key":"EntropicBrew"}],"is_trial":false,"path_per_floor":["M","M","?","M","T","R","$","E","T","E","R","$","R","?","R","B",null,"M","M"],"character_chosen":"DEFECT","items_purchased":["Glacier","Blind","FTL"],"campfire_rested":2,"item_purchase_floors":[7,7,12],"current_hp_per_floor":[60,56,56,46,46,67,67,45,45,23,44,44,44,44,44,6,55,37,37,37],"gold":261,"neow_bonus":"ONE_RANDOM_RARE_CARD","is_daily":false,"chose_seed":false,"campfire_upgraded":2,"win_rate":0.0,"timestamp":1609427850,"path_taken":["M","M","?","M","?","R","$","E","T","E","R","$","R","?","R","BOSS","M","M"],"items_purchased_type":["Card","Card","Card"],"build_version":"2020-12-22","purchased_purges":1,"victory":false,"max_hp_per_floor":[71,71,71,71,71,71,71,71,71,71,71,71,71,71,71,71,71,71,71,71],"card_choices":[{"not_picked":["Steam Power","Genetic Algorithm"],"picked":"Sweeping Beam","floor":1.0},{"not_picked":["Turbo","White Noise"],"picked":"Streamline","floor":2.0},{"not_picked":["Sweeping Beam","Reinforced Body"],"picked":"Scrape","floor":4.0},{"not_picked":["Storm","Steam"],"picked":"Gash","floor":8},{"not_picked":["Skim","Streamline"],"picked":"Go for the Eyes","floor":10},{"not_picked":["Sweeping Beam","Compile Driver"],"picked":"Turbo+1","floor":18}],"player_experience":1551551,"relics_obtained":[{"floor":5.0,"key":"Mummified Hand"},{"floor":8,"key":"Omamori"},{"floor":9,"key":"Sundial"},{"floor":10,"key":"White Beast Statue"}],"event_choices":[{"damage_healed":0.0,"max_hp_gain":0.0,"max_hp_loss":0.0,"gold_gain":51.0,"event_name":"Golden Wing","player_choice":"Gained Gold","floor":3.0,"gold_loss":0.0,"damage_taken":0.0},{"damage_healed":0,"gold_gain":150,"player_choice":"AGREE","damage_taken":0,"max_hp_gain":0,"max_hp_loss":0,"event_name":"Liars Game","floor":14,"gold_loss":0,"cards_obtained":["Doubt"]}],"is_beta":false,"boss_relics":[{"not_picked":["FrozenCore","Runic Pyramid"],"picked":"Black Star"}],"items_purged_floors":[12],"is_endless":false,"potions_floor_spawned":[1,10,16,18],"killed_by":"2 Thieves","ascension_level":18}}