{"host":"kos1s9q8ffr8fqos","time":1609405920,"event":{"mods":["BaseMod","Bestiary","Better Altar","Better Match","Better Note","Better Sensory Stone","Better Skull","Better Third Choice","Better Vampires","Colored Map","Colored Powertips","Curses Come First","Downfall","Hermit","Infinite Spire","Minty Spire (QoL Compilation)","Quick Restart","Random Character Button","Relic Stats","Replay The Spire","StSLib","The Blue Laboratory","The Disciple"],"gold_per_floor":[99,99,314,314,314,45,45,76,61,61,74,74,102,114,134,134,134,134],"floor_reached":16,"playtime":807,"items_purged":[],"score":111,"play_id":"87305713-5b0f-4c75-afbd-e5d74e4f3dba","local_time":"20201231031200","is_ascension_mode":true,"campfire_choices":[{"floor":1,"key":"RECALL"},{"data":"Transmutation","floor":12,"key":"SMITH"}],"circlet_count":0,"master_deck":["champ:Strike","champ:Strike","champ:Strike","champ:Defend","champ:Defend","champ:Defend","champ:Defend","champ:Execute+1","champ:Taunt","champ:DefensiveStyle","champ:SkillfulDodge","champ:DefensiveShout","champ:IronFortress","champ:Balance","Transmutation+1","champ:Control","champ:MurderStrike","champ:DancingMaster","champ:TornadoPunch","champ:FlashCut","champ:GutPunch","champ:DefensiveShout"],"relics":["champ:ChampionCrown","downfall:HeartsMalice","infinitespire:ShieldingShard","InkBottle","champ:DefensiveTrainingManual"],"acts_visited":["Exordium"],"potions_floor_usage":[13,16,16],"damage_taken":[{"damage":0,"enemies":"2 Louse","floor":2,"turns":1},{"damage":0,"enemies":"Cultist","floor":4,"turns":1},{"damage":0,"enemies":"Small Slimes","floor":5,"turns":1},{"damage":11,"enemies":"downfall:FleeingMerchant","floor":6,"turns":4},{"damage":8,"enemies":"Lagavulin","floor":8,"turns":8},{"damage":0,"enemies":"downfall:FleeingMerchant","floor":9,"turns":4},{"damage":0,"enemies":"Blue Slaver","floor":11,"turns":4},{"damage":40,"enemies":"Gremlin Nob","floor":13,"turns":5},{"damage":2,"enemies":"Red Slaver","floor":14,"turns":3},{"damage":2,"enemies":"Lots of Slimes","floor":15,"turns":2},{"damage":26,"enemies":"downfall:Ironclad","floor":16,"turns":2}],"seed_played":"-8198177658818475988","potions_obtained":[{"floor":11,"key":"hexamod:EctoCoolerPotion"},{"floor":13,"key":"blueLaboratory:LouseDecoction"},{"floor":14,"key":"blueLaboratory:EmptyBottle"},{"floor":15,"key":"Slimebound:ThreeZeroPotion"}],"is_trial":false,"path_per_floor":["R","M","?","M","M","$","T","E","$","?","M","R","E","M","M","B"],"character_chosen":"THE_CHAMP","items_purchased":["champ:Balance","Transmutation"],"campfire_rested":0,"item_purchase_floors":[6,6],"current_hp_per_floor":[90,90,59,59,59,58,58,55,55,55,55,55,20,23,21,0,0,0],"gold":134,"neow_bonus":"THREE_ENEMY_KILL","is_daily":false,"chose_seed":false,"campfire_upgraded":1,"win_rate":0.0,"timestamp":1609405920,"path_taken":["R","M","?","M","M","$","T","E","?","?","M","R","E","?","M","BOSS"],"items_purchased_type":["Card","Card"],"build_version":"2020-12-22","purchased_purges":0,"victory":false,"max_hp_per_floor":[90,90,90,90,90,90,90,90,90,90,90,90,90,90,90,90,90,90],"relic_stats":{"counters":[11,32],"obtain_stats":[{"infinitespire:ShieldingShard":7,"champ:DefensiveTrainingManual":13,"champ:ChampionCrown":0,"downfall:HeartsMalice":0,"InkBottle":8},{"infinitespire:ShieldingShard":4,"champ:DefensiveTrainingManual":8,"champ:ChampionCrown":0,"downfall:HeartsMalice":0,"InkBottle":5},{"infinitespire:ShieldingShard":4,"champ:DefensiveTrainingManual":25,"champ:ChampionCrown":0,"downfall:HeartsMalice":0,"InkBottle":12}],"InkBottle":[5]},"card_choices":[{"not_picked":["champ:FlashCut","champ:EnragedBash"],"picked":"champ:DefensiveStyle","floor":2},{"not_picked":["champ:AdrenalArmor","champ:BringItOn"],"picked":"champ:SkillfulDodge","floor":4},{"not_picked":["champ:Haymaker","champ:FlashCut"],"picked":"champ:DefensiveShout","floor":5},{"not_picked":["champ:CrookedStrike","champ:Lariat"],"picked":"champ:IronFortress","floor":6},{"not_picked":["champ:Aggression","champ:FaceSlap"],"picked":"champ:Control","floor":8},{"not_picked":["champ:CrookedStrike","champ:DefensiveShout"],"picked":"champ:MurderStrike","floor":9},{"not_picked":["champ:FanOfKnives","champ:BladeFlurry"],"picked":"champ:TornadoPunch","floor":11},{"not_picked":["champ:Lariat","champ:RisingSlash"],"picked":"champ:FlashCut","floor":13},{"not_picked":["champ:DefensiveShout","champ:FocusedBerserking"],"picked":"champ:GutPunch","floor":14},{"not_picked":["champ:ShieldThrow","champ:PerfectedStrike"],"picked":"champ:DefensiveShout","floor":15}],"player_experience":1272327,"relics_obtained":[{"floor":7,"key":"infinitespire:ShieldingShard"},{"floor":8,"key":"InkBottle"},{"floor":13,"key":"champ:DefensiveTrainingManual"}],"event_choices":[{"damage_healed":0,"gold_gain":215,"player_choice":"GO UP GO ","damage_taken":35,"relics_obtained":[],"max_hp_gain":0,"max_hp_loss":0,"event_name":"betterSkull:BetterSkull","floor":3,"gold_loss":0,"cards_upgraded":["champ:Execute"]},{"damage_healed":0,"gold_gain":0,"cards_transformed":["champ:Strike"],"player_choice":"Transformed","damage_taken":0,"max_hp_gain":0,"max_hp_loss":0,"event_name":"Transmorgrifier","floor":10,"gold_loss":0,"cards_obtained":["champ:DancingMaster"]}],"is_beta":false,"boss_relics":[],"items_purged_floors":[],"is_endless":false,"potions_floor_spawned":[11,13,14,15],"killed_by":"downfall:Ironclad","ascension_level":1}}