{"host":"yn17ruofed46ymbq","time":1609405433,"event":{"mods":["AchievementEnabler","BaseMod","Colored Map","Colored Powertips","DeckTracker","Highlight Path","Keyboard Shortcuts","Minty Spire (QoL Compilation)","Permanent Neow","Quick Restart","Rare Cards Sparkle","Relic Stats","SuperFastMode"],"gold_per_floor":[131,164,218,15,47,82,82,138,138,138,201,201,242,299,299,299,299],"floor_reached":16,"playtime":361,"items_purged":[],"score":151,"play_id":"ac9695da-7246-47db-b238-5d760223e9f3","local_time":"20201231180353","is_ascension_mode":true,"campfire_choices":[{"floor":7,"key":"REST"},{"data":"True Grit","floor":12,"key":"SMITH"},{"floor":15,"key":"REST"}],"circlet_count":0,"master_deck":["Strike_R","Strike_R","Strike_R","Strike_R","Strike_R","Defend_R","Defend_R","Defend_R","Defend_R","Bash","HandOfGreed+1","Second Wind","Thunderclap","Metallicize","True Grit+1","Dark Embrace","Barricade","Feel No Pain","Fire Breathing","Battle Trance+1"],"relics":["Burning Blood","Bronze Scales","The Courier","Letter Opener","Toxic Egg 2"],"acts_visited":["Exordium"],"potions_floor_usage":[6,13,16],"damage_taken":[{"damage":13,"enemies":"Jaw Worm","floor":1,"turns":5},{"damage":7,"enemies":"Small Slimes","floor":2,"turns":4},{"damage":2,"enemies":"2 Louse","floor":3,"turns":4},{"damage":16,"enemies":"Exordium Wildlife","floor":5,"turns":4},{"damage":36,"enemies":"Gremlin Nob","floor":6,"turns":4},{"damage":6,"enemies":"2 Fungi Beasts","floor":11,"turns":5},{"damage":17,"enemies":"Exordium Thugs","floor":13,"turns":4},{"damage":26,"enemies":"3 Sentries","floor":14,"turns":5},{"damage":41,"enemies":"Slime Boss","floor":16,"turns":7}],"seed_played":"1707589608535561677","potions_obtained":[{"floor":3,"key":"Block Potion"},{"floor":11,"key":"ColorlessPotion"},{"floor":14,"key":"SteroidPotion"}],"is_trial":false,"path_per_floor":["M","M","M","$","M","E","R","?","T","?","M","R","M","E","R","B"],"character_chosen":"IRONCLAD","items_purchased":["Bronze Scales","True Grit"],"campfire_rested":2,"item_purchase_floors":[4,4],"current_hp_per_floor":[65,64,68,68,58,28,49,49,49,49,49,49,38,18,39,0,0],"gold":299,"neow_bonus":"RANDOM_COLORLESS_2","is_daily":false,"chose_seed":false,"campfire_upgraded":1,"win_rate":0.0,"timestamp":1609405433,"path_taken":["M","M","M","$","M","E","R","?","T","?","M","R","M","E","R","BOSS"],"items_purchased_type":["Relic","Card"],"build_version":"2020-12-22","purchased_purges":0,"victory":false,"max_hp_per_floor":[72,72,72,72,72,72,72,72,72,72,72,72,72,72,72,72,72],"relic_stats":{"counters":[9,42],"Bronze Scales":[51],"Letter Opener":[0],"obtain_stats":[{"Bronze Scales":4,"The Courier":6,"Letter Opener":9,"Toxic Egg 2":14,"Burning Blood":0},{"Bronze Scales":3,"The Courier":5,"Letter Opener":5,"Toxic Egg 2":8,"Burning Blood":0},{"Bronze Scales":13,"The Courier":21,"Letter Opener":21,"Toxic Egg 2":35,"Burning Blood":0}],"Burning Blood":48},"card_choices":[{"not_picked":["Magnetism","The Bomb"],"picked":"HandOfGreed","floor":0},{"not_picked":["Ghostly Armor","Perfected Strike"],"picked":"Second Wind","floor":1},{"not_picked":["Searing Blow","Warcry"],"picked":"Thunderclap","floor":2},{"not_picked":["Wild Strike","Uppercut"],"picked":"Metallicize","floor":3},{"not_picked":["Intimidate","Flex"],"picked":"Dark Embrace","floor":5},{"not_picked":["True Grit","Clothesline"],"picked":"Barricade","floor":6},{"not_picked":["Intimidate","Cleave"],"picked":"Feel No Pain","floor":11},{"not_picked":["Shrug It Off","Demon Form"],"picked":"Fire Breathing","floor":13},{"not_picked":["Perfected Strike","Demon Form"],"picked":"Battle Trance+1","floor":14}],"player_experience":438824,"relics_obtained":[{"floor":6,"key":"The Courier"},{"floor":9,"key":"Letter Opener"},{"floor":14,"key":"Toxic Egg 2"}],"event_choices":[{"damage_healed":0,"gold_gain":56,"player_choice":"Gained Gold","damage_taken":0,"max_hp_gain":0,"max_hp_loss":0,"event_name":"Golden Wing","floor":8,"gold_loss":0},{"damage_healed":0,"gold_gain":0,"player_choice":"Grow","damage_taken":0,"max_hp_gain":0,"max_hp_loss":0,"event_name":"Living Wall","floor":10,"gold_loss":0,"cards_upgraded":["HandOfGreed"]}],"is_beta":false,"boss_relics":[],"items_purged_floors":[],"is_endless":false,"potions_floor_spawned":[3,11,14],"killed_by":"Slime Boss","ascension_level":7}}