{"host":"6gnjg44wf0nz538o","time":1609410425,"event":{"mods":["AchievementEnabler","BaseMod","BetterRewards","Colored Map","Minty Spire (QoL Compilation)","Replay The Spire","Spicy Shops","StSLib","The Servant 0.9.4"],"gold_per_floor":[117,117,24,24,24,56,56,91,117,136,150,164,178,228,240,329,341,363,375,387,387],"floor_reached":20,"playtime":813,"items_purged":[],"score":565,"play_id":"819e827f-3be0-4c53-81cd-478dbb46bf77","local_time":"20201231052705","is_ascension_mode":true,"campfire_choices":[{"data":"Shrug It Off","floor":7,"key":"SMITH"},{"floor":15,"key":"REST"}],"circlet_count":0,"master_deck":["AscendersBane","Strike_R","Strike_R","Strike_R","Strike_R","Defend_R","Defend_R","Defend_R","Defend_R","Bash","Shrug It Off+1","Life Link+1","Flex","Twin Strike","Abandon+1","Barricade+1","Iron Wave","Anger","Shrug It Off","Iron Wave","Normality","Regret","Juggernaut+1","CurseOfTheBell","Decay"],"relics":["Burning Blood","Frozen Egg 2","NlothsMask","Pear","Blue Candle","Ring of Greed","Ring of Misfortune","MawBank","Tiny Chest","Calling Bell","Toy Ornithopter","Ornamental Fan","StoneCalendar"],"acts_visited":["Exordium","TheCity"],"potions_floor_usage":[16,16,18],"damage_taken":[{"damage":7,"enemies":"Small Slimes","floor":1,"turns":4},{"damage":32,"enemies":"Lagavulin","floor":6,"turns":6},{"damage":24,"enemies":"3 Sentries","floor":8,"turns":10},{"damage":9,"enemies":"Cultist","floor":10,"turns":5},{"damage":8,"enemies":"2 Louse","floor":11,"turns":3},{"damage":1,"enemies":"Large Slime","floor":12,"turns":9},{"damage":19,"enemies":"Gremlin Gang","floor":13,"turns":6},{"damage":45,"enemies":"Hexaghost","floor":16,"turns":16},{"damage":26,"enemies":"2 Thieves","floor":18,"turns":5},{"damage":61,"enemies":"Masked Bandits","floor":20,"turns":4}],"seed_played":"375162058771807528","potions_obtained":[{"floor":6,"key":"Explosive Potion"},{"floor":8,"key":"Strength Potion"},{"floor":16,"key":"Explosive Potion"}],"is_trial":false,"path_per_floor":["M","?","$","?","?","E","R","E","T","M","M","M","M","?","R","B",null,"M","?","?"],"character_chosen":"IRONCLAD","items_purchased":["Frozen Egg 2","Shrug It Off","Flex","Twin Strike"],"campfire_rested":1,"item_purchase_floors":[0,0,3,3],"current_hp_per_floor":[71,80,80,80,80,64,64,46,46,43,41,46,33,33,60,21,73,58,58,0,0],"gold":387,"neow_bonus":"","is_daily":false,"chose_seed":false,"campfire_upgraded":1,"win_rate":0.0,"timestamp":1609410425,"path_taken":["M","?","?","?","?","E","R","E","T","M","M","M","?","?","R","BOSS","M","?","?"],"items_purchased_type":["Relic","Card","Card","Card"],"build_version":"2020-12-22","purchased_purges":0,"victory":false,"max_hp_per_floor":[80,80,80,80,80,90,90,90,90,90,90,90,90,90,90,90,90,90,90,90,90],"card_choices":[{"not_picked":["Replay:Undeath\u0027s Touch","Clothesline"],"picked":"Life Link+1","floor":1},{"not_picked":["Iron Wave","Sword Boomerang"],"picked":"Barricade+1","floor":6},{"not_picked":["Rupture+1","Massacre","Burning Pact"],"picked":"SKIP","floor":8},{"not_picked":["Flex","Warcry"],"picked":"Iron Wave","floor":10},{"not_picked":["ReplayTheSpireMod:Muscle Training","Double Tap"],"picked":"Anger","floor":11},{"not_picked":["Clash","Cleave"],"picked":"Shrug It Off","floor":12},{"not_picked":["Life Link+1","Shrug It Off"],"picked":"Iron Wave","floor":13},{"not_picked":["Barricade+1","Impervious"],"picked":"Juggernaut+1","floor":16},{"not_picked":["Warcry","Wild Strike","Sever Soul"],"picked":"SKIP","floor":18}],"player_experience":508774,"relics_obtained":[{"floor":6,"key":"Pear"},{"floor":8,"key":"Blue Candle"},{"floor":14,"key":"Ring of Greed"},{"floor":14,"key":"Ring of Misfortune"},{"floor":14,"key":"MawBank"},{"floor":14,"key":"Tiny Chest"},{"floor":17,"key":"Toy Ornithopter"},{"floor":17,"key":"Ornamental Fan"},{"floor":17,"key":"StoneCalendar"}],"event_choices":[{"damage_healed":9,"gold_gain":0,"player_choice":"Full Heal","damage_taken":0,"max_hp_gain":0,"max_hp_loss":0,"event_name":"Wheel of Change","floor":2,"gold_loss":0},{"damage_healed":0,"gold_gain":0,"player_choice":"Trade","damage_taken":0,"relics_obtained":["NlothsMask"],"max_hp_gain":0,"max_hp_loss":0,"event_name":"FaceTrader","floor":5,"gold_loss":0},{"damage_healed":0,"gold_gain":0,"player_choice":"Smashed Altar","damage_taken":0,"max_hp_gain":0,"max_hp_loss":0,"event_name":"Forgotten Altar","floor":19,"gold_loss":0,"cards_obtained":["Decay"]},{"damage_healed":0,"gold_gain":0,"player_choice":"Fought Bandits","damage_taken":0,"max_hp_gain":0,"max_hp_loss":0,"event_name":"Masked Bandits","floor":20,"gold_loss":0}],"is_beta":false,"boss_relics":[{"not_picked":["ChewingGum","Empty Cage"],"picked":"Calling Bell"}],"items_purged_floors":[],"is_endless":false,"potions_floor_spawned":[6,8,16],"killed_by":"Masked Bandits","ascension_level":13}}