{"host":"dcj2yvrgcvh5dl2s","time":1609386006,"event":{"mods":["BaseMod","Better Note","Block Reminder","Colored Powertips","DeckTracker","Minty Spire (QoL Compilation)","Quick Restart","Rare Cards Sparkle","Relic Stats","StSLib"],"gold_per_floor":[361,361,511,17,31,62,62,75,155,155,172,200,256,274,274,349,349,349,349,349,349,349,349,349],"floor_reached":23,"playtime":2841,"items_purged":["Doubt"],"score":378,"play_id":"a176c689-fcd5-41ce-986b-ad215af63837","local_time":"20201231134006","is_ascension_mode":true,"campfire_choices":[{"floor":10,"key":"REST"},{"data":"Infernal Blade","floor":15,"key":"SMITH"}],"circlet_count":0,"master_deck":["AscendersBane","Strike_R","Strike_R","Strike_R","Strike_R","Defend_R","Defend_R","Defend_R","Defend_R","Bash","Infernal Blade+1","Body Slam","Bludgeon","Heavy Blade","Battle Trance","Sword Boomerang","Flex","Shockwave","Limit Break","Feel No Pain","Flex","Pummel"],"relics":["Burning Blood","Eternal Feather","Potion Belt","Meat on the Bone","Lantern","Smiling Mask","Ectoplasm","Bronze Scales"],"acts_visited":["Exordium","TheCity"],"potions_floor_usage":[12,12,16,16,23,23],"damage_taken":[{"damage":8,"enemies":"2 Louse","floor":1,"turns":2},{"damage":4,"enemies":"Small Slimes","floor":5,"turns":3},{"damage":45,"enemies":"3 Sentries","floor":6,"turns":8},{"damage":2,"enemies":"Jaw Worm","floor":8,"turns":3},{"damage":13,"enemies":"Blue Slaver","floor":11,"turns":2},{"damage":20,"enemies":"Lagavulin","floor":12,"turns":3},{"damage":11,"enemies":"Gremlin Nob","floor":13,"turns":3},{"damage":14,"enemies":"3 Louse","floor":14,"turns":5},{"damage":30,"enemies":"Slime Boss","floor":16,"turns":8},{"damage":25,"enemies":"Spheric Guardian","floor":18,"turns":4},{"damage":7,"enemies":"Chosen","floor":19,"turns":4},{"damage":44,"enemies":"Book of Stabbing","floor":23,"turns":3}],"seed_played":"-1344039884602967018","potions_obtained":[{"floor":6,"key":"LiquidBronze"},{"floor":8,"key":"LiquidMemories"},{"floor":11,"key":"LiquidMemories"},{"floor":13,"key":"SkillPotion"},{"floor":14,"key":"BlessingOfTheForge"},{"floor":18,"key":"Strength Potion"}],"is_trial":false,"path_per_floor":["M","?","?","$","M","E","$","M","T","R","M","E","?","M","R","B",null,"M","M","?","?","T","E"],"character_chosen":"IRONCLAD","items_purchased":["Body Slam","Bludgeon","Eternal Feather"],"campfire_rested":1,"item_purchase_floors":[4,4,4],"current_hp_per_floor":[66,59,59,59,61,22,22,26,26,55,48,46,41,45,54,42,62,43,42,42,42,42,0,0],"gold":349,"neow_bonus":"TWO_FIFTY_GOLD","is_daily":false,"chose_seed":false,"campfire_upgraded":1,"win_rate":0.0,"timestamp":1609386006,"path_taken":["M","?","?","$","M","E","$","M","T","R","M","E","?","M","R","BOSS","M","M","?","?","?","E"],"items_purchased_type":["Card","Card","Relic"],"build_version":"2020-12-22","purchased_purges":1,"victory":false,"max_hp_per_floor":[68,68,68,68,68,68,68,68,68,68,68,68,68,68,68,68,68,68,68,68,68,68,68,68],"relic_stats":{"counters":[12,48],"Bronze Scales":[18],"Eternal Feather":18,"Ectoplasm":51,"Smiling Mask":0,"obtain_stats":[{"Potion Belt":6,"Lantern":12,"Bronze Scales":22,"Eternal Feather":4,"Ectoplasm":17,"Smiling Mask":13,"Burning Blood":0,"Meat on the Bone":9},{"Potion Belt":3,"Lantern":6,"Bronze Scales":11,"Eternal Feather":1,"Ectoplasm":9,"Smiling Mask":7,"Burning Blood":0,"Meat on the Bone":4},{"Potion Belt":13,"Lantern":21,"Bronze Scales":45,"Eternal Feather":2,"Ectoplasm":37,"Smiling Mask":24,"Burning Blood":0,"Meat on the Bone":16}],"Burning Blood":66,"Meat on the Bone":36},"card_choices":[{"not_picked":["True Grit","Twin Strike"],"picked":"Infernal Blade","floor":1},{"not_picked":["Seeing Red","Metallicize"],"picked":"Heavy Blade","floor":5},{"not_picked":["Wild Strike","Sentinel"],"picked":"Battle Trance","floor":6},{"not_picked":["Clash","Clothesline","Sentinel"],"picked":"SKIP","floor":8},{"not_picked":["Combust","Clash"],"picked":"Sword Boomerang","floor":11},{"not_picked":["Twin Strike","Pommel Strike"],"picked":"Flex","floor":12},{"not_picked":["Disarm","Perfected Strike"],"picked":"Shockwave","floor":13},{"not_picked":["Wild Strike","Havoc","Rampage"],"picked":"SKIP","floor":14},{"not_picked":["Demon Form","Impervious"],"picked":"Limit Break","floor":16},{"not_picked":["Havoc","Iron Wave"],"picked":"Feel No Pain","floor":18},{"not_picked":["Armaments","Fire Breathing"],"picked":"Flex","floor":19}],"player_experience":2119046,"relics_obtained":[{"floor":6,"key":"Potion Belt"},{"floor":9,"key":"Meat on the Bone"},{"floor":12,"key":"Lantern"},{"floor":13,"key":"Smiling Mask"},{"floor":22,"key":"Bronze Scales"}],"event_choices":[{"cards_removed":["Strike_R"],"damage_healed":0,"gold_gain":0,"player_choice":"Card Removal","damage_taken":7,"max_hp_gain":0,"max_hp_loss":0,"event_name":"Golden Wing","floor":2,"gold_loss":0},{"damage_healed":0,"gold_gain":150,"player_choice":"AGREE","damage_taken":0,"max_hp_gain":0,"max_hp_loss":0,"event_name":"Liars Game","floor":3,"gold_loss":0,"cards_obtained":["Doubt"]},{"damage_healed":0,"gold_gain":30,"player_choice":"Searched \u00272\u0027 times","damage_taken":0,"max_hp_gain":0,"max_hp_loss":0,"event_name":"Dead Adventurer","floor":13,"gold_loss":0},{"damage_healed":0,"gold_gain":0,"player_choice":"Ignored","damage_taken":0,"max_hp_gain":0,"max_hp_loss":0,"event_name":"Vampires","floor":20,"gold_loss":0},{"damage_healed":0,"gold_gain":0,"player_choice":"Read","damage_taken":0,"max_hp_gain":0,"max_hp_loss":0,"event_name":"The Library","floor":21,"gold_loss":0,"cards_obtained":["Pummel"]}],"is_beta":false,"boss_relics":[{"not_picked":["SacredBark","Calling Bell"],"picked":"Ectoplasm"}],"items_purged_floors":[4],"is_endless":false,"potions_floor_spawned":[6,8,11,13,14,18],"killed_by":"Book of Stabbing","ascension_level":18}}