{"host":"m2aw30g9f05gqalt","time":1609440546,"event":{"mods":["Ascension Reborn","BaseMod","Beaked The Cultist","BetterRewards","Card Forge","Clawfect","Custom Start","Defuse TimeMaze Blight","Hubris","Infinite Spire","Marisa????????","Mimic Mod","Minty Spire (QoL Compilation)","Replay The Spire","Shop Mod","StSLib","The Bladedancer","The Construct","The Cursed","The Disciple","The Exalted","The Factory","The Florist","The Mystic","The Necromancer","The Servant 0.9.4","The Valiant"],"gold_per_floor":[113,129,143,154,173,173,207,226,226,239,253,281,281,299,299,396,446,457,103,121,121,140,171,191,216,239,254,293,293,293,293,293,388,388,401,411,411,613,631,631,644,662,700,719,749,749,779,791,791,791,791,791,378,408,408],"floor_reached":56,"playtime":6121,"items_purged":[],"score":1717,"play_id":"edc94652-e657-46ad-b68e-75028e7532cb","local_time":"20201231124906","is_ascension_mode":true,"campfire_choices":[{"floor":6,"key":"RECALL"},{"floor":15,"key":"REST"},{"floor":29,"key":"REST"},{"floor":32,"key":"REST"},{"floor":46,"key":"REST"},{"floor":49,"key":"REST"},{"floor":52,"key":"REST"}],"circlet_count":0,"master_deck":["blademaster:RagingBlow+1","blademaster:HighVoltage+1","blademaster:DragonStrike+1","blademaster:DeadlyDance+1","blademaster:ThunderSlash+1","blademaster:Sharpen+1","blademaster:Vortex+1","blademaster:SlyStabs+1","blademaster:AspectOfLightning+1","blademaster:Momentum+1","blademaster:Safeguard+1","blademaster:AwakeningStrike+1","blademaster:BrainBloom+1","blademaster:LeechingStrike+1","blademaster:Breeze+1","blademaster:ColdBlood+1","blademaster:AspectOfWind+1","blademaster:Havoc+1","blademaster:SlyStabs+1","blademaster:SlyStabs+1","blademaster:ChargingUp+1","blademaster:Breeze+1","blademaster:HighVoltage+1","blademaster:BrainBloom+1","blademaster:Flash+1","blademaster:SharpBlades+1","blademaster:Gust+1","blademaster:LeechingStrike+1","blademaster:CombatPrep+1","blademaster:Thrust+1","blademaster:AwakeningDefend+1","blademaster:AwakeningStrike+1","blademaster:Empower+1","blademaster:Cut+1","blademaster:BladeMastery+1","blademaster:Slice+1","blademaster:Safeguard+1","blademaster:Safeguard+1","blademaster:FuriousStrike+1","blademaster:ThunderingOpener+1","blademaster:TraverseCut+1","blademaster:TraverseCut+1","blademaster:ParryingStrike+1","blademaster:SharpBlades","Sadistic Nature","Dark Shackles+1","blademaster:AirSlash","blademaster:Slice"],"relics":["blademaster:DancersAmulet","Hammer of Thor","Seething Fire","Anvil of the Gods","Shuriken","Bag of Marbles","Toxic Egg 2","hubris:Metronome","Kunai","MerchantsRug","Bromod:ArcaneVictory","Pandora\u0027s Box","infinitespire:Golems Mask","construct:BoolHorns","hubris:CrystalStatue","Art of War","Replay:PocketPolymizer","Bromod:ArcaneGrace","theFactory:ChargeChargeCharge","hubris:BlackHole","Pen Nib","Smiling Mask"],"acts_visited":["Exordium","TheCity","TheCity","TheEnding"],"potions_floor_usage":[39,39],"damage_taken":[{"damage":5,"enemies":"infinitespire:Voidling","floor":1,"turns":2},{"damage":1,"enemies":"Jaw Worm","floor":2,"turns":4},{"damage":0,"enemies":"Cultist","floor":3,"turns":2},{"damage":1,"enemies":"2 Fungi Beasts","floor":4,"turns":3},{"damage":2,"enemies":"Blue Slaver","floor":5,"turns":3},{"damage":0,"enemies":"Gremlin Nob","floor":7,"turns":3},{"damage":5,"enemies":"Lots of Slimes","floor":8,"turns":3},{"damage":6,"enemies":"Large Slime","floor":10,"turns":3},{"damage":0,"enemies":"Looter","floor":11,"turns":2},{"damage":5,"enemies":"Replay:BlueRogue","floor":12,"turns":3},{"damage":0,"enemies":"Exordium Wildlife","floor":14,"turns":2},{"damage":12,"enemies":"Hexaghost","floor":16,"turns":6},{"damage":2,"enemies":"Chosen","floor":18,"turns":4},{"damage":0,"enemies":"3 Byrds","floor":20,"turns":2},{"damage":11,"enemies":"Sentry and Sphere","floor":22,"turns":4},{"damage":14,"enemies":"Replay:Snechameleon","floor":23,"turns":4},{"damage":0,"enemies":"Cultist and Chosen","floor":24,"turns":5},{"damage":16,"enemies":"Slavers","floor":25,"turns":3},{"damage":6,"enemies":"Chosen and Byrds","floor":27,"turns":3},{"damage":6,"enemies":"Snake Plant","floor":28,"turns":3},{"damage":25,"enemies":"Collector","floor":33,"turns":4},{"damage":6,"enemies":"theFactory:2_Experiment_Personnel","floor":35,"turns":4},{"damage":0,"enemies":"theFactory:4_Mini-Bots","floor":36,"turns":2},{"damage":0,"enemies":"theFactory:Sentry and Guards","floor":39,"turns":2},{"damage":0,"enemies":"theFactory:Sentries_and_Big_Bot","floor":41,"turns":2},{"damage":1,"enemies":"theFactory:ShrapnelTosser","floor":42,"turns":2},{"damage":0,"enemies":"theFactory:Sentry and Guards","floor":43,"turns":2},{"damage":0,"enemies":"theFactory:Sentry and Guards","floor":44,"turns":1},{"damage":0,"enemies":"theFactory:DrinkBrewer","floor":45,"turns":2},{"damage":0,"enemies":"theFactory:Manservantes","floor":47,"turns":1},{"damage":3,"enemies":"theFactory:Personnel_and_Big_Bot","floor":48,"turns":2},{"damage":0,"enemies":"theFactory:SPIDER","floor":50,"turns":2},{"damage":0,"enemies":"Shield and Spear","floor":54,"turns":2},{"damage":0,"enemies":"The Heart","floor":55,"turns":3}],"seed_played":"-3238053652874198644","potions_obtained":[{"floor":3,"key":"Block Potion"},{"floor":5,"key":"Strength Potion"},{"floor":8,"key":"FearPotion"},{"floor":13,"key":"SteroidPotion"}],"is_trial":false,"path_per_floor":["M","M","M","M","M","R","E","M","T","M","M","E","?","M","R","B",null,"M","$","M","AVR","M","E","M","E","T","M","MIM","R","?","?","R","B",null,"M","M","?","?","M","AVR","M","M","MIM","M","E","R","E","M","R","B",null,"R","$","E","B",null],"character_chosen":"THE_BLADEMASTER","items_purchased":["Shuriken","Bag of Marbles","blademaster:DragonStrike","blademaster:DeadlyDance+1","Toxic Egg 2","blademaster:ThunderSlash","MerchantsRug","Bromod:ArcaneVictory","blademaster:ParryingStrike+1","blademaster:SharpBlades","Sadistic Nature","Dark Shackles+1","blademaster:AirSlash"],"campfire_rested":6,"item_purchase_floors":[0,0,0,0,0,0,19,19,53,53,53,53,53],"current_hp_per_floor":[35,34,34,33,31,31,31,26,26,20,20,15,15,15,37,30,80,78,78,80,80,70,57,62,49,49,45,40,64,67,67,83,66,83,78,82,82,62,71,71,83,83,83,83,83,83,83,83,83,83,83,83,83,83,83],"gold":408,"neow_bonus":"","is_daily":false,"chose_seed":false,"campfire_upgraded":0,"win_rate":0.0,"timestamp":1609440546,"path_taken":["M","M","M","M","?","R","E","M","T","M","?","E","?","M","R","BOSS","M","$","M","AVR","M","E","M","E","T","M","?","R","?","?","R","BOSS","M","?","?","?","M","AVR","M","?","MIM","M","E","R","E","M","R","BOSS","R","$","E","BOSS"],"items_purchased_type":["Relic","Relic","Card","Card","Relic","Card","Relic","Relic","Card","Card","Card","Card","Card"],"build_version":"2020-12-22","purchased_purges":0,"victory":true,"max_hp_per_floor":[75,75,75,75,75,75,75,75,75,75,75,75,75,75,75,75,80,80,80,80,80,80,80,80,80,80,80,80,80,83,83,83,83,83,83,83,83,83,83,83,83,83,83,83,83,83,83,83,83,83,83,83,83,83,83],"card_choices":[{"not_picked":["blademaster:Blockade","blademaster:SharpBlades"],"picked":"blademaster:Sharpen+1","floor":1},{"not_picked":["blademaster:KiBarrier+1","blademaster:Frenzy"],"picked":"blademaster:Vortex","floor":2},{"not_picked":["blademaster:DeadlyDance+1","blademaster:IcyWind"],"picked":"blademaster:SlyStabs+1","floor":3},{"not_picked":["blademaster:BladeCross","blademaster:Stormstrike"],"picked":"blademaster:AspectOfLightning+1","floor":4},{"not_picked":["blademaster:Stability","blademaster:Thrust"],"picked":"blademaster:Momentum","floor":5},{"not_picked":["blademaster:Sharpen+1","blademaster:Frontflip+1"],"picked":"blademaster:Safeguard+1","floor":7},{"not_picked":["blademaster:Meditate","blademaster:IcyWind"],"picked":"blademaster:AwakeningStrike","floor":8},{"not_picked":["blademaster:Thrust","blademaster:EyeOfTheStorm"],"picked":"blademaster:BrainBloom+1","floor":10},{"not_picked":["blademaster:CullingStrike","blademaster:ChargingUp+1"],"picked":"blademaster:Cut","floor":11},{"not_picked":["blademaster:EyeOfTheStorm","blademaster:AwakeningStrike"],"picked":"blademaster:LeechingStrike","floor":12},{"not_picked":["blademaster:CullingStrike","blademaster:Frenzy"],"picked":"blademaster:Breeze","floor":14},{"not_picked":["blademaster:FuryOfTheElements","blademaster:StanceMastery"],"picked":"blademaster:ColdBlood","floor":16},{"not_picked":["blademaster:Quickstep","blademaster:AspectOfLightning+1"],"picked":"blademaster:AspectOfWind+1","floor":17},{"not_picked":["blademaster:Stability","blademaster:AspectOfWind+1"],"picked":"blademaster:Havoc+1","floor":18},{"not_picked":["blademaster:ParryingStrike","blademaster:FuriousStrike"],"picked":"blademaster:SlyStabs+1","floor":20},{"not_picked":["blademaster:Thrust","blademaster:Slice"],"picked":"blademaster:Gust+1","floor":22},{"not_picked":["blademaster:AwakeningDefend+1","blademaster:Sharpen+1"],"picked":"blademaster:LeechingStrike","floor":23},{"not_picked":["blademaster:CullingStrike","blademaster:Sunder+1","blademaster:StanceMastery"],"picked":"SKIP","floor":24},{"not_picked":["blademaster:Gust+1","blademaster:Stormstrike+1","blademaster:LightningCrash"],"picked":"SKIP","floor":25},{"not_picked":["blademaster:AwakeningDefend+1","blademaster:Stormstrike"],"picked":"blademaster:CombatPrep+1","floor":27},{"not_picked":["blademaster:BladeDance","blademaster:SharpBlades+1"],"picked":"blademaster:Thrust+1","floor":28},{"not_picked":["blademaster:FlockOfBlades","blademaster:Blindside"],"picked":"blademaster:Empower+1","floor":33},{"not_picked":["blademaster:CombatPrep+1","blademaster:ChargingUp+1"],"picked":"blademaster:Cut","floor":35},{"not_picked":["blademaster:IcyWind+1","blademaster:EyeOfTheTornado+1"],"picked":"blademaster:BladeMastery+1","floor":36},{"not_picked":["blademaster:DeadlyDance+1","blademaster:DragonStrike+1"],"picked":"blademaster:Slice","floor":38},{"not_picked":["blademaster:DragonStrike+1","blademaster:AwakeningStrike"],"picked":"blademaster:Safeguard+1","floor":39},{"not_picked":["blademaster:LightningDraw","blademaster:KiBarrier+1"],"picked":"blademaster:Safeguard+1","floor":41},{"not_picked":["blademaster:DeadlyDance+1","blademaster:DragonStrike"],"picked":"blademaster:FuriousStrike","floor":42},{"not_picked":["blademaster:Flurry+1","blademaster:DragonStrike+1"],"picked":"blademaster:ThunderingOpener+1","floor":44},{"not_picked":["blademaster:CombatPrep+1","blademaster:CullingStrike","blademaster:AspectOfWind+1"],"picked":"SKIP","floor":45},{"not_picked":["blademaster:LightningDraw","blademaster:AspectOfWind+1"],"picked":"blademaster:TraverseCut","floor":47},{"not_picked":["blademaster:Gust+1","blademaster:Stormstrike+1"],"picked":"blademaster:TraverseCut+1","floor":48},{"not_picked":["blademaster:BrainBloom+1","blademaster:AwakeningDefend+1"],"picked":"blademaster:Slice","floor":54}],"player_experience":873481,"relics_obtained":[{"floor":7,"key":"hubris:Metronome"},{"floor":7,"key":"blademaster:BonusFuryPerk"},{"floor":12,"key":"Kunai"},{"floor":12,"key":"blademaster:FinisherDrawCardPerk"},{"floor":23,"key":"construct:BoolHorns"},{"floor":23,"key":"blademaster:ComboEveryTurnPerk"},{"floor":25,"key":"blademaster:BleedingMoreDamagePerk"},{"floor":25,"key":"hubris:CrystalStatue"},{"floor":26,"key":"Art of War"},{"floor":28,"key":"Replay:PocketPolymizer"},{"floor":28,"key":"blademaster:RandomBladePerk"},{"floor":43,"key":"blademaster:FuryEveryTurnPerk"},{"floor":43,"key":"Pen Nib"},{"floor":45,"key":"Smiling Mask"},{"floor":45,"key":"blademaster:DextrousPerk"},{"floor":47,"key":"blademaster:WindChargePerk"},{"floor":54,"key":"blademaster:LightningChargePerk"}],"event_choices":[{"damage_healed":0,"gold_gain":0,"player_choice":"Got Potions","damage_taken":0,"max_hp_gain":0,"max_hp_loss":0,"event_name":"Lab","floor":13,"gold_loss":0},{"damage_healed":0,"gold_gain":0,"cards_transformed":["blademaster:Hailwind"],"player_choice":"Transformed","damage_taken":0,"max_hp_gain":0,"max_hp_loss":0,"event_name":"Transmorgrifier","floor":31,"gold_loss":0,"cards_obtained":["blademaster:AwakeningStrike"]}],"is_beta":false,"boss_relics":[{"not_picked":["Replay:Bronze Core","Empty Cage"],"picked":"Tiny House"},{"not_picked":["ReplayTheSpireMod:DimensionalGlitch","hubris:CrackedHourglass"],"picked":"Bromod:ArcaneGrace"}],"items_purged_floors":[],"is_endless":false,"potions_floor_spawned":[1,3,5,8,12,18,20,24,33,41,44,45,50,54],"ascension_level":0}}