{"host":"wd6rqtfuac3imub6","time":1609451709,"event":{"mods":["ATMod(°¢èªMod)","Act Like it!","BaseMod","Gensokyo","Lobotomy","Minty Spire (QoL Compilation)","Quick Restart","StSLib"],"gold_per_floor":[112,122,122,122,132,132,166,166,166,166,23,42,96,46,46,141,141,161,161,76,88,100,100,131,131,131,221,231,243,255,290,290,290,290],"floor_reached":33,"playtime":798,"items_purged":["Dropkick"],"score":285,"play_id":"9e0183f3-087b-4ca4-afb0-2f4baee88ba2","local_time":"20210101055509","is_ascension_mode":false,"campfire_choices":[{"data":"Perfected Strike","floor":6,"key":"SMITH"},{"data":"Pommel Strike","floor":8,"key":"SMITH"},{"data":"AT_ChampionStep","floor":10,"key":"SMITH"},{"data":"Headbutt","floor":15,"key":"SMITH"},{"data":"Bash","floor":23,"key":"SMITH"},{"data":"Cleave","floor":25,"key":"SMITH"},{"data":"Perfected Strike","floor":32,"key":"SMITH"}],"circlet_count":0,"master_deck":["Strike_R","Strike_R","Strike_R","Strike_R","Strike_R","Defend_R","Defend_R","Defend_R","Defend_R","Bash+1","AT_ChampionStep+1","Headbutt+1","Perfected Strike+1","Perfected Strike+1","Pommel Strike+1","Cleave+1","Shrug It Off","Perfected Strike+1"],"relics":["Black Blood","AT_ATBox","Strawberry","Eternal Feather","AT_BladeRuinedKing","Smiling Mask","Ancient Tea Set","White Beast Statue","AT_SilvercatRing","Happy Flower"],"acts_visited":["Exordium","TheCity"],"potions_floor_usage":[30,31,31,31,31,31,31,33],"damage_taken":[{"damage":3,"enemies":"2 Louse","floor":1,"turns":4},{"damage":18,"enemies":"Jaw Worm","floor":2,"turns":3},{"damage":6,"enemies":"Cultist","floor":5,"turns":3},{"damage":36,"enemies":"Lagavulin","floor":7,"turns":4},{"damage":19,"enemies":"Exordium Thugs","floor":12,"turns":3},{"damage":34,"enemies":"The Guardian","floor":16,"turns":6},{"damage":10,"enemies":"Spheric Guardian","floor":18,"turns":3},{"damage":5,"enemies":"Chosen","floor":21,"turns":3},{"damage":20,"enemies":"Centurion and Healer","floor":22,"turns":4},{"damage":63,"enemies":"Gremlin Leader","floor":24,"turns":5},{"damage":0,"enemies":"Snecko","floor":28,"turns":2},{"damage":21,"enemies":"Snake Plant","floor":29,"turns":2},{"damage":10,"enemies":"Cultist and Chosen","floor":30,"turns":4},{"damage":35,"enemies":"Slavers","floor":31,"turns":5},{"damage":39,"enemies":"Collector","floor":33,"turns":6}],"seed_played":"2880957135044561695","potions_obtained":[{"floor":7,"key":"Swift Potion"},{"floor":24,"key":"LiquidMemories"},{"floor":28,"key":"Regen Potion"},{"floor":30,"key":"EntropicBrew"},{"floor":31,"key":"Weak Potion"}],"is_trial":false,"path_per_floor":["M","M","?","?","M","R","E","R","T","R","$","M","T","$","R","B",null,"M","?","?","M","M","R","E","R","T","?","M","M","M","E","R","B"],"character_chosen":"IRONCLAD","items_purchased":["AT_BladeRuinedKing"],"campfire_rested":0,"item_purchase_floors":[11],"current_hp_per_floor":[80,68,68,68,68,68,45,45,45,54,54,41,41,41,50,22,87,87,87,87,87,79,87,36,45,45,33,45,36,38,29,38,0,0],"gold":290,"neow_bonus":"ONE_RANDOM_RARE_CARD","is_daily":false,"chose_seed":false,"campfire_upgraded":7,"win_rate":0.0,"timestamp":1609451709,"path_taken":["M","M","?","?","?","R","E","R","T","R","$","M","?","?","R","BOSS","M","?","?","M","M","R","E","R","T","?","?","M","M","E","R","BOSS"],"items_purchased_type":["Relic"],"build_version":"2020-12-22","purchased_purges":1,"victory":false,"max_hp_per_floor":[80,80,80,80,80,80,87,87,87,87,87,87,87,87,87,87,87,87,87,87,87,87,87,87,87,87,87,87,87,87,87,87,87,87],"card_choices":[{"not_picked":["Sword Boomerang","Wild Strike"],"picked":"Headbutt","floor":1},{"not_picked":["Bloodletting","AT_ShrugMaster"],"picked":"Perfected Strike","floor":2},{"not_picked":["Iron Wave","AT_DrawKnifeCut"],"picked":"Perfected Strike","floor":5},{"not_picked":["Immolate","Offering"],"picked":"Pommel Strike","floor":7},{"not_picked":["Headbutt","Clothesline","Bloodletting"],"picked":"SKIP","floor":12},{"not_picked":["Disarm+1","Warcry","Sword Boomerang"],"picked":"SKIP","floor":18},{"not_picked":["Ghostly Armor","Headbutt"],"picked":"Cleave","floor":21},{"not_picked":["Dual Wield","Metallicize","Intimidate"],"picked":"SKIP","floor":22},{"not_picked":["Dual Wield","Flex","AT_IchimonjiDouble"],"picked":"SKIP","floor":24},{"not_picked":["Dual Wield","Warcry"],"picked":"Shrug It Off","floor":28},{"not_picked":["AT_ShrugMaster","Seeing Red","Headbutt+1"],"picked":"SKIP","floor":29},{"not_picked":["Warcry","Clothesline+1"],"picked":"Perfected Strike","floor":30},{"not_picked":["Body Slam","Armaments","Anger"],"picked":"SKIP","floor":31}],"player_experience":84493,"relics_obtained":[{"floor":7,"key":"Strawberry"},{"floor":9,"key":"Eternal Feather"},{"floor":13,"key":"Smiling Mask"},{"floor":24,"key":"White Beast Statue"},{"floor":26,"key":"AT_SilvercatRing"},{"floor":31,"key":"Happy Flower"}],"event_choices":[{"damage_healed":0,"gold_gain":0,"player_choice":"Grow","damage_taken":0,"max_hp_gain":0,"max_hp_loss":0,"event_name":"Living Wall","floor":3,"gold_loss":0,"cards_upgraded":["Perfected Strike"]},{"damage_healed":0,"gold_gain":0,"cards_transformed":["Demon Form"],"player_choice":"Transformed","damage_taken":0,"max_hp_gain":0,"max_hp_loss":0,"event_name":"Transmorgrifier","floor":4,"gold_loss":0,"cards_obtained":["Dropkick"]},{"damage_healed":0,"gold_gain":0,"player_choice":"Ignored","damage_taken":0,"max_hp_gain":0,"max_hp_loss":0,"event_name":"Vampires","floor":19,"gold_loss":0},{"damage_healed":0,"gold_gain":0,"player_choice":"Obtained Relic","damage_taken":0,"relics_obtained":["Ancient Tea Set"],"max_hp_gain":0,"max_hp_loss":0,"event_name":"Addict","floor":20,"gold_loss":85},{"damage_healed":0,"gold_gain":90,"player_choice":"GOLD ","damage_taken":12,"max_hp_gain":0,"max_hp_loss":0,"event_name":"Knowing Skull","floor":27,"potions_obtained":[],"gold_loss":0,"cards_obtained":[]}],"is_beta":false,"boss_relics":[{"not_picked":["Velvet Choker","Runic Cube"],"picked":"Black Blood"}],"items_purged_floors":[14],"is_endless":false,"potions_floor_spawned":[7,24,28,29,30,31],"killed_by":"Collector","ascension_level":0}}