{"host":"Zion","time":1609374637,"event":{"mods":["AchievementEnabler","BaseMod","Colored Map","DeckTracker","Minty Spire (QoL Compilation)","Quick Restart","Rare Cards Sparkle"],"gold_per_floor":[109,120,220,145,163,163,193,206,206,156,185,211,223,233,233,233,233],"floor_reached":16,"playtime":434,"items_purged":["Strike_R"],"score":146,"play_id":"59c41e78-dd38-420c-8230-4387fe908d1b","local_time":"20201231093037","is_ascension_mode":true,"campfire_choices":[{"data":"Wild Strike","floor":6.0,"key":"SMITH"},{"data":"Bash","floor":15,"key":"SMITH"}],"circlet_count":0,"master_deck":["Strike_R","Strike_R","Strike_R","Defend_R","Defend_R","Defend_R","Defend_R","Bash+1","Wild Strike+1","Twin Strike+1","Pommel Strike+1","Battle Trance","Impervious"],"relics":["Burning Blood","NeowsBlessing","Molten Egg 2","Shuriken","Mummified Hand","Pen Nib"],"acts_visited":["Exordium"],"potions_floor_usage":[11],"damage_taken":[{"damage":0.0,"enemies":"Cultist","floor":1.0,"turns":1.0},{"damage":0.0,"enemies":"Small Slimes","floor":2.0,"turns":1.0},{"damage":0.0,"enemies":"Jaw Worm","floor":5.0,"turns":1.0},{"damage":65.0,"enemies":"3 Sentries","floor":7.0,"turns":12.0},{"damage":6.0,"enemies":"Blue Slaver","floor":8.0,"turns":4.0},{"damage":20,"enemies":"Lagavulin","floor":11,"turns":5},{"damage":0,"enemies":"Red Slaver","floor":13,"turns":4},{"damage":11,"enemies":"Looter","floor":14,"turns":2},{"damage":0,"enemies":"The Guardian","floor":16,"turns":1}],"seed_played":"-1865162580491680892","potions_obtained":[{"floor":2.0,"key":"Ancient Potion"},{"floor":5.0,"key":"FearPotion"},{"floor":13,"key":"ElixirPotion"}],"is_trial":false,"path_per_floor":["M","M","?","$","M","R","E","M","T","?","E","T","M","M","R","B"],"character_chosen":"IRONCLAD","items_purchased":[],"campfire_rested":0,"item_purchase_floors":[],"current_hp_per_floor":[78,80,80,80,80,80,21,21,21,21,7,7,13,8,8,8,8],"gold":233,"neow_bonus":"THREE_ENEMY_KILL","is_daily":false,"chose_seed":false,"campfire_upgraded":2,"win_rate":0.0,"timestamp":1609374637,"path_taken":["M","?","?","$","M","R","E","?","T","?","E","?","M","M","R","BOSS"],"items_purchased_type":[],"build_version":"2020-12-18","purchased_purges":1,"victory":false,"max_hp_per_floor":[80,80,80,80,80,80,80,80,80,80,80,80,80,80,80,80,80],"card_choices":[{"not_picked":["Armaments","Body Slam","Carnage"],"picked":"SKIP","floor":1.0},{"not_picked":["Spot Weakness","Headbutt"],"picked":"Wild Strike","floor":2.0},{"not_picked":["Armaments","Barricade","Perfected Strike"],"picked":"SKIP","floor":5.0},{"not_picked":["Flame Barrier","Metallicize"],"picked":"Twin Strike+1","floor":7.0},{"not_picked":["Intimidate","Anger+1"],"picked":"Pommel Strike+1","floor":8.0},{"not_picked":["Armaments","Thunderclap+1","Body Slam+1"],"picked":"SKIP","floor":11},{"not_picked":["Perfected Strike+1","Body Slam+1"],"picked":"Battle Trance","floor":13},{"not_picked":["Inflame","Flex"],"picked":"Impervious","floor":14}],"player_experience":197947,"relics_obtained":[{"floor":7.0,"key":"Molten Egg 2"},{"floor":9.0,"key":"Shuriken"},{"floor":11,"key":"Mummified Hand"},{"floor":12,"key":"Pen Nib"}],"event_choices":[{"damage_healed":0.0,"max_hp_gain":0.0,"max_hp_loss":0.0,"gold_gain":100.0,"event_name":"Golden Shrine","player_choice":"Pray","floor":3.0,"gold_loss":0.0,"damage_taken":0.0},{"cards_removed":["Strike_R"],"damage_healed":0.0,"max_hp_gain":0.0,"max_hp_loss":0.0,"gold_gain":0.0,"event_name":"The Cleric","player_choice":"Card Removal","floor":10.0,"gold_loss":50.0,"damage_taken":0.0}],"is_beta":true,"boss_relics":[],"items_purged_floors":[4],"is_endless":false,"potions_floor_spawned":[2,5,13],"killed_by":"The Guardian","ascension_level":6}}