{"host":"s0ikvqhe10eopvjn","time":1609423055,"event":{"mods":["Act Like it!","Bard","BaseMod","Better Third Choice","Block Reminder","Colored Map","Colored Powertips","DeckTracker","Downfall","GifTheSpireLib","Halation","Hallownest","Hermit","Highlight Path","Hubris","Infinite Spire","Mad Scientist","Minty Spire (QoL Compilation)","Permanent Neow","Random Character Button","Replay The Spire","StSLib","The Blackbeard","The Blue Laboratory","The Bug Knight","The Construct","The Cursed","The Disciple","The Hierophant","The Marked","The Mystic","The Necromancer","The Poker Player","The Runesmith","The Servant 0.9.4"],"gold_per_floor":[115,65,65,81,101,101,128,128,128,128,139,156,156,167,167,270,270,287,287,8,8,8,8,8,8,20,38,38,13,13,39,39,50,50,148,148,166,183,197,214,232,261,280,299,299,299,345,406,406,426,426,426,426,426,20,46,46,46],"floor_reached":57,"playtime":4019,"items_purged":["Defend_B","Self Repair"],"score":511,"play_id":"0cce6da9-745e-412f-8461-bdf0d77effb1","local_time":"20201231135735","is_ascension_mode":false,"campfire_choices":[{"data":"Zap","floor":6,"key":"SMITH"},{"data":"Dualcast","floor":8,"key":"SMITH"},{"floor":10,"key":"REST"},{"floor":15,"key":"REST"},{"floor":25,"key":"RECALL"},{"floor":32,"key":"REST"},{"data":"Defragment","floor":34,"key":"SMITH"},{"floor":46,"key":"REST"},{"data":"Fission","floor":51,"key":"SMITH"},{"data":"Redo","floor":54,"key":"SMITH"}],"circlet_count":0,"master_deck":["Strike_B","Strike_B","Strike_B","Defend_B","Defend_B","Zap+1","Dualcast+1","Rebound","BootSequence","Sweeping Beam","Scrape","Streamline","Fusion","Hologram","Panic Button","Seek","Barrage+1","Conserve Battery","Coolheaded+1","Redo+1","Defragment+1","Fission+1","Ball Lightning+1","Cold Snap+1","Parasite","Sweeping Beam+1","FIFO Queue+1","Chill+1","Consume+1","Compile Driver+1","BootSequence"],"relics":["Cracked Core","Replay:Bottled Snecko","hubris:Icosahedron","Runic Pyramid","Nilry\u0027s Codex","Replay:Frozen Program","MutagenicStrength","Iron Hammer","infinitespire:Freezer","Painkiller Herb","Bronze Scales","Prayer Wheel","Bottled Lightning","hubris:BundleOfHerbs","Juzu Bracelet","halation:Komachan","hubris:SlimyHat","infinitespire:FocusingShard"],"acts_visited":["Exordium","TheCity","TheBeyond","TheEnding"],"potions_floor_usage":[7,35,35,41,41,41,52,52,52],"damage_taken":[{"damage":7,"enemies":"Small Slimes","floor":1,"turns":3},{"damage":0,"enemies":"2 Louse","floor":4,"turns":2},{"damage":0,"enemies":"Cultist","floor":5,"turns":3},{"damage":35,"enemies":"Lagavulin","floor":7,"turns":7},{"damage":0,"enemies":"Exordium Wildlife","floor":11,"turns":2},{"damage":3,"enemies":"2 Fungi Beasts","floor":12,"turns":4},{"damage":0,"enemies":"Blue Slaver","floor":14,"turns":2},{"damage":69,"enemies":"The Guardian","floor":16,"turns":11},{"damage":12,"enemies":"Shell Parasite","floor":18,"turns":4},{"damage":0,"enemies":"Spheric Guardian","floor":26,"turns":2},{"damage":15,"enemies":"Centurion and Healer","floor":27,"turns":6},{"damage":2,"enemies":"Snake Plant","floor":33,"turns":3},{"damage":42,"enemies":"Collector","floor":35,"turns":11},{"damage":6,"enemies":"3 Shapes","floor":37,"turns":3},{"damage":0,"enemies":"3 Darklings","floor":38,"turns":6},{"damage":19,"enemies":"Writhing Mass","floor":39,"turns":5},{"damage":15,"enemies":"4 Shapes","floor":40,"turns":3},{"damage":9,"enemies":"Transient","floor":41,"turns":5},{"damage":17,"enemies":"HollowMod:StalkingDevout","floor":42,"turns":5},{"damage":6,"enemies":"Writhing Mass","floor":43,"turns":5},{"damage":16,"enemies":"4 Shapes","floor":44,"turns":8},{"damage":17,"enemies":"2 Orb Walkers","floor":47,"turns":4},{"damage":0,"enemies":"Maw","floor":50,"turns":6},{"damage":59,"enemies":"Replay:Hell Engine","floor":52,"turns":14},{"damage":58,"enemies":"Shield and Spear","floor":56,"turns":7},{"damage":33,"enemies":"The Heart","floor":57,"turns":2}],"seed_played":"7990163260952756134","potions_obtained":[{"floor":3,"key":"SkillPotion"},{"floor":3,"key":"Dexterity Potion"},{"floor":3,"key":"Cursed Concoction"},{"floor":7,"key":"blueLaboratory:HummingbirdPotion"},{"floor":14,"key":"blueLaboratory:CoolantVial"},{"floor":35,"key":"Explosive Potion"},{"floor":39,"key":"Adrenaline Potion"},{"floor":40,"key":"LiquidMemories"},{"floor":41,"key":"blueLaboratory:Moonshine"},{"floor":42,"key":"DistilledChaos"},{"floor":44,"key":"blueLaboratory:PlasmaFuel"},{"floor":48,"key":"LiquidMemories"}],"is_trial":false,"path_per_floor":["M","?","?","M","M","R","E","R","T","R","M","M","?","M","R","B",null,"M","?","$","?","?","PTL","PTL","R","M","M","T","$","$","T","R","M","R","B",null,"?","?","?","?","?","E","?","?","T","T","?","?","?","?","T","B",null,"T","T","E","B"],"character_chosen":"DEFECT","items_purchased":["Conserve Battery","Replay:Frozen Program","Redo","halation:Komachan","hubris:SlimyHat"],"campfire_rested":4,"item_purchase_floors":[20,20,29,55,55],"current_hp_per_floor":[68,68,68,68,68,68,33,33,33,55,55,52,52,52,74,5,75,63,47,47,47,47,47,47,47,47,39,39,39,39,39,61,66,66,31,75,75,75,63,55,53,43,44,35,35,57,47,17,66,66,66,14,66,66,66,8,0,0],"gold":46,"neow_bonus":"TRANSFORM_CARD","is_daily":false,"chose_seed":false,"campfire_upgraded":5,"win_rate":0.0,"timestamp":1609423055,"path_taken":["M","?","?","?","M","R","E","R","T","R","M","M","?","M","R","BOSS","M","?","$","?","?","PTL","PTL","R","M","M","T","?","$","?","R","M","R","BOSS","?","?","?","?","?","E","?","?","T","T","?","?","?","?","T","BOSS","T","T","E","BOSS"],"items_purchased_type":["Card","Relic","Card","Relic","Relic"],"build_version":"2020-12-22","purchased_purges":2,"victory":false,"max_hp_per_floor":[75,75,75,75,75,75,75,75,75,75,75,75,75,75,75,75,75,75,75,75,75,75,75,75,75,75,75,75,75,75,75,75,75,75,75,75,75,75,75,75,75,75,75,75,75,75,75,75,66,66,66,66,66,66,66,66,66,66],"card_choices":[{"not_picked":["Tempest","Barrage"],"picked":"BootSequence","floor":1},{"not_picked":["BootSequence","Hello World"],"picked":"Sweeping Beam","floor":4},{"not_picked":["Beam Cell","Steam Power"],"picked":"Scrape","floor":5},{"not_picked":["Conserve Battery","Reprogram"],"picked":"Streamline","floor":7},{"not_picked":["hubris:PowerSurge","Rebound"],"picked":"Fusion","floor":11},{"not_picked":["Undo","ReplaySolidLightProjector"],"picked":"Hologram","floor":12},{"not_picked":["BootSequence","Double Energy"],"picked":"Panic Button","floor":14},{"not_picked":["ReplayTheSpireMod:Omega Cannon","hubris:DoWhile"],"picked":"Seek","floor":16},{"not_picked":["Darkness","Conserve Battery+1"],"picked":"Barrage+1","floor":18},{"not_picked":["Double Energy","Conserve Battery+1"],"picked":"Self Repair","floor":26},{"not_picked":["Conserve Battery+1","Beam Cell"],"picked":"Coolheaded+1","floor":27},{"not_picked":["Genetic Algorithm","Barrage+1"],"picked":"Defragment","floor":33},{"not_picked":["ReplayTheSpireMod:Omega Cannon","hubris:Prefetch"],"picked":"Fission","floor":35},{"not_picked":["Conserve Battery+1","Cold Snap"],"picked":"Ball Lightning+1","floor":37},{"not_picked":["Conserve Battery","Panic Button"],"picked":"Cold Snap+1","floor":38},{"not_picked":["Coolheaded+1","Barrage+1"],"picked":"Sweeping Beam+1","floor":39},{"not_picked":["Blizzard+1","Genetic Algorithm+1"],"picked":"FIFO Queue+1","floor":40},{"not_picked":["Beam Cell","Conserve Battery+1","Coolheaded+1"],"picked":"SKIP","floor":41},{"not_picked":["FTL","Steam Power+1","hubris:SpecializedCircuitry"],"picked":"SKIP","floor":42},{"not_picked":["Steam Power","Compile Driver"],"picked":"Chill+1","floor":43},{"not_picked":["Heatsinks","FTL+1"],"picked":"Consume+1","floor":44},{"not_picked":["Cold Snap+1","Panic Button+1","hubris:Ukulele+1"],"picked":"SKIP","floor":44},{"not_picked":["Hello World+1","Melter"],"picked":"Compile Driver+1","floor":48},{"not_picked":["ReplayGash+1","Panic Button+1","Compile Driver+1"],"picked":"SKIP","floor":50},{"not_picked":["Gash+1","Redo","Sunder+1"],"picked":"SKIP","floor":50},{"not_picked":["Force Field","Rip and Tear"],"picked":"BootSequence","floor":56}],"player_experience":103956,"relics_obtained":[{"floor":7,"key":"Replay:Bottled Snecko"},{"floor":19,"key":"Nilry\u0027s Codex"},{"floor":28,"key":"Iron Hammer"},{"floor":31,"key":"infinitespire:Freezer"},{"floor":42,"key":"Bronze Scales"},{"floor":45,"key":"Bottled Lightning"},{"floor":47,"key":"hubris:BundleOfHerbs"},{"floor":48,"key":"Juzu Bracelet"},{"floor":56,"key":"infinitespire:FocusingShard"}],"event_choices":[{"cards_removed":["Defend_B"],"damage_healed":0,"gold_gain":0,"player_choice":"Card Removal","damage_taken":0,"max_hp_gain":0,"max_hp_loss":0,"event_name":"The Cleric","floor":2,"gold_loss":50},{"damage_healed":0,"gold_gain":0,"player_choice":"Got Potions","damage_taken":0,"max_hp_gain":0,"max_hp_loss":0,"event_name":"Lab","floor":3,"gold_loss":0},{"damage_healed":0,"gold_gain":0,"player_choice":"Obtained Book","damage_taken":16,"max_hp_gain":0,"max_hp_loss":0,"event_name":"Cursed Tome","floor":19,"gold_loss":0},{"damage_healed":0,"gold_gain":0,"player_choice":"Inject Mutagens","damage_taken":0,"relics_obtained":["MutagenicStrength"],"max_hp_gain":0,"max_hp_loss":0,"event_name":"Drug Dealer","floor":22,"gold_loss":0},{"damage_healed":0,"gold_gain":0,"player_choice":"Fight","damage_taken":0,"max_hp_gain":0,"max_hp_loss":0,"event_name":"Mysterious Sphere","floor":47,"gold_loss":0},{"damage_healed":66,"gold_gain":0,"player_choice":"Heal","damage_taken":0,"max_hp_gain":0,"max_hp_loss":9,"event_name":"The Moai Head","floor":49,"gold_loss":0}],"is_beta":false,"boss_relics":[{"not_picked":["Replay:Wanted Poster","construct:ClawGrip"],"picked":"Runic Pyramid"},{"not_picked":["SacredBark","halation:CatFaceCupcake"],"picked":"Painkiller Herb"}],"items_purged_floors":[20,55],"is_endless":false,"potions_floor_spawned":[4,7,14,16,35,39,40,41,42,44],"killed_by":"The Heart","ascension_level":0}}