{"host":"tbhNathan","time":1609390493,"event":{"mods":["AchievementEnabler","Astrologer","BaseMod","Better Third Choice","Googly Eyes","Highlight Path","Jorbs\u0027s Wanderer Trilogy","Minty Spire (QoL Compilation)","Robot Space Explorer","StSLib","The Bug Knight","The Disciple","The Hierophant","The Mystic"],"gold_per_floor":[111,131,147,147,73,100,118,118,118,118,137,162,162,178,178,280,280,270,282,299,315,315,315],"floor_reached":22,"playtime":4865,"items_purged":[],"score":200,"play_id":"1f475109-7549-46a3-9fe0-3e95c41f0efe","local_time":"20201231045453","is_ascension_mode":false,"campfire_choices":[{"floor":8.0,"key":"REST"},{"data":"RobotSpaceExplorer:StarLightning","floor":10.0,"key":"SMITH"},{"floor":15.0,"key":"REST"}],"circlet_count":0,"master_deck":["RobotSpaceExplorer:Strike","RobotSpaceExplorer:Strike","RobotSpaceExplorer:Strike","RobotSpaceExplorer:Strike","RobotSpaceExplorer:Defend","RobotSpaceExplorer:Defend","RobotSpaceExplorer:Defend","RobotSpaceExplorer:Scan","RobotSpaceExplorer:MiniLasers","RobotSpaceExplorer:StunGrenade","RobotSpaceExplorer:Smokescreen","RobotSpaceExplorer:Fix","RobotSpaceExplorer:MetalStrike","RobotSpaceExplorer:PlasmaMissile","RobotSpaceExplorer:StarLightning+1","RobotSpaceExplorer:DoubleBlock","RobotSpaceExplorer:ScrapMissile","RobotSpaceExplorer:Ammunition","Perseverance+1","RobotSpaceExplorer:Ammunition","RobotSpaceExplorer:Autoloader","RobotSpaceExplorer:FrostMissile+1","RobotSpaceExplorer:TurboDodge","RobotSpaceExplorer:StunGrenade+1","RobotSpaceExplorer:HighVoltage"],"relics":["RobotSpaceExplorer:RoboCore","Nunchaku","RobotSpaceExplorer:ClockworkSextant","Question Card","Anchor","SlaversCollar"],"acts_visited":["Exordium","TheCity"],"potions_floor_usage":[21,22],"damage_taken":[{"damage":2.0,"enemies":"Small Slimes","floor":1.0,"turns":5.0},{"damage":0.0,"enemies":"Jaw Worm","floor":2.0,"turns":5.0},{"damage":1.0,"enemies":"2 Louse","floor":3.0,"turns":3.0},{"damage":33.0,"enemies":"Lagavulin","floor":6.0,"turns":10.0},{"damage":4.0,"enemies":"2 Fungi Beasts","floor":7.0,"turns":3.0},{"damage":7.0,"enemies":"Exordium Thugs","floor":11.0,"turns":3.0},{"damage":1.0,"enemies":"HollowMod:MossKnight","floor":12.0,"turns":7.0},{"damage":0.0,"enemies":"Exordium Wildlife","floor":14.0,"turns":4.0},{"damage":19.0,"enemies":"Hexaghost","floor":16.0,"turns":10.0},{"damage":12,"enemies":"2 Thieves","floor":18,"turns":4},{"damage":15,"enemies":"Centurion and Healer","floor":19,"turns":13},{"damage":22,"enemies":"Cultist and Chosen","floor":20,"turns":7},{"damage":39,"enemies":"Sentry and Sphere","floor":21,"turns":6},{"damage":7,"enemies":"Masked Bandits","floor":22,"turns":3}],"seed_played":"-8643851544683148586","potions_obtained":[{"floor":1.0,"key":"GamblersBrew"},{"floor":2.0,"key":"DuplicationPotion"},{"floor":3.0,"key":"Swift Potion"},{"floor":11.0,"key":"BlessingOfTheForge"},{"floor":14.0,"key":"DuplicationPotion"},{"floor":20,"key":"Swift Potion"}],"is_trial":false,"path_per_floor":["M","M","M","?","$","E","M","R","T","R","M","E","?","M","R","B",null,"M","M","M","M","?"],"character_chosen":"RobotSpaceExplorer","items_purchased":["RobotSpaceExplorer:PlasmaMissile"],"campfire_rested":2,"item_purchase_floors":[5],"current_hp_per_floor":[80,80,79,79,79,50,46,70,70,70,67,66,45,45,69,54,82,71,60,42,7,0,0],"gold":315,"neow_bonus":"TEN_PERCENT_HP_BONUS","is_daily":false,"chose_seed":false,"campfire_upgraded":1,"win_rate":0.0,"timestamp":1609390493,"path_taken":["M","M","M","?","$","E","M","R","T","R","M","E","?","M","R","BOSS","M","M","M","M","?"],"items_purchased_type":["Card"],"build_version":"2020-12-18","purchased_purges":0,"victory":false,"max_hp_per_floor":[82,82,82,82,82,82,82,82,82,82,82,82,82,82,82,82,82,82,82,82,82,82,82],"card_choices":[{"not_picked":["RobotSpaceExplorer:MiniDrones","RobotSpaceExplorer:ShovelStrike"],"picked":"RobotSpaceExplorer:StunGrenade","floor":1.0},{"not_picked":["RobotSpaceExplorer:Reload","RobotSpaceExplorer:ImprovisedAttack"],"picked":"RobotSpaceExplorer:Smokescreen","floor":2.0},{"not_picked":["RobotSpaceExplorer:ShovelStrike","RobotSpaceExplorer:Counterblock"],"picked":"RobotSpaceExplorer:Fix","floor":3.0},{"not_picked":["RobotSpaceExplorer:FrostMissile","RobotSpaceExplorer:StunGrenade"],"picked":"RobotSpaceExplorer:StarLightning","floor":6.0},{"not_picked":["RobotSpaceExplorer:Electroshield","RobotSpaceExplorer:Counterblock"],"picked":"RobotSpaceExplorer:DoubleBlock","floor":7.0},{"not_picked":["RobotSpaceExplorer:ShockKick","RobotSpaceExplorer:MetalStrike"],"picked":"RobotSpaceExplorer:ScrapMissile","floor":11.0},{"not_picked":["RobotSpaceExplorer:Wormhole","RobotSpaceExplorer:SlimeMissile"],"picked":"RobotSpaceExplorer:Ammunition","floor":12.0},{"not_picked":["RobotSpaceExplorer:FreezingShield","RobotSpaceExplorer:Counterblock","RobotSpaceExplorer:SurgingShield"],"picked":"RobotSpaceExplorer:Ammunition","floor":14.0},{"not_picked":["RobotSpaceExplorer:Blaster","RobotSpaceExplorer:Explosion","RobotSpaceExplorer:Exploration"],"picked":"RobotSpaceExplorer:Autoloader","floor":16.0},{"not_picked":["RobotSpaceExplorer:MakeshiftVolley","RobotSpaceExplorer:MiniDrones","RobotSpaceExplorer:Electroshield+1"],"picked":"RobotSpaceExplorer:FrostMissile+1","floor":18},{"not_picked":["RobotSpaceExplorer:SlimeMissile","RobotSpaceExplorer:FrostMissile","RobotSpaceExplorer:SurgingShield"],"picked":"RobotSpaceExplorer:TurboDodge","floor":19},{"not_picked":["RobotSpaceExplorer:Reload","RobotSpaceExplorer:ShockKick","RobotSpaceExplorer:MiniDrones"],"picked":"RobotSpaceExplorer:StunGrenade+1","floor":20},{"not_picked":["RobotSpaceExplorer:DoubleBlock","RobotSpaceExplorer:ImprovisedAttack","RobotSpaceExplorer:MetalStrike"],"picked":"RobotSpaceExplorer:HighVoltage","floor":21}],"player_experience":187058,"relics_obtained":[{"floor":6.0,"key":"Nunchaku"},{"floor":9.0,"key":"RobotSpaceExplorer:ClockworkSextant"},{"floor":12.0,"key":"Question Card"}],"event_choices":[{"damage_healed":0.0,"max_hp_gain":0.0,"max_hp_loss":0.0,"gold_gain":0.0,"cards_transformed":["RobotSpaceExplorer:Defend"],"event_name":"Living Wall","player_choice":"Change","floor":4.0,"gold_loss":0.0,"damage_taken":0.0,"cards_obtained":["RobotSpaceExplorer:MetalStrike"]},{"damage_healed":0,"gold_gain":0,"player_choice":"Fought Bandits","damage_taken":0,"max_hp_gain":0,"max_hp_loss":0,"event_name":"Masked Bandits","floor":22,"gold_loss":0}],"is_beta":true,"boss_relics":[{"not_picked":["Coffee Dripper","Astrolabe"],"picked":"SlaversCollar"}],"items_purged_floors":[],"is_endless":false,"potions_floor_spawned":[1,2,3,11,14,20],"killed_by":"Masked Bandits","ascension_level":0}}