{"host":"y3iy5gb13b300rns","time":1609375431,"event":{"mods":["BaseMod","Bestiary","Curses Come First","Minty Spire (QoL Compilation)","Replay The Spire","StSLib","The Runesmith"],"gold_per_floor":[118,58,74,74,92,126,126,126,152,0,23,23,23,298,298,411,411,445,495,495,524,551,597,31,45,45],"floor_reached":25,"playtime":2031,"items_purged":[],"score":217,"play_id":"067d146f-48da-457d-8587-94a4aa5d3302","local_time":"20201230184351","is_ascension_mode":false,"campfire_choices":[{"data":"Runesmith:CraftFirestone","floor":7,"key":"SMITH"},{"floor":12,"key":"REST"},{"data":"Regret","floor":15,"key":"PURGE"}],"circlet_count":0,"master_deck":["Runesmith:Strike_RS","Runesmith:Strike_RS","Runesmith:Strike_RS","Runesmith:Strike_RS","Runesmith:Defend_RS","Runesmith:Defend_RS+1","Runesmith:Defend_RS","Runesmith:Defend_RS","Runesmith:CraftFirestone+1","Runesmith:Fortify+1","Runesmith:ChiselStab","Runesmith:LithiumIon+1","Runesmith:Overpower","Runesmith:EarthShield","Runesmith:CraftObretio","Runesmith:LithiumIon+1","Runesmith:PoweredAnvil+1","Runesmith:FissionHammer","Runesmith:RunicBlueprint+1","Runesmith:CraftIncendium","Runesmith:EarthShield","Runesmith:CraftMagma","Runesmith:RunicBlueprint","Runesmith:RuneHurl"],"relics":["Runesmith:BrokenRuby","Peace Pipe","Replay:Bandana","Oddly Smooth Stone","DollysMirror","Painkiller Herb","Bag of Preparation","MutagenicStrength","Ancient Tea Set","Lantern","Bag of Marbles","Boot"],"acts_visited":["Exordium","TheCity"],"potions_floor_usage":[16,23,23,23,25,25],"damage_taken":[{"damage":4,"enemies":"2 Louse","floor":1,"turns":3},{"damage":0,"enemies":"Cultist","floor":3,"turns":4},{"damage":0,"enemies":"Jaw Worm","floor":5,"turns":3},{"damage":15,"enemies":"Gremlin Nob","floor":6,"turns":4},{"damage":9,"enemies":"2 Fungi Beasts","floor":11,"turns":4},{"damage":22,"enemies":"Fading Forest","floor":16,"turns":11},{"damage":22,"enemies":"3 Byrds","floor":18,"turns":4},{"damage":0,"enemies":"Spheric Guardian","floor":21,"turns":3},{"damage":30,"enemies":"Slavers","floor":23,"turns":6},{"damage":21,"enemies":"Book of Stabbing","floor":25,"turns":3}],"seed_played":"3630005069168179552","potions_obtained":[{"floor":3,"key":"SpeedPotion"},{"floor":6,"key":"LiquidBronze"},{"floor":11,"key":"PowerPotion"},{"floor":18,"key":"Weak Potion"},{"floor":21,"key":"Strength Potion"},{"floor":23,"key":"SneckoOil"}],"is_trial":false,"path_per_floor":["M","$","M","?","M","E","R","?","T","$","M","R","?","?","R","B",null,"?","T","?","?","T","E","T","E"],"character_chosen":"RUNESMITH_CLASS","items_purchased":["Runesmith:LithiumIon+1","DollysMirror","Bag of Marbles","Boot","Runesmith:CraftMagma","Runesmith:RunicBlueprint","Runesmith:RuneHurl","FearPotion","FearPotion"],"campfire_rested":1,"item_purchase_floors":[2,10,24,24,24,24,24,24,24],"current_hp_per_floor":[59,59,59,59,59,44,44,44,44,44,35,53,53,53,53,41,63,41,41,41,41,41,11,11,0,0],"gold":45,"neow_bonus":"ONE_RARE_RELIC","is_daily":false,"chose_seed":false,"campfire_upgraded":1,"win_rate":0.0,"timestamp":1609375431,"path_taken":["M","$","M","?","M","E","R","?","T","$","?","R","?","?","R","BOSS","?","?","?","?","?","E","?","E"],"items_purchased_type":["Card","Relic","Relic","Relic","Card","Card","Card","Potion","Potion"],"build_version":"2020-12-22","purchased_purges":0,"victory":false,"max_hp_per_floor":[63,63,63,63,63,63,63,63,63,63,63,63,63,63,63,63,63,63,63,63,63,63,63,63,63,63],"card_choices":[{"not_picked":["Runesmith:HammerAndChisel","Runesmith:NegativeSpace"],"picked":"Runesmith:ChiselStab","floor":1},{"not_picked":["Runesmith:MakeshiftArmor","Runesmith:Repurpose"],"picked":"Runesmith:Overpower","floor":3},{"not_picked":["Runesmith:WhiteBalance","Runesmith:Accelerate"],"picked":"Runesmith:EarthShield","floor":5},{"not_picked":["Runesmith:UnstableHammer","Runesmith:Prism"],"picked":"Runesmith:CraftObretio","floor":6},{"not_picked":["Runesmith:EarthShield","Runesmith:Attraction"],"picked":"Runesmith:PoweredAnvil","floor":11},{"not_picked":["Runesmith:LightningRod","Runesmith:DuctTape"],"picked":"Runesmith:FissionHammer","floor":16},{"not_picked":["Runesmith:EnergizedChisel","Runesmith:FrozenChisel"],"picked":"Runesmith:RunicBlueprint+1","floor":18},{"not_picked":["Runesmith:PoweredAnvil","Runesmith:Overpower"],"picked":"Runesmith:CraftIncendium","floor":21},{"not_picked":["Runesmith:Malloc","Runesmith:HeatExchange+1"],"picked":"Runesmith:EarthShield","floor":23}],"player_experience":393029,"relics_obtained":[{"floor":6,"key":"Replay:Bandana"},{"floor":9,"key":"Oddly Smooth Stone"},{"floor":19,"key":"Bag of Preparation"},{"floor":22,"key":"Ancient Tea Set"},{"floor":23,"key":"Lantern"}],"event_choices":[{"damage_healed":0,"gold_gain":0,"player_choice":"Upgraded","damage_taken":0,"max_hp_gain":0,"max_hp_loss":0,"event_name":"Upgrade Shrine","floor":8,"gold_loss":0,"cards_upgraded":["Runesmith:Fortify"]},{"damage_healed":0,"gold_gain":0,"player_choice":"Grow","damage_taken":0,"max_hp_gain":0,"max_hp_loss":0,"event_name":"Living Wall","floor":13,"gold_loss":0,"cards_upgraded":["Runesmith:PoweredAnvil"]},{"damage_healed":0,"gold_gain":275,"player_choice":"Desecrate","damage_taken":0,"max_hp_gain":0,"max_hp_loss":0,"event_name":"Golden Shrine","floor":14,"gold_loss":0,"cards_obtained":["Regret"]},{"damage_healed":0,"gold_gain":0,"player_choice":"Inject Mutagens","damage_taken":0,"relics_obtained":["MutagenicStrength"],"max_hp_gain":0,"max_hp_loss":0,"event_name":"Drug Dealer","floor":20,"gold_loss":0}],"is_beta":false,"boss_relics":[{"not_picked":["SacredBark","Runesmith:UraniumAnvil"],"picked":"Painkiller Herb"}],"items_purged_floors":[],"is_endless":false,"potions_floor_spawned":[3,6,11,18,21,23],"killed_by":"Book of Stabbing","ascension_level":0}}