{"host":"ci7ivtocgfxh0ueo","time":1609389145,"event":{"mods":["BaseMod","GifTheSpireLib","Minty Spire (QoL Compilation)","StSLib"],"gold_per_floor":[111,29,29,47,47,82,100,175,224,252,264,264,277,287,287,359,359,378,389,31,51,51,51],"floor_reached":22,"playtime":788,"items_purged":[],"score":413,"play_id":"6c576a71-cf7d-41ac-b04b-bfd5d63718c9","local_time":"20201231123225","is_ascension_mode":true,"campfire_choices":[{"data":"Uppercut","floor":15,"key":"SMITH"}],"circlet_count":0,"master_deck":["AscendersBane","Strike_R","Strike_R","Strike_R","Strike_R","Strike_R","Defend_R","Defend_R","Defend_R","Defend_R","Bash","Wild Strike","Heavy Blade","Whirlwind","Blood for Blood","Clothesline","Uppercut+1","Twin Strike","Immolate","Havoc","Havoc","Flex"],"relics":["Burning Blood","NeowsBlessing","Strawberry","Bronze Scales","Anchor","Tiny Chest","Runic Cube","Orichalcum"],"acts_visited":["Exordium","TheCity"],"potions_floor_usage":[16,16,20,21,21],"damage_taken":[{"damage":0,"enemies":"Small Slimes","floor":1,"turns":1},{"damage":0,"enemies":"Cultist","floor":4,"turns":1},{"damage":0,"enemies":"Lagavulin","floor":6,"turns":1},{"damage":0,"enemies":"2 Louse","floor":7,"turns":2},{"damage":44,"enemies":"3 Sentries","floor":10,"turns":10},{"damage":3,"enemies":"Lots of Slimes","floor":11,"turns":4},{"damage":20,"enemies":"Gremlin Gang","floor":13,"turns":6},{"damage":4,"enemies":"Blue Slaver","floor":14,"turns":4},{"damage":67,"enemies":"The Guardian","floor":16,"turns":11},{"damage":40,"enemies":"Shell Parasite","floor":18,"turns":4},{"damage":26,"enemies":"2 Thieves","floor":19,"turns":4},{"damage":0,"enemies":"Centurion and Healer","floor":21,"turns":3},{"damage":22,"enemies":"Sentry and Sphere","floor":22,"turns":3}],"seed_played":"3330032723251767779","potions_obtained":[{"floor":7,"key":"Dexterity Potion"},{"floor":10,"key":"EssenceOfSteel"},{"floor":16,"key":"SteroidPotion"}],"is_trial":false,"path_per_floor":["M","?","$","M","$","E","M","?","T","E","M","?","M","M","R","B",null,"M","M","$","M","M"],"character_chosen":"IRONCLAD","items_purchased":["Fruit Juice","Orichalcum","Energy Potion","Havoc"],"campfire_rested":0,"item_purchase_floors":[20,20,20,20],"current_hp_per_floor":[74,81,81,82,82,82,82,71,71,33,36,82,68,70,70,9,64,30,10,15,21,0,0],"gold":51,"neow_bonus":"THREE_ENEMY_KILL","is_daily":false,"chose_seed":false,"campfire_upgraded":1,"win_rate":0.0,"timestamp":1609389145,"path_taken":["M","?","$","?","$","E","M","?","T","E","M","?","?","M","R","BOSS","M","?","$","M","M"],"items_purchased_type":["Potion","Relic","Potion","Card"],"build_version":"2020-12-22","purchased_purges":0,"victory":false,"max_hp_per_floor":[75,82,82,82,82,82,82,82,82,82,82,82,82,82,82,82,82,82,82,87,87,87,87],"card_choices":[{"not_picked":["Headbutt","Body Slam"],"picked":"Wild Strike","floor":1},{"not_picked":["Shrug It Off","Sword Boomerang"],"picked":"Rage","floor":4},{"not_picked":["Evolve","Power Through"],"picked":"Heavy Blade","floor":6},{"not_picked":["Havoc","Headbutt"],"picked":"Whirlwind","floor":7},{"not_picked":["True Grit","Flex"],"picked":"Blood for Blood","floor":10},{"not_picked":["Flex","Second Wind"],"picked":"Clothesline","floor":11},{"not_picked":["Shockwave","Double Tap"],"picked":"Uppercut","floor":13},{"not_picked":["Wild Strike","Sword Boomerang"],"picked":"Twin Strike","floor":14},{"not_picked":["Impervious","Feed"],"picked":"Immolate","floor":16},{"not_picked":["Cleave","Clash"],"picked":"Havoc","floor":18},{"not_picked":["Cleave","Power Through+1","Heavy Blade"],"picked":"SKIP","floor":19},{"not_picked":["Clash","Headbutt"],"picked":"Flex","floor":21}],"player_experience":1317663,"relics_obtained":[{"floor":6,"key":"Bronze Scales"},{"floor":9,"key":"Anchor"},{"floor":10,"key":"Tiny Chest"}],"event_choices":[{"damage_healed":0,"gold_gain":0,"player_choice":"Paid Gold","damage_taken":0,"relics_obtained":["Strawberry"],"max_hp_gain":0,"max_hp_loss":0,"event_name":"WeMeetAgain","floor":2,"gold_loss":82},{"damage_healed":0,"gold_gain":75,"player_choice":"Gather Gold","damage_taken":11,"max_hp_gain":0,"max_hp_loss":0,"event_name":"World of Goop","floor":8,"gold_loss":0},{"cards_removed":["Rage"],"damage_healed":46,"gold_gain":0,"player_choice":"Offered Uncommon","damage_taken":0,"max_hp_gain":0,"max_hp_loss":0,"event_name":"Bonfire Elementals","floor":12,"gold_loss":0}],"is_beta":false,"boss_relics":[{"not_picked":["Cursed Key","Fusion Hammer"],"picked":"Runic Cube"}],"items_purged_floors":[],"is_endless":false,"potions_floor_spawned":[7,10,13,14,16],"killed_by":"Sentry and Sphere","ascension_level":17}}