{"host":"yer03dsd277nstsn","time":1609397892,"event":{"mods":["BaseMod","Colored Powertips","Minty Spire (QoL Compilation)"],"gold_per_floor":[144,219,144,144,69,69,69,69,69,69,69,98,132,145,145,145,145],"floor_reached":16,"playtime":1491,"items_purged":["Alpha"],"score":383,"play_id":"37cdf893-9779-4396-aebf-1dc85a4ae82f","local_time":"20201231005812","daily_mods":["Shiny","Specialized","Vintage","Allstar","Diverse","Heirloom","Flight","Elite Swarm"],"is_ascension_mode":true,"campfire_choices":[{"floor":6,"key":"REST"},{"data":"Apotheosis","floor":15,"key":"SMITH"}],"circlet_count":0,"master_deck":["Demon Form","Wraith Form v2","Echo Form+1","DevaForm","AscendersBane","Judgement","ConjureBlade","MasterReality","Brilliance","Devotion","Blasphemy","Ragnarok","LessonLearned","Scrawl","Vault","Wish","Omniscience","Establishment","SpiritShield","DevaForm","DeusExMachina","Hyperbeam","Thunder Strike","Biased Cognition","Machine Learning","Electrodynamics","Buffer","Rainbow","Seek","Meteor Strike","Echo Form","All For One","Reboot","Amplify","Creative AI","Fission","Core Surge","Venomology","Corpse Explosion","Malaise","Phantasmal Killer","Die Die Die","Adrenaline","Envenom","Doppelganger","Burst","Tools of the Trade","Night Terror","Unload","After Image","Bullet Time","Storm of Steel","Glass Knife","A Thousand Cuts","Grand Finale","Double Tap","Demon Form","Bludgeon","Feed","Limit Break","Corruption","Barricade","Fiend Fire","Berserk","Impervious","Juggernaut","Brutality","Reaper","Exhume","Offering","Immolate","Defragment","Defragment","Defragment","Defragment","Defragment","Metamorphosis","Secret Technique","HandOfGreed","Blind","Apotheosis+1"],"relics":["PureWater","Prayer Wheel","Juzu Bracelet","TeardropLocket","Darkstone Periapt","Kunai","Gremlin Horn"],"acts_visited":["Exordium"],"potions_floor_usage":[16,16,16],"damage_taken":[{"damage":4,"enemies":"Cultist","floor":1,"turns":3},{"damage":10,"enemies":"3 Sentries","floor":12,"turns":4},{"damage":2,"enemies":"Lagavulin","floor":13,"turns":6},{"damage":18,"enemies":"Small Slimes","floor":14,"turns":2},{"damage":46,"enemies":"Hexaghost","floor":16,"turns":7}],"seed_played":"-4274716776421274324","potions_obtained":[{"floor":1,"key":"Fruit Juice"}],"is_trial":true,"path_per_floor":["M","?","?","?","$","R","$","?","T","$","$","E","E","M","R","B"],"character_chosen":"WATCHER","items_purchased":[],"campfire_rested":1,"item_purchase_floors":[],"current_hp_per_floor":[57,46,46,46,46,66,66,66,66,66,66,56,54,39,39,0,0],"gold":145,"neow_bonus":"","is_daily":false,"chose_seed":false,"campfire_upgraded":1,"win_rate":0.0,"timestamp":1609397892,"path_taken":["M","?","?","?","$","R","$","?","T","?","$","E","E","M","R","BOSS"],"items_purchased_type":[],"build_version":"2020-12-22","purchased_purges":1,"victory":false,"max_hp_per_floor":[68,68,68,68,68,68,68,68,68,68,68,68,68,71,71,76,76],"card_choices":[{"not_picked":["Fission","Malaise","Juggernaut"],"picked":"SKIP","floor":12},{"not_picked":["Bullet Time","Venomology","Barricade"],"picked":"SKIP","floor":13}],"player_experience":404582,"relics_obtained":[{"floor":1,"key":"Juzu Bracelet"},{"floor":9,"key":"TeardropLocket"},{"floor":12,"key":"Darkstone Periapt"},{"floor":13,"key":"Kunai"},{"floor":14,"key":"Gremlin Horn"}],"event_choices":[{"damage_healed":0,"gold_gain":75,"player_choice":"Gather Gold","damage_taken":11,"max_hp_gain":0,"max_hp_loss":0,"event_name":"World of Goop","floor":2,"gold_loss":0},{"cards_removed":["Wraith Form v2"],"damage_healed":0,"gold_gain":0,"player_choice":"Card Removal","damage_taken":0,"max_hp_gain":0,"max_hp_loss":0,"event_name":"The Cleric","floor":3,"gold_loss":75},{"cards_removed":["Multi-Cast"],"damage_healed":0,"gold_gain":0,"player_choice":"Purged","damage_taken":0,"max_hp_gain":0,"max_hp_loss":0,"event_name":"Purifier","floor":4,"gold_loss":0},{"damage_healed":0,"gold_gain":0,"player_choice":"Upgraded","damage_taken":0,"max_hp_gain":0,"max_hp_loss":0,"event_name":"Upgrade Shrine","floor":8,"gold_loss":0,"cards_upgraded":["Echo Form"]}],"is_beta":false,"boss_relics":[],"items_purged_floors":[5],"is_endless":true,"potions_floor_spawned":[1,13],"killed_by":"Hexaghost","ascension_level":20}}