{"host":"ix2a18c4ohfsrslv","time":1609397834,"event":{"mods":["BaseMod","Better Third Choice","Downfall","GungeonMod","Minty Spire (QoL Compilation)","Replay The Spire","StSLib"],"gold_per_floor":[119,119,132,132,142,142,174,194,271,271,298,312,365,414,414,432,432],"floor_reached":16,"playtime":1171,"items_purged":[],"score":104,"play_id":"8f561af6-ddc0-472b-8333-7de56e04b5c9","local_time":"20201230225714","is_ascension_mode":false,"campfire_choices":[{"data":"DemoMod:BattleInHaste","floor":6,"key":"SMITH"},{"data":"DemoMod:MachoBrace","floor":10,"key":"SMITH"},{"floor":15,"key":"REST"}],"circlet_count":0,"master_deck":["DemoMod:Strike_Huntress","DemoMod:Strike_Huntress","DemoMod:Strike_Huntress","DemoMod:Defend_Huntress","DemoMod:Defend_Huntress","DemoMod:Defend_Huntress","DemoMod:Defend_Huntress","DemoMod:Roll","DemoMod:ManualReload","DemoMod:RustySidearm","DemoMod:CrossBow","DemoMod:HuntsMan+1","DemoMod:DoubleSwitch","DemoMod:BattleInHaste+1","DemoMod:MachoBrace+1","DemoMod:RadGun","DemoMod:HungryBullets","DemoMod:StickyCrossBow"],"relics":["DemoMod:Dog","NeowsBlessing","Bag of Preparation","White Beast Statue","DemoMod:GundromedaStrain","Replay:Bandana"],"acts_visited":["Exordium"],"potions_floor_usage":[16,16,16],"damage_taken":[{"damage":0,"enemies":"Jaw Worm","floor":1,"turns":1},{"damage":0,"enemies":"2 Louse","floor":3,"turns":1},{"damage":0,"enemies":"Cultist","floor":5,"turns":1},{"damage":13,"enemies":"Exordium Thugs","floor":7,"turns":6},{"damage":0,"enemies":"Looter","floor":8,"turns":2},{"damage":27,"enemies":"Lagavulin","floor":11,"turns":7},{"damage":0,"enemies":"2 Fungi Beasts","floor":12,"turns":2},{"damage":3,"enemies":"Red Slaver","floor":14,"turns":2},{"damage":40,"enemies":"Slime Boss","floor":16,"turns":11}],"seed_played":"2195749910469520648","potions_obtained":[{"floor":5,"key":"Guardian:BlockOnCardUsePotion"},{"floor":7,"key":"LifebloodPotion"},{"floor":8,"key":"Venom Potion"},{"floor":12,"key":"PowerPotion"}],"is_trial":false,"path_per_floor":["M","?","M","?","M","R","M","M","T","R","E","M","T","M","R","B"],"character_chosen":"HUNTRESS","items_purchased":[],"campfire_rested":1,"item_purchase_floors":[],"current_hp_per_floor":[70,58,58,58,58,58,45,45,45,45,18,18,18,15,36,0,0],"gold":432,"neow_bonus":"THREE_ENEMY_KILL","is_daily":false,"chose_seed":false,"campfire_upgraded":2,"win_rate":0.0,"timestamp":1609397834,"path_taken":["M","?","M","?","M","R","?","M","T","R","E","M","?","M","R","BOSS"],"items_purchased_type":[],"build_version":"2020-12-22","purchased_purges":0,"victory":false,"max_hp_per_floor":[70,70,70,70,70,70,70,70,70,70,70,70,70,70,70,70,70],"card_choices":[{"not_picked":["DemoMod:PracticeMakesPerfect","DemoMod:RadGun"],"picked":"DemoMod:HuntsMan","floor":1},{"not_picked":["DemoMod:Unmoved","DemoMod:FastSwitch"],"picked":"DemoMod:DoubleSwitch","floor":3},{"not_picked":["DemoMod:AC15","DemoMod:DoubleSwitch"],"picked":"DemoMod:BattleInHaste","floor":5},{"not_picked":["DemoMod:DirectionalPad","DemoMod:Unmoved"],"picked":"DemoMod:MachoBrace","floor":7},{"not_picked":["DemoMod:JK47","DemoMod:BattleInHaste"],"picked":"DemoMod:RadGun","floor":8},{"not_picked":["DemoMod:PracticeMakesPerfect","DemoMod:HighKaliber"],"picked":"DemoMod:HungryBullets","floor":11},{"not_picked":["DemoMod:CursedBullets","DemoMod:MegaHand"],"picked":"DemoMod:StickyCrossBow","floor":12},{"not_picked":["DemoMod:BSG","DemoMod:AC15","DemoMod:JK47"],"picked":"SKIP","floor":14}],"player_experience":152193,"relics_obtained":[{"floor":9,"key":"White Beast Statue"},{"floor":11,"key":"DemoMod:GundromedaStrain"},{"floor":13,"key":"Replay:Bandana"}],"event_choices":[{"damage_healed":0,"gold_gain":0,"player_choice":"Relic ","damage_taken":12,"max_hp_gain":0,"max_hp_loss":0,"event_name":"betterThird:BetterScrap","floor":2,"gold_loss":0,"cards_obtained":["Corruption"]},{"damage_healed":0,"gold_gain":0,"player_choice":"Forge","damage_taken":0,"max_hp_gain":0,"max_hp_loss":0,"event_name":"Accursed Blacksmith","floor":4,"gold_loss":0,"cards_upgraded":["DemoMod:HuntsMan"]}],"is_beta":false,"boss_relics":[],"items_purged_floors":[],"is_endless":false,"potions_floor_spawned":[5,7,8,11,12,14],"killed_by":"Slime Boss","ascension_level":0}}