{"host":"ya062ahhhuj9au1o","time":1609379210,"event":{"mods":["BaseMod","Better Third Choice","Downfall","Filter the Spire","Hermit","Minty Spire (QoL Compilation)","Random Character Button","Robot Space Explorer","Somnambulant","StSLib","The Bug Knight","The Cursed","The Marked","The Servant 0.9.4"],"gold_per_floor":[13,13,29,29,29,29,59,59,59,59,73,101,119,139,139,241,241,261,261,8,23,23,23,57,75,146,146,146,146,174,190,190,294,294,309,320,339,389,403,403,436,436,463,104,104,117,117,131,131,131],"floor_reached":51,"playtime":2925,"items_purged":["RobotSpaceExplorer:Scanner","RobotSpaceExplorer:Scan"],"score":1188,"play_id":"aac32b71-6c36-4853-a40c-7eb5117227b1","local_time":"20201230204650","is_ascension_mode":true,"campfire_choices":[{"data":"RobotSpaceExplorer:DoubleFind","floor":6.0,"key":"SMITH"},{"data":"RobotSpaceExplorer:StarLightning","floor":8.0,"key":"SMITH"},{"data":"RobotSpaceExplorer:ExhaustFan","floor":10.0,"key":"SMITH"},{"data":"RobotSpaceExplorer:ChargingLaser","floor":15.0,"key":"SMITH"},{"data":"RobotSpaceExplorer:LuckyStrike","floor":23,"key":"SMITH"},{"data":"RobotSpaceExplorer:Strike","floor":27,"key":"SMITH"},{"data":"RobotSpaceExplorer:Strike","floor":29,"key":"SMITH"},{"data":"RobotSpaceExplorer:Strike","floor":32,"key":"SMITH"},{"data":"RobotSpaceExplorer:MiniBoosters","floor":40,"key":"SMITH"},{"data":"RobotSpaceExplorer:PowerGlove","floor":42,"key":"SMITH"},{"data":"Panache","floor":45,"key":"SMITH"},{"data":"RobotSpaceExplorer:MiniLasers","floor":49,"key":"SMITH"}],"circlet_count":0,"master_deck":["AscendersBane","RobotSpaceExplorer:Strike+1","RobotSpaceExplorer:Strike","RobotSpaceExplorer:Strike+1","RobotSpaceExplorer:Strike+1","RobotSpaceExplorer:MiniLasers+1","RobotSpaceExplorer:ChargingLaser+1","RobotSpaceExplorer:ExhaustFan+1","RobotSpaceExplorer:DoubleFind+1","RobotSpaceExplorer:MiniDrones","RobotSpaceExplorer:StarLightning+1","RobotSpaceExplorer:LuckyStrike+1","RobotSpaceExplorer:MiniDrones+1","RobotSpaceExplorer:Blaster+1","RobotSpaceExplorer:Asteroid+1","Master of Strategy","RobotSpaceExplorer:StarLightning+1","RobotSpaceExplorer:ExhaustFan+1","RobotSpaceExplorer:ExhaustFan+1","RobotSpaceExplorer:MiniBoosters+1","RobotSpaceExplorer:PowerGlove+1","RobotSpaceExplorer:ScrapMissile+1","RobotSpaceExplorer:MiniDrones+1","RobotSpaceExplorer:LuckyStrike+1","Panache+1","RobotSpaceExplorer:LuckyStrike+1"],"relics":["RobotSpaceExplorer:RoboCore","Letter Opener","StrikeDummy","Molten Egg 2","RobotSpaceExplorer:Reprocessor","FossilizedHelix","Eternal Feather","Happy Flower","Runic Pyramid","Gambling Chip","Singing Bowl","Toy Ornithopter"],"acts_visited":["Exordium","TheCity","TheBeyond"],"potions_floor_usage":[24,38,39],"damage_taken":[{"damage":7.0,"enemies":"Small Slimes","floor":1.0,"turns":4.0},{"damage":7.0,"enemies":"Jaw Worm","floor":3.0,"turns":3.0},{"damage":11.0,"enemies":"3 Sentries","floor":7.0,"turns":4.0},{"damage":0.0,"enemies":"2 Louse","floor":11.0,"turns":2.0},{"damage":7.0,"enemies":"Lagavulin","floor":12.0,"turns":4.0},{"damage":0.0,"enemies":"Lots of Slimes","floor":13.0,"turns":2.0},{"damage":0.0,"enemies":"Blue Slaver","floor":14.0,"turns":2.0},{"damage":26.0,"enemies":"Slime Boss","floor":16.0,"turns":8.0},{"damage":0.0,"enemies":"3 Byrds","floor":18.0,"turns":4.0},{"damage":13.0,"enemies":"2 Thieves","floor":21.0,"turns":3.0},{"damage":0,"enemies":"Slavers","floor":24,"turns":5},{"damage":0,"enemies":"Snecko","floor":25,"turns":4},{"damage":0,"enemies":"HollowMod:Nosk","floor":30,"turns":6},{"damage":0,"enemies":"Centurion and Healer","floor":31,"turns":4},{"damage":0,"enemies":"Collector","floor":33,"turns":7},{"damage":0,"enemies":"Orb Walker","floor":35,"turns":3},{"damage":4,"enemies":"3 Shapes","floor":36,"turns":3},{"damage":0,"enemies":"Spire Growth","floor":37,"turns":4},{"damage":10,"enemies":"2 Orb Walkers","floor":38,"turns":4},{"damage":11,"enemies":"4 Shapes","floor":39,"turns":2},{"damage":5,"enemies":"Nemesis","floor":41,"turns":6},{"damage":0,"enemies":"Jaw Worm Horde","floor":46,"turns":3},{"damage":0,"enemies":"Maw","floor":48,"turns":4},{"damage":16,"enemies":"Time Eater","floor":50,"turns":6}],"seed_played":"-4869826307418652997","potions_obtained":[{"floor":1.0,"key":"Explosive Potion"},{"floor":3.0,"key":"DistilledChaos"},{"floor":7.0,"key":"PowerPotion"},{"floor":11.0,"key":"Guardian:BlockOnCardUsePotion"},{"floor":14.0,"key":"EssenceOfSteel"},{"floor":21.0,"key":"champ:CounterPotion"},{"floor":30,"key":"hexamod:EctoCoolerPotion"},{"floor":35,"key":"Fire Potion"},{"floor":36,"key":"Block Potion"},{"floor":48,"key":"Block Potion"}],"is_trial":false,"path_per_floor":["M","?","M","?","?","R","E","R","T","R","M","E","M","M","R","B",null,"M","?","$","M","?","R","E","M","T","R","?","R","E","M","R","B",null,"M","M","M","?","M","R","E","R","T","$","R","M","?","M","R","B",null],"character_chosen":"RobotSpaceExplorer","items_purchased":["Master of Strategy","Panache","RobotSpaceExplorer:LuckyStrike+1"],"campfire_rested":0,"item_purchase_floors":[20,44,44],"current_hp_per_floor":[61,61,54,54,47,47,36,36,36,36,36,29,29,29,29,3,57,57,57,57,44,44,44,44,44,44,56,56,68,68,68,75,75,75,75,71,71,61,50,62,57,72,72,72,75,77,79,81,81,65],"gold":131,"neow_bonus":"THREE_RARE_CARDS","is_daily":false,"chose_seed":false,"campfire_upgraded":12,"win_rate":0.0,"timestamp":1609379210,"path_taken":["M","?","M","?","?","R","E","R","T","R","M","E","M","M","R","BOSS","M","?","$","M","?","R","E","?","T","R","?","R","E","M","R","BOSS","M","M","M","?","M","R","E","R","T","$","R","M","?","M","R","BOSS"],"items_purchased_type":["Card","Card","Card"],"build_version":"2020-12-22","purchased_purges":2,"victory":true,"max_hp_per_floor":[75,75,75,75,75,75,75,75,75,75,75,75,75,75,75,75,75,75,75,75,75,75,75,75,75,75,75,75,75,75,75,75,75,75,75,75,75,75,75,75,75,75,75,75,75,77,79,81,81,81],"card_choices":[{"not_picked":["RobotSpaceExplorer:Arsenal","RobotSpaceExplorer:Accelerator"],"picked":"RobotSpaceExplorer:ChargingLaser","floor":0.0},{"not_picked":["RobotSpaceExplorer:ToxicBomb","RobotSpaceExplorer:GlueShot"],"picked":"RobotSpaceExplorer:ExhaustFan","floor":1.0},{"not_picked":["RobotSpaceExplorer:FreezeRay","RobotSpaceExplorer:SlimeMissile"],"picked":"RobotSpaceExplorer:MiniDrones","floor":3.0},{"not_picked":["RobotSpaceExplorer:MetalStrike","RobotSpaceExplorer:IronShell"],"picked":"RobotSpaceExplorer:StarLightning","floor":7.0},{"not_picked":["RobotSpaceExplorer:SurgingShield","RobotSpaceExplorer:Probe"],"picked":"RobotSpaceExplorer:LuckyStrike","floor":11.0},{"not_picked":["RobotSpaceExplorer:ShockKick+1","RobotSpaceExplorer:GlueSpray","RobotSpaceExplorer:Blitz+1"],"picked":"SKIP","floor":12.0},{"not_picked":["RobotSpaceExplorer:MetalStrike+1","RobotSpaceExplorer:Electroshield","RobotSpaceExplorer:Smokescreen"],"picked":"SKIP","floor":13.0},{"not_picked":["RobotSpaceExplorer:IronShell","RobotSpaceExplorer:StunGrenade+1"],"picked":"RobotSpaceExplorer:MiniDrones+1","floor":14.0},{"not_picked":["RobotSpaceExplorer:BlastShield","RobotSpaceExplorer:TrailblazerForm"],"picked":"RobotSpaceExplorer:Blaster+1","floor":16.0},{"not_picked":["RobotSpaceExplorer:LaserBurst+1","RobotSpaceExplorer:MetalStrike+1","RobotSpaceExplorer:PlasmaMissile+1"],"picked":"SKIP","floor":18.0},{"not_picked":["RobotSpaceExplorer:SwiftStep+1","RobotSpaceExplorer:Smokescreen"],"picked":"RobotSpaceExplorer:StarLightning+1","floor":21.0},{"not_picked":["RobotSpaceExplorer:StarDust","RobotSpaceExplorer:Counterblock+1","RobotSpaceExplorer:ShockKick+1"],"picked":"SKIP","floor":24},{"not_picked":["RobotSpaceExplorer:FreezingShield","RobotSpaceExplorer:Counterblock"],"picked":"RobotSpaceExplorer:ExhaustFan+1","floor":25},{"not_picked":["RobotSpaceExplorer:SlimeMissile+1","RobotSpaceExplorer:Electropulse+1","RobotSpaceExplorer:Calculate"],"picked":"SKIP","floor":30},{"not_picked":["RobotSpaceExplorer:SurgingStrike+1","RobotSpaceExplorer:FrostMissile+1","RobotSpaceExplorer:Blitz+1"],"picked":"SKIP","floor":31},{"not_picked":["RobotSpaceExplorer:LuckyStrike+1","RobotSpaceExplorer:FreezeRay"],"picked":"RobotSpaceExplorer:MiniBoosters","floor":35},{"not_picked":["RobotSpaceExplorer:IronShell+1","RobotSpaceExplorer:ShovelStrike+1","RobotSpaceExplorer:MetalStrike+1"],"picked":"SKIP","floor":36},{"not_picked":["RobotSpaceExplorer:SurgingStrike+1","RobotSpaceExplorer:MiniDrones+1"],"picked":"RobotSpaceExplorer:PowerGlove","floor":37},{"not_picked":["RobotSpaceExplorer:SurgingShield","RobotSpaceExplorer:FrostMissile+1"],"picked":"RobotSpaceExplorer:ScrapMissile+1","floor":38},{"not_picked":["RobotSpaceExplorer:FranticSearch+1","RobotSpaceExplorer:SurgingStrike+1"],"picked":"RobotSpaceExplorer:MiniDrones+1","floor":39},{"not_picked":["RobotSpaceExplorer:ShockKick+1","RobotSpaceExplorer:PowerGlove"],"picked":"RobotSpaceExplorer:LuckyStrike+1","floor":41},{"not_picked":["RobotSpaceExplorer:GlueShot+1","RobotSpaceExplorer:DoubleFind","RobotSpaceExplorer:Probe+1"],"picked":"Singing Bowl","floor":46},{"not_picked":["expansioncontent:TimeRipple+1","expansioncontent:ManipulateTime","expansioncontent:ChargeUp"],"picked":"Singing Bowl","floor":47},{"not_picked":["RobotSpaceExplorer:ImprovisedAttack+1","RobotSpaceExplorer:Wormhole","RobotSpaceExplorer:PowerCollector+1"],"picked":"Singing Bowl","floor":48}],"player_experience":1743424,"relics_obtained":[{"floor":7.0,"key":"Letter Opener"},{"floor":9.0,"key":"StrikeDummy"},{"floor":12.0,"key":"Molten Egg 2"},{"floor":24,"key":"FossilizedHelix"},{"floor":26,"key":"Eternal Feather"},{"floor":30,"key":"Happy Flower"},{"floor":38,"key":"Gambling Chip"},{"floor":41,"key":"Singing Bowl"},{"floor":43,"key":"Toy Ornithopter"}],"event_choices":[{"damage_healed":0.0,"max_hp_gain":0.0,"max_hp_loss":0.0,"gold_gain":0.0,"cards_transformed":["RobotSpaceExplorer:Defend"],"event_name":"Living Wall","player_choice":"Change","floor":2.0,"gold_loss":0.0,"damage_taken":0.0,"cards_obtained":["RobotSpaceExplorer:DoubleFind"]},{"damage_healed":0.0,"max_hp_gain":0.0,"max_hp_loss":0.0,"gold_gain":0.0,"event_name":"betterThird:BetterSerpent","player_choice":"Ignored","floor":4.0,"gold_loss":0.0,"damage_taken":29.0},{"cards_removed":["RobotSpaceExplorer:Defend"],"damage_healed":0.0,"max_hp_gain":0.0,"max_hp_loss":0.0,"gold_gain":0.0,"event_name":"Golden Wing","player_choice":"Card Removal","floor":5.0,"gold_loss":0.0,"damage_taken":7.0},{"damage_healed":0.0,"max_hp_gain":0.0,"max_hp_loss":0.0,"gold_gain":0.0,"cards_transformed":["RobotSpaceExplorer:Defend","RobotSpaceExplorer:Defend"],"event_name":"Drug Dealer","player_choice":"Became Test Subject","floor":19.0,"gold_loss":0.0,"damage_taken":0.0,"cards_obtained":["RobotSpaceExplorer:Scanner","RobotSpaceExplorer:Asteroid"]},{"damage_healed":0,"gold_gain":0,"player_choice":"Copied","damage_taken":0,"max_hp_gain":0,"max_hp_loss":0,"event_name":"Duplicator","floor":22,"gold_loss":0,"cards_obtained":["RobotSpaceExplorer:ExhaustFan"]},{"damage_healed":0,"gold_gain":0,"player_choice":"Fight","damage_taken":0,"max_hp_gain":0,"max_hp_loss":0,"event_name":"Mysterious Sphere","floor":38,"gold_loss":0},{"damage_healed":0,"gold_gain":0,"player_choice":"Memory 1","damage_taken":0,"max_hp_gain":0,"max_hp_loss":0,"event_name":"SensoryStone","floor":47,"gold_loss":0}],"is_beta":false,"boss_relics":[{"not_picked":["Pandora\u0027s Box","Sozu"],"picked":"RobotSpaceExplorer:Reprocessor"},{"not_picked":["RobotSpaceExplorer:TurboCore","Busted Crown"],"picked":"Runic Pyramid"}],"items_purged_floors":[20,44],"is_endless":false,"potions_floor_spawned":[1,3,7,11,14,21,30,33,35,36,48],"ascension_level":10}}