{"host":"y2f2s0ooegpa48sz","time":1609384586,"event":{"mods":["2.2 Compatiblity","Act Like it!","Aspiration","BaseMod","Better Altar","Better Match","Better Note","Better Skull","Better Third Choice","BetterRewards","CCEM","Colored Map","Colored Powertips","DeckTracker","Hallownest","Hermit","Highlight Path","Hubris","Hyrulean Relics","Marked Mod","Minty Spire (QoL Compilation)","Quick Restart","Relic Stats","Replay The Spire","Reworked Bosses","Shop Mod","Spicy Shops","StSLib","SuperFastMode","The Bug Knight","The Cursed","The Disciple","Unceasing Turn Reminder","everything is the same but u backflip on backflip","slay the spire mod where everything is the same but ironclad has a cowboy hat","vexMod"],"gold_per_floor":[20,32,32,32,47,47,47,74,99,124,136,136,136,155,155,254,254,270,284,300,300,215,247,260,286,286,298,298,310,343,361,361,466,466,486,502,502,502,4,30,30,41,41,66,66,82,82,97,97,97],"floor_reached":51,"playtime":3123,"items_purged":["Defend_G","Strike_G"],"score":987,"play_id":"7a01f926-d15f-46f7-ab15-ba71a8bc7efc","local_time":"20201230191626","is_ascension_mode":true,"campfire_choices":[{"data":"Survivor","floor":6,"key":"SMITH"},{"data":"ReplayTheSpireMod:Scrap Shanks","floor":13,"key":"SMITH"},{"floor":15,"key":"DIG"},{"data":"Accuracy","floor":32,"key":"SMITH"},{"floor":41,"key":"RECALL"},{"data":"Night Terror","floor":45,"key":"SMITH"},{"data":"Tactician","floor":47,"key":"SMITH"},{"data":"Choke","floor":49,"key":"SMITH"}],"circlet_count":0,"master_deck":["Strike_G","Strike_G","Defend_G","Defend_G","Survivor+1","Neutralize","Hidden Blade","Backstab+1","PiercingWail","Blade Dance+1","Finisher","ReplayTheSpireMod:Scrap Shanks+1","Choke+1","Night Terror+1","ReplayTheSpireMod:Speed Training","Cloak And Dagger","hermit:Adapt+1","Accuracy+1","Cloak And Dagger+1","Concentrate","After Image","Escape Plan+1","Outmaneuver+1","ReplayUltimateDefense","Blade Dance","Tactician+1","Grand Finale","Expertise"],"relics":["Ring of the Snake","FossilizedHelix","Anchor","Snecko Scales","Unceasing Top","aspiration:FetidBarrel","CCEMRelics:JestersCrown","Red Mask","hubris:Towel","MerchantsRug","hubris:MysteriousPyramids","Lantern","CCEMRelics:Pendulum","vexMod:Dragonfruit","Oddly Smooth Stone"],"acts_visited":["Exordium","TheCity","TheBeyond"],"potions_floor_usage":[8,8,16,27,27,33,50],"damage_taken":[{"damage":0,"enemies":"Jaw Worm","floor":1,"turns":6},{"damage":0,"enemies":"Small Slimes","floor":2,"turns":4},{"damage":0,"enemies":"Cultist","floor":5,"turns":3},{"damage":1,"enemies":"Lagavulin","floor":8,"turns":8},{"damage":10,"enemies":"3 Sentries","floor":10,"turns":8},{"damage":0,"enemies":"3 Louse","floor":11,"turns":4},{"damage":0,"enemies":"Blue Slaver","floor":14,"turns":1},{"damage":44,"enemies":"Hexaghost","floor":16,"turns":13},{"damage":0,"enemies":"Spheric Guardian","floor":18,"turns":3},{"damage":0,"enemies":"Centurion and Healer","floor":19,"turns":4},{"damage":1,"enemies":"Shelled Parasite and Fungi","floor":20,"turns":3},{"damage":15,"enemies":"Book of Stabbing","floor":23,"turns":4},{"damage":0,"enemies":"Snecko","floor":24,"turns":3},{"damage":0,"enemies":"Gremlin Leader","floor":25,"turns":4},{"damage":0,"enemies":"Snake Plant","floor":27,"turns":2},{"damage":0,"enemies":"3 Cultists","floor":29,"turns":3},{"damage":0,"enemies":"Masked Bandits","floor":30,"turns":3},{"damage":0,"enemies":"Snecko","floor":31,"turns":3},{"damage":6,"enemies":"bossMod:newCollector","floor":33,"turns":3},{"damage":0,"enemies":"3 Darklings","floor":35,"turns":2},{"damage":0,"enemies":"3 Shapes","floor":36,"turns":4},{"damage":0,"enemies":"Reptomancer","floor":40,"turns":2},{"damage":0,"enemies":"Maw","floor":42,"turns":3},{"damage":0,"enemies":"Writhing Mass","floor":46,"turns":3},{"damage":0,"enemies":"4 Shapes","floor":48,"turns":3},{"damage":0,"enemies":"Replay:Hell Engine","floor":50,"turns":4}],"seed_played":"9106774360161843152","potions_obtained":[{"floor":1,"key":"LifebloodPotion"},{"floor":2,"key":"BlessingOfTheForge"},{"floor":11,"key":"Ancient Potion"},{"floor":14,"key":"Elixir"},{"floor":16,"key":"LifebloodPotion"},{"floor":19,"key":"Elixir"},{"floor":23,"key":"DistilledChaos"},{"floor":24,"key":"PowerPotion"},{"floor":27,"key":"SpeedPotion"},{"floor":29,"key":"DistilledChaos"},{"floor":35,"key":"Elixir"},{"floor":46,"key":"SneckoOil"},{"floor":48,"key":"SteroidPotion"}],"is_trial":false,"path_per_floor":["M","M","?","?","M","R","?","E","T","E","M","?","R","M","R_BF","B",null,"M","M","M","?","?","E","M","E","T","M","?","M","?","M","R","B",null,"M","M","?","?","$","E","R","M","T","T","R","M","R","M","R","B",null],"character_chosen":"THE_SILENT","items_purchased":["MerchantsRug","hubris:MysteriousPyramids","Lantern"],"campfire_rested":0,"item_purchase_floors":[39,39,39],"current_hp_per_floor":[63,63,63,63,63,63,68,67,67,57,57,57,57,57,57,15,60,62,64,65,65,71,60,64,70,70,76,76,80,81,81,81,75,80,81,81,81,81,81,81,81,81,86,86,86,86,86,86,86,86],"gold":97,"neow_bonus":"ONE_RARE_RELIC","is_daily":false,"chose_seed":false,"campfire_upgraded":6,"win_rate":0.0,"timestamp":1609384586,"path_taken":["M","M","?","?","?","R","?","E","T","E","M","?","R","M","R_BF","BOSS","M","?","M","?","?","E","M","E","T","M","?","M","?","?","R","BOSS","M","M","?","?","?","E","R","M","T","?","R","M","R","?","R","BOSS"],"items_purchased_type":["Relic","Relic","Relic"],"build_version":"2020-12-22","purchased_purges":2,"victory":true,"max_hp_per_floor":[70,70,70,70,70,70,75,75,75,75,75,75,75,75,75,75,75,75,75,75,75,81,81,81,81,81,81,81,81,81,81,81,81,81,81,81,81,81,81,81,81,81,86,86,86,86,86,86,86,86],"relic_stats":{"counters":[350,1642],"obtain_stats":[{"Lantern":39,"Calipers":8,"CCEMRelics:Pendulum":40,"GremlinMask":13,"hubris:MysteriousPyramids":39,"Empty Cage":34,"Nunchaku":9,"CCEMRelics:Sandal":9,"Red Mask":30,"CCEMRelics:JestersCrown":26,"Ring of the Snake":0,"CCEMRelics:Barrel":7,"Potion Belt":9,"MerchantsRug":39,"aspiration:FetidBarrel":25,"Oddly Smooth Stone":44,"vexMod:BerryBomb":22,"hubris:Towel":38,"vexMod:Dragonfruit":43,"Anchor":15,"Snecko Scales":17,"Bronze Scales":6,"Bird Faced Urn":10,"Art of War":12,"Grinning Jar":8,"Unceasing Top":0,"FossilizedHelix":0},{"Lantern":345,"Calipers":328,"CCEMRelics:Pendulum":346,"GremlinMask":313,"hubris:MysteriousPyramids":345,"Empty Cage":343,"Nunchaku":319,"CCEMRelics:Sandal":312,"Red Mask":341,"CCEMRelics:JestersCrown":338,"Ring of the Snake":0,"CCEMRelics:Barrel":319,"Potion Belt":328,"MerchantsRug":345,"aspiration:FetidBarrel":338,"Oddly Smooth Stone":347,"vexMod:BerryBomb":335,"hubris:Towel":345,"vexMod:Dragonfruit":347,"Anchor":331,"Snecko Scales":332,"Bronze Scales":312,"Bird Faced Urn":329,"Art of War":321,"Grinning Jar":312,"Unceasing Top":310,"FossilizedHelix":324},{"Lantern":1627,"Calipers":1560,"CCEMRelics:Pendulum":1629,"GremlinMask":1444,"hubris:MysteriousPyramids":1627,"Empty Cage":1621,"Nunchaku":1493,"CCEMRelics:Sandal":1442,"Red Mask":1615,"CCEMRelics:JestersCrown":1607,"Ring of the Snake":0,"CCEMRelics:Barrel":1493,"Potion Belt":1560,"MerchantsRug":1627,"aspiration:FetidBarrel":1607,"Oddly Smooth Stone":1632,"vexMod:BerryBomb":1596,"hubris:Towel":1627,"vexMod:Dragonfruit":1632,"Anchor":1573,"Snecko Scales":1586,"Bronze Scales":1442,"Bird Faced Urn":1568,"Art of War":1509,"Grinning Jar":1442,"Unceasing Top":1424,"FossilizedHelix":1539}],"Unceasing Top":[32],"Ring of the Snake":[76]},"card_choices":[{"not_picked":["hubris:TrickCloak","PiercingWail"],"picked":"Hidden Blade","floor":1},{"not_picked":["Quick Slash","hubris:SlightOfHand"],"picked":"Backstab","floor":2},{"not_picked":["All Out Attack","Noxious Fumes"],"picked":"PiercingWail","floor":5},{"not_picked":["Skewer","Caltrops"],"picked":"Blade Dance","floor":8},{"not_picked":["ReplayTheSpireMod:The Works","Quick Slash"],"picked":"Finisher","floor":10},{"not_picked":["PiercingWail","ReplayTheSpireMod:Speed Training"],"picked":"ReplayTheSpireMod:Scrap Shanks","floor":11},{"not_picked":["Dodge and Roll","Bane"],"picked":"Choke","floor":14},{"not_picked":["Corpse Explosion","Wraith Form v2"],"picked":"Night Terror","floor":16},{"not_picked":["Riddle With Holes","Poisoned Stab","hubris:SlightOfHand"],"picked":"SKIP","floor":18},{"not_picked":["ReplayTheSpireMod:Exploit Weakness","Bane+1"],"picked":"ReplayTheSpireMod:Speed Training","floor":19},{"not_picked":["Poisoned Stab","PiercingWail+1"],"picked":"Cloak And Dagger","floor":20},{"not_picked":["Acrobatics","Deflect+1"],"picked":"Accuracy","floor":23},{"not_picked":["Poisoned Stab","Outmaneuver","Blur"],"picked":"SKIP","floor":24},{"not_picked":["Poison Darts","Backflip","Sneak Up"],"picked":"SKIP","floor":25},{"not_picked":["Dagger Throw","Sneak Up"],"picked":"Cloak And Dagger+1","floor":27},{"not_picked":["Cloak And Dagger","ReplayTheSpireMod:Speed Training"],"picked":"Concentrate","floor":29},{"not_picked":["Quick Slash","Dodge and Roll","hubris:TrickCloak+1"],"picked":"SKIP","floor":31},{"not_picked":["A Thousand Cuts","Atom Bomb"],"picked":"After Image","floor":33},{"not_picked":["Infinite Blades+1","Underhanded Strike"],"picked":"Escape Plan+1","floor":35},{"not_picked":["Cloak And Dagger","All Out Attack+1"],"picked":"Outmaneuver+1","floor":36},{"not_picked":["Replay:Parry","Flash of Steel"],"picked":"ReplayUltimateDefense","floor":37},{"not_picked":["Dodge and Roll+1","Concentrate+1"],"picked":"Blade Dance","floor":40},{"not_picked":["Terror","Expertise"],"picked":"Tactician","floor":42},{"not_picked":["Deadly Poison+1","Flying Knee+1"],"picked":"Grand Finale","floor":46},{"not_picked":["Flying Knee","Dagger Spray+1"],"picked":"Expertise","floor":48}],"player_experience":609611,"relics_obtained":[{"floor":8,"key":"Calipers"},{"floor":9,"key":"Potion Belt"},{"floor":10,"key":"Bird Faced Urn"},{"floor":15,"key":"Anchor"},{"floor":23,"key":"Unceasing Top"},{"floor":25,"key":"aspiration:FetidBarrel"},{"floor":26,"key":"CCEMRelics:JestersCrown"},{"floor":30,"key":"Red Mask"},{"floor":40,"key":"CCEMRelics:Pendulum"},{"floor":43,"key":"vexMod:Dragonfruit"},{"floor":44,"key":"Oddly Smooth Stone"}],"event_choices":[{"cards_removed":["Defend_G"],"damage_healed":0,"gold_gain":0,"player_choice":"Purged","damage_taken":0,"max_hp_gain":0,"max_hp_loss":0,"event_name":"Purifier","floor":4,"gold_loss":0},{"damage_healed":0,"gold_gain":0,"player_choice":"Donut","damage_taken":0,"max_hp_gain":5,"max_hp_loss":0,"event_name":"Big Fish","floor":7,"gold_loss":0},{"damage_healed":0,"gold_gain":0,"player_choice":"Upgraded","damage_taken":0,"max_hp_gain":0,"max_hp_loss":0,"event_name":"Upgrade Shrine","floor":12,"gold_loss":0,"cards_upgraded":["Blade Dance"]},{"cards_removed":["Backstab"],"damage_healed":0,"gold_gain":0,"player_choice":"Take \u0026 Give","damage_taken":0,"max_hp_gain":0,"max_hp_loss":0,"event_name":"betterNote:BetterNote","floor":21,"gold_loss":0,"cards_obtained":["hermit:Adapt"]},{"damage_healed":0,"gold_gain":0,"player_choice":"Obtained Relic","damage_taken":0,"relics_obtained":["vexMod:BerryBomb"],"max_hp_gain":0,"max_hp_loss":0,"event_name":"Addict","floor":22,"gold_loss":85},{"cards_removed":["Strike_G"],"damage_healed":0,"gold_gain":0,"player_choice":"Elegance","damage_taken":0,"max_hp_gain":0,"max_hp_loss":0,"event_name":"betterThird:BetterWriting","floor":28,"gold_loss":0},{"damage_healed":0,"gold_gain":0,"player_choice":"Fought Bandits","damage_taken":0,"max_hp_gain":0,"max_hp_loss":0,"event_name":"Masked Bandits","floor":30,"gold_loss":0},{"damage_healed":0,"gold_gain":0,"player_choice":"Memory 1","damage_taken":0,"max_hp_gain":0,"max_hp_loss":0,"event_name":"SensoryStone","floor":37,"gold_loss":0}],"is_beta":false,"boss_relics":[{"not_picked":["vexMod:BigBerry","Honey Jar"],"picked":"Snecko Scales"},{"not_picked":["Fusion Hammer","aspiration:RunicSpoon"],"picked":"Empty Cage"}],"items_purged_floors":[39,39],"is_endless":false,"potions_floor_spawned":[1,2,11,14,16,19,23,24,27,29,35,46,48],"ascension_level":9}}