{"host":"ohysexhjt9sgbosk","time":1609395529,"event":{"mods":["BaseMod","Better Altar","Better Skull","Better Third Choice","BetterRewards","Colored Map","Colored Powertips","Curses Come First","Evolution","Key Reminder","Minty Spire (QoL Compilation)","Rare Cards Sparkle","StSLib"],"gold_per_floor":[115,133,145,161,126,126,158,158,185,185,360,317,317,317],"floor_reached":13,"playtime":623,"items_purged":[],"score":112,"play_id":"cfb20d72-eb27-4752-8972-fe1d6abf8f31","local_time":"20201230231849","is_ascension_mode":true,"campfire_choices":[{"floor":6,"key":"RECALL"}],"circlet_count":0,"master_deck":["Sweeping Beam","Sweeping Beam","Sweeping Beam","Sweeping Beam","Leap","Defend_B","Defend_B","Defend_B","Zap","Dualcast","Ball Lightning","White Noise","Go for the Eyes","Go for the Eyes","BootSequence","Doubt"],"relics":["Cracked Core","EVO:Axolotl","Lantern","Golden Idol","betterThird:SlimedRelic"],"acts_visited":["Exordium"],"potions_floor_usage":[],"damage_taken":[{"damage":2,"enemies":"Jaw Worm","floor":1,"turns":3},{"damage":4,"enemies":"2 Louse","floor":2,"turns":2},{"damage":0,"enemies":"Small Slimes","floor":3,"turns":2},{"damage":7,"enemies":"Blue Slaver","floor":4,"turns":3},{"damage":8,"enemies":"Lagavulin","floor":7,"turns":5},{"damage":86,"enemies":"Gremlin Nob","floor":13,"turns":8}],"seed_played":"297692989585467662","potions_obtained":[{"floor":1,"key":"Regen Potion"},{"floor":2,"key":"FairyPotion"}],"is_trial":false,"path_per_floor":["M","M","M","M","?","R","E","?","T","$","?","?","E"],"character_chosen":"DEFECT","items_purchased":[],"campfire_rested":0,"item_purchase_floors":[],"current_hp_per_floor":[80,76,76,69,82,82,74,54,54,54,54,43,0,0],"gold":317,"neow_bonus":"TEN_PERCENT_HP_BONUS","is_daily":false,"chose_seed":false,"campfire_upgraded":0,"win_rate":0.0,"timestamp":1609395529,"path_taken":["M","M","M","M","?","R","E","?","T","$","?","?","E"],"items_purchased_type":[],"build_version":"2020-12-22","purchased_purges":0,"victory":false,"max_hp_per_floor":[82,82,82,82,82,82,82,82,82,82,82,82,82,82],"card_choices":[{"not_picked":["Stack","Auto Shields"],"picked":"Ball Lightning","floor":1},{"not_picked":["Reinforced Body","Self Repair"],"picked":"White Noise","floor":2},{"not_picked":["Stack","Compile Driver"],"picked":"Go for the Eyes","floor":3},{"not_picked":["Skim","Force Field"],"picked":"Go for the Eyes","floor":4},{"not_picked":["Cold Snap","Beam Cell"],"picked":"BootSequence","floor":7}],"player_experience":90786,"relics_obtained":[{"floor":7,"key":"Lantern"}],"event_choices":[{"damage_healed":20,"gold_gain":0,"player_choice":"Healed","damage_taken":0,"max_hp_gain":0,"max_hp_loss":0,"event_name":"The Cleric","floor":5,"gold_loss":35},{"damage_healed":0,"gold_gain":0,"player_choice":"Take Damage","damage_taken":20,"relics_obtained":["Golden Idol"],"max_hp_gain":0,"max_hp_loss":0,"event_name":"Golden Idol","floor":8,"gold_loss":0},{"damage_healed":0,"gold_gain":175,"player_choice":"AGREE","damage_taken":185,"max_hp_gain":0,"max_hp_loss":0,"event_name":"betterThird:BetterSerpent","floor":11,"gold_loss":0},{"damage_healed":0,"gold_gain":0,"player_choice":"Slimed","damage_taken":11,"max_hp_gain":0,"max_hp_loss":0,"event_name":"betterThird:BetterGoop","floor":12,"gold_loss":43}],"is_beta":false,"boss_relics":[],"items_purged_floors":[],"is_endless":false,"potions_floor_spawned":[1,2],"killed_by":"Gremlin Nob","ascension_level":1}}