{"host":"x4juqxtivqd4pvh0","time":1609395396,"event":{"mods":["AchievementEnabler","BaseMod","Colored Map","Colored Powertips","Googly Eyes","Minty Spire (QoL Compilation)","Rare Cards Sparkle","Shop Mod","SuperFastMode"],"gold_per_floor":[119,119,136,101,119,119,133,133,133,133,133,150,170,188,188,290,290,303,314,326,346,271,271,271,301,301,301,314,334,334,347,347,347,347],"floor_reached":33,"playtime":1498,"items_purged":[],"score":263,"play_id":"9050bbeb-e4a1-443b-897f-dc7ed3045c00","local_time":"20201231164636","is_ascension_mode":false,"campfire_choices":[{"data":"Seeing Red","floor":6,"key":"SMITH"},{"data":"Ghostly Armor","floor":8,"key":"SMITH"},{"data":"Strike_R","floor":11,"key":"SMITH"},{"data":"Carnage","floor":15,"key":"SMITH"},{"floor":23,"key":"REST"},{"floor":27,"key":"REST"},{"floor":32,"key":"REST"}],"circlet_count":0,"master_deck":["Strike_R+1","Strike_R","Strike_R","Strike_R","Defend_R","Defend_R","Defend_R","Defend_R","Seeing Red+1","Ghostly Armor+1","Carnage+1","Offering","Anger","Pommel Strike+1","Flex","Heavy Blade","Flex","Cleave"],"relics":["Burning Blood","NeowsBlessing","InkBottle","Oddly Smooth Stone","SlaversCollar","Vajra","Ornamental Fan"],"acts_visited":["Exordium","TheCity"],"potions_floor_usage":[16,18,21,21,33,33,33,33],"damage_taken":[{"damage":0,"enemies":"Jaw Worm","floor":1,"turns":1},{"damage":0,"enemies":"Small Slimes","floor":3,"turns":1},{"damage":0,"enemies":"Cultist","floor":5,"turns":1},{"damage":1,"enemies":"3 Louse","floor":7,"turns":4},{"damage":0,"enemies":"Blue Slaver","floor":12,"turns":4},{"damage":9,"enemies":"2 Fungi Beasts","floor":13,"turns":4},{"damage":4,"enemies":"Looter","floor":14,"turns":3},{"damage":72,"enemies":"The Guardian","floor":16,"turns":30},{"damage":18,"enemies":"3 Byrds","floor":18,"turns":10},{"damage":6,"enemies":"Shell Parasite","floor":19,"turns":5},{"damage":13,"enemies":"Shelled Parasite and Fungi","floor":20,"turns":5},{"damage":44,"enemies":"Snecko","floor":21,"turns":8},{"damage":65,"enemies":"Slavers","floor":25,"turns":6},{"damage":10,"enemies":"Cultist and Chosen","floor":28,"turns":4},{"damage":8,"enemies":"3 Cultists","floor":29,"turns":5},{"damage":28,"enemies":"Centurion and Healer","floor":31,"turns":6},{"damage":39,"enemies":"Collector","floor":33,"turns":6}],"seed_played":"-7835169196089666507","potions_obtained":[{"floor":7,"key":"Fire Potion"},{"floor":12,"key":"EntropicBrew"},{"floor":14,"key":"DistilledChaos"},{"floor":16,"key":"Fire Potion"},{"floor":20,"key":"Energy Potion"},{"floor":25,"key":"SpeedPotion"},{"floor":29,"key":"Ancient Potion"},{"floor":31,"key":"FearPotion"}],"is_trial":false,"path_per_floor":["M","?","M","?","M","R","M","R","T","?","R","M","M","M","R","B",null,"M","M","M","M","?","R","?","E","T","R","M","M","?","M","R","B"],"character_chosen":"IRONCLAD","items_purchased":[],"campfire_rested":3,"item_purchase_floors":[],"current_hp_per_floor":[80,62,68,80,80,80,80,80,80,80,80,80,77,79,79,13,80,68,68,61,23,23,47,73,14,14,38,34,32,32,10,34,0,0],"gold":347,"neow_bonus":"THREE_ENEMY_KILL","is_daily":false,"chose_seed":false,"campfire_upgraded":4,"win_rate":0.0,"timestamp":1609395396,"path_taken":["M","?","M","?","M","R","?","R","T","?","R","M","M","M","R","BOSS","M","M","?","M","?","R","?","E","T","R","M","M","?","M","R","BOSS"],"items_purchased_type":[],"build_version":"2020-12-22","purchased_purges":0,"victory":false,"max_hp_per_floor":[80,80,80,80,80,80,80,80,80,80,80,80,80,80,80,80,80,80,80,80,80,80,80,80,80,80,80,80,80,80,80,80,80,80],"card_choices":[{"not_picked":["Clothesline","Body Slam","Rage"],"picked":"SKIP","floor":1},{"not_picked":["Metallicize","True Grit"],"picked":"Seeing Red","floor":3},{"not_picked":["Armaments","Thunderclap","Searing Blow"],"picked":"SKIP","floor":5},{"not_picked":["Dark Embrace","Clothesline"],"picked":"Ghostly Armor","floor":7},{"not_picked":["Inflame","Burning Pact","Dark Embrace"],"picked":"SKIP","floor":12},{"not_picked":["Perfected Strike","Ghostly Armor"],"picked":"Carnage","floor":13},{"not_picked":["Flame Barrier","Armaments","Wild Strike"],"picked":"SKIP","floor":14},{"not_picked":["Barricade","Reaper"],"picked":"Offering","floor":16},{"not_picked":["Carnage","Sword Boomerang+1"],"picked":"Anger","floor":18},{"not_picked":["Thunderclap+1","Armaments","Perfected Strike"],"picked":"SKIP","floor":19},{"not_picked":["Fire Breathing+1","Dual Wield+1"],"picked":"Pommel Strike+1","floor":20},{"not_picked":["Carnage","Combust"],"picked":"Flex","floor":21},{"not_picked":["Shockwave","Fiend Fire","True Grit+1"],"picked":"SKIP","floor":25},{"not_picked":["Evolve+1","Perfected Strike"],"picked":"Heavy Blade","floor":28},{"not_picked":["Pommel Strike","Brutality"],"picked":"Flex","floor":29},{"not_picked":["Rage","Whirlwind"],"picked":"Cleave","floor":31}],"player_experience":45226,"relics_obtained":[{"floor":9,"key":"Oddly Smooth Stone"},{"floor":25,"key":"Vajra"},{"floor":26,"key":"Ornamental Fan"}],"event_choices":[{"damage_healed":0,"gold_gain":0,"player_choice":"Success","damage_taken":18,"relics_obtained":["InkBottle"],"max_hp_gain":0,"max_hp_loss":0,"event_name":"Scrap Ooze","floor":2,"gold_loss":0},{"damage_healed":20,"gold_gain":0,"player_choice":"Healed","damage_taken":0,"max_hp_gain":0,"max_hp_loss":0,"event_name":"The Cleric","floor":4,"gold_loss":35},{"cards_removed":["Bash"],"damage_healed":0,"gold_gain":0,"player_choice":"Purged","damage_taken":0,"max_hp_gain":0,"max_hp_loss":0,"event_name":"Purifier","floor":10,"gold_loss":0},{"cards_removed":["Strike_R"],"damage_healed":0,"gold_gain":0,"player_choice":"Gave Gold","damage_taken":0,"max_hp_gain":0,"max_hp_loss":0,"event_name":"Beggar","floor":22,"gold_loss":75},{"damage_healed":26,"gold_gain":0,"player_choice":"Heal","damage_taken":0,"max_hp_gain":0,"max_hp_loss":0,"event_name":"The Library","floor":24,"gold_loss":0},{"damage_healed":0,"gold_gain":0,"player_choice":"Ignored","damage_taken":0,"max_hp_gain":0,"max_hp_loss":0,"event_name":"Cursed Tome","floor":30,"gold_loss":0}],"is_beta":false,"boss_relics":[{"not_picked":["Cursed Key","Mark of Pain"],"picked":"SlaversCollar"}],"items_purged_floors":[],"is_endless":false,"potions_floor_spawned":[7,12,14,16,20,25,29,31],"killed_by":"Collector","ascension_level":0}}