{"host":"z5ogtnuuoxgup8y1","time":1609450915,"event":{"mods":["BaseMod","Better Third Choice","BetterRewards","Hermit","Hubris","Jorbs\u0027s Wanderer Trilogy","Minty Spire (QoL Compilation)","Replay The Spire","Spicy Shops","StSLib","The Cursed","The Disciple","The Hierophant","The Jungle","The Runesmith"],"gold_per_floor":[119,119,119,119,134,164,86,86,132,132,144,177,177,188,188,260,360,374,314,329,346,357,382,401,351,351,417,450,482,512,556,556,642,642,688,724,774,817,663,710,735,735,735,780,780,780,780,812,812,842,842,842,638,691,709,709],"floor_reached":55,"playtime":3648,"items_purged":["hubris:Envy","Strike_G","Strike_G","Strike_G"],"score":1734,"play_id":"25d3c281-af16-4e21-bd35-c1af5d003210","local_time":"20201231214155","is_ascension_mode":true,"campfire_choices":[{"floor":8.0,"key":"REST"},{"data":"Die Die Die","floor":10.0,"key":"SMITH"},{"floor":15.0,"key":"REST"},{"data":"Caltrops","floor":32,"key":"SMITH"},{"floor":42,"key":"RECALL"},{"data":"Noxious Fumes","floor":45,"key":"SMITH"},{"data":"Adrenaline","floor":47,"key":"SMITH"},{"data":"Pot Of Greed","floor":49,"key":"SMITH"},{"data":"Pot Of Greed","floor":52,"key":"SMITH"}],"circlet_count":0,"master_deck":["AscendersBane","Strike_G+1","Strike_G","Defend_G","Defend_G","Defend_G","Defend_G","Defend_G","Survivor","Pot Of Greed+1","Pot Of Greed","Poisoned Stab","Bane","Die Die Die+1","Cloak And Dagger","Leg Sweep","Quick Slash+1","Caltrops+1","Masterful Stab","Deflect","Poisoned Stab","Pot Of Greed+1","Bane","Blade Dance","Backstab","Malaise","Dagger Spray","Skewer","Adrenaline+1","Noxious Fumes+1","Blur+1","Deadly Poison"],"relics":["Ring of the Snake","Membership Card","hubris:FunFungus","Grinning Jar","Art of War","ReplayTheSpireMod:CursedCoin","ReplayFunnel","hubris:Metronome","Shuriken","Orrery","Replay:Mystery Machine","Ice Cream","Replay:Wanted Poster","Replay:Bandana","Nunchaku","Whetstone","Replay:Wax Seal","Black Star","The Specimen","Runesmith:Nanobots","Quantum Egg","Eternal Feather","Oddly Smooth Stone","hubris:SlimyHat","hubris:GlazedTorus"],"acts_visited":["Exordium","TheCity","TheBeyond","TheEnding"],"potions_floor_usage":[24,54,55],"damage_taken":[{"damage":6.0,"enemies":"Cultist","floor":1.0,"turns":3.0},{"damage":0.0,"enemies":"Small Slimes","floor":5.0,"turns":2.0},{"damage":18.0,"enemies":"3 Sentries","floor":6.0,"turns":10.0},{"damage":0.0,"enemies":"Jaw Worm","floor":11.0,"turns":1.0},{"damage":12.0,"enemies":"Gremlin Nob","floor":12.0,"turns":3.0},{"damage":0.0,"enemies":"Blue Slaver","floor":14.0,"turns":2.0},{"damage":31.0,"enemies":"Fading Forest","floor":16.0,"turns":11.0},{"damage":18.0,"enemies":"2 Thieves","floor":18.0,"turns":5.0},{"damage":0.0,"enemies":"3 Byrds","floor":20.0,"turns":2.0},{"damage":1.0,"enemies":"3 Cultists","floor":21.0,"turns":7.0},{"damage":10.0,"enemies":"Centurion and Healer","floor":22.0,"turns":9.0},{"damage":40,"enemies":"Gremlin Leader","floor":23,"turns":7},{"damage":2,"enemies":"Shelled Parasite and Fungi","floor":24,"turns":6},{"damage":40,"enemies":"Slavers","floor":27,"turns":10},{"damage":18,"enemies":"Chosen and Byrds","floor":28,"turns":15},{"damage":0,"enemies":"3 Cultists","floor":29,"turns":7},{"damage":0,"enemies":"Snecko","floor":30,"turns":2},{"damage":0,"enemies":"Replay:Snechameleon","floor":31,"turns":4},{"damage":42,"enemies":"hubris:MusketHawk","floor":33,"turns":7},{"damage":19,"enemies":"3 Darklings","floor":35,"turns":6},{"damage":0,"enemies":"Orb Walker","floor":36,"turns":3},{"damage":11,"enemies":"3 Darklings","floor":37,"turns":3},{"damage":0,"enemies":"Sphere and 2 Shapes","floor":38,"turns":3},{"damage":38,"enemies":"Reptomancer","floor":40,"turns":10},{"damage":0,"enemies":"Jaw Worm Horde","floor":41,"turns":1},{"damage":15,"enemies":"R_Hoarder","floor":44,"turns":12},{"damage":19,"enemies":"4 Shapes","floor":48,"turns":9},{"damage":170,"enemies":"Awakened One","floor":50,"turns":18},{"damage":72,"enemies":"Shield and Spear","floor":54,"turns":8},{"damage":70,"enemies":"The Heart","floor":55,"turns":2}],"seed_played":"-7899064693618511384","potions_obtained":[{"floor":1.0,"key":"Dexterity Potion"},{"floor":11.0,"key":"Energy Potion"},{"floor":24,"key":"Toxic Potion"},{"floor":28,"key":"Adrenaline Potion"},{"floor":54,"key":"BlessingOfTheForge"}],"is_trial":false,"path_per_floor":["M","?","?","T","M","E","$","R","T","R","M","E","$","M","R","B",null,"M","?","M","M","M","E","M","?","T","E","M","M","M","E","R","B",null,"M","M","M","M","$","E","M","R","T","E","R","?","R","M","R","B",null,"R","$","E","B"],"character_chosen":"THE_SILENT","items_purchased":["Membership Card","Grinning Jar","Poisoned Stab","Bane","ReplayTheSpireMod:CursedCoin","ReplayFunnel","Orrery","Noxious Fumes","Oddly Smooth Stone","Deadly Poison","Venom Potion"],"campfire_rested":2,"item_purchase_floors":[0,0,0,0,0,0,7,39,53,53,53],"current_hp_per_floor":[33,33,33,33,33,19,19,38,38,38,38,27,27,27,46,34,58,43,43,43,66,66,66,66,66,66,66,66,66,66,66,66,53,63,66,66,60,63,63,66,66,66,66,66,66,66,66,66,66,66,66,66,66,25,0,0],"gold":709,"neow_bonus":"","is_daily":false,"chose_seed":false,"campfire_upgraded":6,"win_rate":0.0,"timestamp":1609450915,"path_taken":["M","?","?","?","M","E","$","R","T","R","M","E","?","M","R","BOSS","M","?","M","M","M","E","M","?","T","E","?","M","M","E","R","BOSS","M","M","M","M","$","E","?","R","T","E","R","?","R","M","R","BOSS","R","$","E","BOSS"],"items_purchased_type":["Relic","Relic","Card","Card","Relic","Relic","Relic","Card","Relic","Card","Potion"],"build_version":"2020-12-22","purchased_purges":4,"victory":false,"max_hp_per_floor":[66,66,66,66,66,66,66,66,66,66,66,66,66,66,66,66,66,66,66,66,66,66,66,66,66,66,66,66,66,66,66,66,66,66,66,66,66,66,66,66,66,66,66,66,66,66,66,66,66,66,66,66,66,66,66,66],"card_choices":[{"not_picked":["Quick Slash","Bane"],"picked":"Cloak And Dagger","floor":1.0},{"not_picked":["Acrobatics","Deflect"],"picked":"Quick Slash","floor":5.0},{"not_picked":["Hidden Blade","hubris:SlightOfHand"],"picked":"Caltrops","floor":6.0},{"not_picked":["Heel Hook","Outmaneuver"],"picked":"Masterful Stab","floor":7.0},{"not_picked":["Choke","Dagger Throw"],"picked":"Deflect","floor":7.0},{"not_picked":["Concentrate","Finisher"],"picked":"Poisoned Stab","floor":7.0},{"not_picked":["Outmaneuver","ReplayTheSpireMod:Necrosis"],"picked":"Bane","floor":7.0},{"not_picked":["Outmaneuver","Eviscerate","Bane"],"picked":"SKIP","floor":11.0},{"not_picked":["Quick Slash","Venomology"],"picked":"Blade Dance","floor":12.0},{"not_picked":["Dagger Throw","Underhanded Strike"],"picked":"Backstab","floor":14.0},{"not_picked":["Replay:Bag of Tricks","Venomology"],"picked":"Malaise","floor":16.0},{"not_picked":["Choke","Cloak And Dagger","ReplayTheSpireMod:Speed Training"],"picked":"SKIP","floor":18.0},{"not_picked":["Concentrate","Deflect"],"picked":"Dagger Spray","floor":20.0},{"not_picked":["Sucker Punch","Flying Knee"],"picked":"Skewer","floor":21.0},{"not_picked":["Flechettes","Deadly Poison","Poisoned Stab+1"],"picked":"SKIP","floor":22.0},{"not_picked":["Poisoned Stab","Backflip","Blur"],"picked":"SKIP","floor":23},{"not_picked":["Blade Dance+1","Sucker Punch","Catalyst"],"picked":"SKIP","floor":24},{"not_picked":["Flechettes","Deflect+1","Quick Slash+1"],"picked":"SKIP","floor":27},{"not_picked":["Dagger Spray","Hidden Blade","Dodge and Roll"],"picked":"SKIP","floor":28},{"not_picked":["Dodge and Roll+1","ReplayTheSpireMod:Speed Training","hubris:Sniper"],"picked":"SKIP","floor":29},{"not_picked":["Cloak And Dagger","Hidden Blade","Prepared+1"],"picked":"SKIP","floor":30},{"not_picked":["Eviscerate","Deflect","Endless Agony"],"picked":"SKIP","floor":31},{"not_picked":["Corpse Explosion","After Image"],"picked":"Adrenaline","floor":33},{"not_picked":["Slice+1","Deflect","Concentrate+1"],"picked":"SKIP","floor":35},{"not_picked":["Terror","Dagger Throw","Outmaneuver"],"picked":"SKIP","floor":36},{"not_picked":["Blade Dance","Slice+1","Cloak And Dagger+1"],"picked":"SKIP","floor":37},{"not_picked":["Flying Knee","Replay:Poison Smokescreen","ReplayTheSpireMod:Tripwire"],"picked":"SKIP","floor":38},{"not_picked":["Underhanded Strike","Bullet Time","Sucker Punch"],"picked":"SKIP","floor":40},{"not_picked":["Blur+1","Dagger Throw","Prepared+1"],"picked":"SKIP","floor":41},{"not_picked":["Outmaneuver","Underhanded Strike","ReplayTheSpireMod:The Works"],"picked":"SKIP","floor":44},{"not_picked":["ReplayTheSpireMod:Tripwire","Hidden Blade"],"picked":"Blur+1","floor":48},{"not_picked":["Hidden Blade","Reflex","hubris:SlightOfHand"],"picked":"SKIP","floor":54}],"player_experience":666111,"relics_obtained":[{"floor":4.0,"key":"hubris:Metronome"},{"floor":6.0,"key":"Shuriken"},{"floor":9.0,"key":"Replay:Mystery Machine"},{"floor":12.0,"key":"Ice Cream"},{"floor":23,"key":"Replay:Bandana"},{"floor":26,"key":"Nunchaku"},{"floor":27,"key":"Whetstone"},{"floor":31,"key":"Replay:Wax Seal"},{"floor":40,"key":"The Specimen"},{"floor":40,"key":"Runesmith:Nanobots"},{"floor":44,"key":"Quantum Egg"},{"floor":44,"key":"Eternal Feather"},{"floor":54,"key":"hubris:SlimyHat"},{"floor":54,"key":"hubris:GlazedTorus"}],"event_choices":[{"damage_healed":33.0,"max_hp_gain":0.0,"max_hp_loss":66.0,"gold_gain":0.0,"event_name":"betterThird:BetterShining","player_choice":"Leave","floor":3.0,"gold_loss":0.0,"damage_taken":0.0},{"damage_healed":0,"gold_gain":0,"player_choice":"Bet on Murderer","damage_taken":0,"max_hp_gain":0,"max_hp_loss":0,"event_name":"The Joust","floor":25,"gold_loss":50},{"damage_healed":0,"gold_gain":0,"player_choice":"Ignored","damage_taken":0,"max_hp_gain":0,"max_hp_loss":0,"event_name":"Tomb of Lord Red Mask","floor":46,"gold_loss":0}],"is_beta":false,"boss_relics":[{"not_picked":["Tiny House","Replay:Bronze Core"],"picked":"Replay:Wanted Poster"},{"not_picked":["Calling Bell","hubris:HollowSoul"],"picked":"Black Star"}],"items_purged_floors":[0,39,39,53],"is_endless":false,"potions_floor_spawned":[1,11,12,16,18,21,22,24,28,36,40,41,44,48,54],"killed_by":"The Heart","ascension_level":14}}