{"host":"963ykkbusvcbqwtq","time":1609425806,"event":{"mods":["2.2 Compatiblity","AchievementEnabler","Arknights The Spire","BaseMod","Colored Map","GifTheSpireLib","GungeonMod","Lobotomy","Luminous","Minty Spire (QoL Compilation)","StSLib","SuperFastMode","The Bug Knight"],"gold_per_floor":[10109,9545,9545,9557,9074,9074,9132,9132,9157,9157,9157,9157,9157],"floor_reached":12,"playtime":279,"items_purged":["DemoMod:Strike_Huntress","DemoMod:Strike_Huntress"],"score":156,"play_id":"22896009-f6a0-4ba3-a977-4bf6d9b4d97b","local_time":"20201231234326","is_ascension_mode":true,"campfire_choices":[{"data":"DemoMod:BattleInHaste","floor":6,"key":"SMITH"},{"data":"DemoMod:GunslingerForm","floor":8,"key":"SMITH"}],"circlet_count":0,"master_deck":["DemoMod:Strike_Huntress+1","DemoMod:Defend_Huntress","DemoMod:Defend_Huntress","DemoMod:Defend_Huntress","DemoMod:Roll","DemoMod:ManualReload","DemoMod:RustySidearm","DemoMod:CrossBow+1","DemoMod:BattleInHaste+1","DemoMod:TripleGun","DemoMod:GunslingerForm+1"],"relics":["DemoMod:Dog","CogitoBucket","RabbitCall","DemoMod:GnawedKey","Nunchaku","Anchor","Eternal Feather","Regal Pillow","ats:Originium","DemoMod:Antibody","MealTicket"],"acts_visited":["Exordium"],"potions_floor_usage":[],"damage_taken":[{"damage":4,"enemies":"Jaw Worm","floor":1,"turns":5},{"damage":0,"enemies":"2 Louse","floor":4,"turns":2},{"damage":53,"enemies":"Gremlin Nob","floor":7,"turns":5},{"damage":21,"enemies":"3 Sentries","floor":12,"turns":6}],"seed_played":"-7375981245508601517","potions_obtained":[{"floor":4,"key":"Dexterity Potion"}],"is_trial":false,"path_per_floor":["M","$","?","M","$","R","E","R","T","?","?","E"],"character_chosen":"HUNTRESS","items_purchased":["DemoMod:GnawedKey","DemoMod:TripleGun","Nunchaku","Anchor","Eternal Feather","Regal Pillow"],"campfire_rested":0,"item_purchase_floors":[2,2,2,2,5,5],"current_hp_per_floor":[66,66,52,52,52,58,5,11,11,21,21,0,0],"gold":9157,"neow_bonus":"","is_daily":false,"chose_seed":false,"campfire_upgraded":2,"win_rate":0.0,"timestamp":1609425806,"path_taken":["M","$","?","M","$","R","E","R","T","?","?","E"],"items_purchased_type":["Relic","Card","Relic","Relic","Relic","Relic"],"build_version":"2020-12-22","purchased_purges":2,"victory":false,"max_hp_per_floor":[70,70,70,70,70,70,70,70,70,75,75,75,75],"card_choices":[{"not_picked":["DemoMod:AbyssalTentacle","DemoMod:Replace"],"picked":"DemoMod:BattleInHaste","floor":1},{"not_picked":["DemoMod:PotionOfGunFriendShip","DemoMod:AbyssalTentacle","DemoMod:DirectionalPad"],"picked":"SKIP","floor":4},{"not_picked":["DemoMod:BattleInHaste","DemoMod:Rummage"],"picked":"DemoMod:GunslingerForm","floor":7}],"player_experience":235107,"relics_obtained":[{"floor":7,"key":"ats:Originium"},{"floor":7,"key":"DemoMod:Antibody"},{"floor":9,"key":"MealTicket"}],"event_choices":[{"damage_healed":0,"gold_gain":0,"player_choice":"Entered Light","damage_taken":14,"max_hp_gain":0,"max_hp_loss":0,"event_name":"Shining Light","floor":3,"gold_loss":0,"cards_upgraded":["DemoMod:Strike_Huntress","DemoMod:CrossBow"]},{"damage_healed":0,"gold_gain":0,"player_choice":"Donut","damage_taken":0,"max_hp_gain":5,"max_hp_loss":0,"event_name":"Big Fish","floor":10,"gold_loss":0},{"cards_removed":["DemoMod:Defend_Huntress"],"damage_healed":0,"gold_gain":0,"player_choice":"Forget","damage_taken":0,"max_hp_gain":0,"max_hp_loss":0,"event_name":"Living Wall","floor":11,"gold_loss":0}],"is_beta":false,"boss_relics":[],"items_purged_floors":[2,5],"is_endless":false,"potions_floor_spawned":[4],"killed_by":"3 Sentries","ascension_level":2}}