{"host":"tvs5yxzo65ue2qcy","time":1609413252,"event":{"mods":["BaseMod","DeckTracker","Highlight Path","Minty Spire (QoL Compilation)","Permanent Neow","Quick Restart","StSLib","SuperFastMode","everything is the same but u backflip on backflip"],"gold_per_floor":[109,34,34,47,47,47,62,80,160,160,160,160],"floor_reached":11,"playtime":234,"items_purged":["Parasite"],"score":126,"play_id":"25d8b04f-7e23-411f-84d5-5483c74147e6","local_time":"20201231201412","is_ascension_mode":true,"campfire_choices":[{"data":"Neutralize","floor":6,"key":"SMITH"}],"circlet_count":0,"master_deck":["AscendersBane","Strike_G","Strike_G","Strike_G","Strike_G","Defend_G","Defend_G","Defend_G","Defend_G","Defend_G","Survivor","Neutralize+1","Die Die Die","Backflip","Slice","Cloak And Dagger","Blade Dance"],"relics":["Ring of the Snake","Gremlin Horn","Sundial","Question Card"],"acts_visited":["Exordium"],"potions_floor_usage":[11],"damage_taken":[{"damage":4,"enemies":"Small Slimes","floor":1,"turns":4},{"damage":0,"enemies":"Jaw Worm","floor":4,"turns":5},{"damage":0,"enemies":"Cultist","floor":7,"turns":3},{"damage":13,"enemies":"Exordium Wildlife","floor":8,"turns":5},{"damage":34,"enemies":"Lagavulin","floor":11,"turns":7}],"seed_played":"8506287741589930300","potions_obtained":[{"floor":1,"key":"LiquidMemories"},{"floor":4,"key":"EntropicBrew"},{"floor":8,"key":"GhostInAJar"}],"is_trial":false,"path_per_floor":["M","$","?","M","T","R","M","M","T","T","E"],"character_chosen":"THE_SILENT","items_purchased":[],"campfire_rested":0,"item_purchase_floors":[],"current_hp_per_floor":[55,55,48,48,48,48,48,35,35,35,1,1],"gold":160,"neow_bonus":"THREE_RARE_CARDS","is_daily":false,"chose_seed":false,"campfire_upgraded":1,"win_rate":0.0,"timestamp":1609413252,"path_taken":["M","$","?","M","?","R","M","?","T","?","E"],"items_purchased_type":[],"build_version":"2020-12-22","purchased_purges":1,"victory":false,"max_hp_per_floor":[66,63,63,63,63,63,63,63,63,63,63,63],"card_choices":[{"not_picked":["After Image","Storm of Steel"],"picked":"Die Die Die","floor":0},{"not_picked":["Outmaneuver","Heel Hook"],"picked":"Backflip","floor":1},{"not_picked":["Backflip","Deflect"],"picked":"Slice","floor":4},{"not_picked":["Heel Hook","Predator"],"picked":"Cloak And Dagger","floor":7},{"not_picked":["Noxious Fumes","Caltrops"],"picked":"Blade Dance","floor":8}],"player_experience":429714,"relics_obtained":[{"floor":5,"key":"Gremlin Horn"},{"floor":9,"key":"Sundial"},{"floor":10,"key":"Question Card"}],"event_choices":[{"cards_removed":["Strike_G"],"damage_healed":0,"gold_gain":0,"player_choice":"Card Removal","damage_taken":7,"max_hp_gain":0,"max_hp_loss":0,"event_name":"Golden Wing","floor":3,"gold_loss":0}],"is_beta":false,"boss_relics":[],"items_purged_floors":[2],"is_endless":false,"potions_floor_spawned":[1,4,8],"killed_by":"Lagavulin","ascension_level":20}}