{"host":"w1xj5yb993x94b3l","time":1609432381,"event":{"mods":["AchievementEnabler","Act Like it!","Aspiration","BaseMod","Beaked The Cultist","BetterRewards","CCEM","Clockwork Mod","Colored Powertips","Conspire","Downfall","Energized Spire","Friendly Minions","GifTheSpireLib","Glutton Mod","Halation","Hubris","Infinite Spire","Lobotomy","LobotomyExtend","Mad Scientist","Marisa????????","Minty Spire (QoL Compilation)","Relic Sorter","Replay The Spire","Slumbering Mod","Spikes Relics","StSLib","Stuff the Spire","The Bladedancer","The Construct","The Disciple","The Jungle","The Mystic","The Runesmith","The Sage","The Servant 0.9.4","Trackpad","vexMod"],"gold_per_floor":[117,131,45,64,64,64,64,64,144,144,144,69,79,79,79,79,79],"floor_reached":16,"playtime":516,"items_purged":["StuffTheSpire:CuriosityCurse"],"score":101,"play_id":"3d9b5892-6b38-4e19-95a7-3164624153b3","local_time":"20201231173301","is_ascension_mode":true,"campfire_choices":[{"data":"construct:Enhance","floor":6,"key":"SMITH"},{"data":"construct:Defend_Gold+1","floor":11,"key":"SMITH"}],"circlet_count":0,"master_deck":["construct:Strike_Gold","construct:Strike_Gold","construct:Strike_Gold","construct:Strike_Gold","construct:Strike_Gold","construct:Defend_Gold+1","construct:Defend_Gold+2","construct:Defend_Gold","construct:Defend_Gold","construct:Defend_Gold","construct:AttackMode","construct:DefenseMode","construct:Enhance+2","construct:OneWayMirror","construct:FocusedBeam","ReplayTheSpireMod:Uncanny Aura+1","construct:Backup","construct:ScopeCore"],"relics":["construct:ClockworkPhoenix","construct:Challenge1","LetterFromLob","War Paint","StuffTheSpire:PointBlank"],"acts_visited":["Exordium"],"potions_floor_usage":[13,16,16,16],"damage_taken":[{"damage":0,"enemies":"Cultist","floor":1,"turns":4},{"damage":2,"enemies":"Small Slimes","floor":2,"turns":5},{"damage":10,"enemies":"2 Louse","floor":4,"turns":3},{"damage":36,"enemies":"Exordium Thugs","floor":13,"turns":6},{"damage":47,"enemies":"Fading Forest","floor":16,"turns":7}],"seed_played":"-9145722075449433265","potions_obtained":[{"floor":1,"key":"Strength Potion"},{"floor":13,"key":"Venom Potion"},{"floor":15,"key":"sneckomod:MuddlingPotion"},{"floor":15,"key":"Elixir"}],"is_trial":false,"path_per_floor":["M","M","$","M","$","R","?","?","T","?","R","$","M","?","R","B"],"character_chosen":"THE_CONSTRUCT_MOD","items_purchased":["ReplayTheSpireMod:Uncanny Aura"],"campfire_rested":0,"item_purchase_floors":[3],"current_hp_per_floor":[85,83,83,73,73,73,73,73,73,73,73,73,37,37,37,0,0],"gold":79,"neow_bonus":"THREE_CARDS","is_daily":false,"chose_seed":false,"campfire_upgraded":2,"win_rate":0.0,"timestamp":1609432381,"path_taken":["M","M","?","?","$","R","?","?","T","?","R","$","?","?","R","BOSS"],"items_purchased_type":["Card"],"build_version":"2020-12-22","purchased_purges":1,"victory":false,"max_hp_per_floor":[85,85,85,85,85,85,85,85,85,85,85,85,85,85,85,85,85],"card_choices":[{"not_picked":["construct:Reinforce","construct:ClusterMines"],"picked":"construct:Enhance","floor":0},{"not_picked":["construct:ShiftStrike","construct:Disrupt"],"picked":"construct:OneWayMirror","floor":1},{"not_picked":["construct:SaveState","construct:ModeShift"],"picked":"construct:FocusedBeam","floor":2},{"not_picked":["construct:Impenetrable","construct:SweepLaser"],"picked":"construct:Backup","floor":4},{"not_picked":["construct:Backfire","construct:Autoturret"],"picked":"construct:ScopeCore","floor":13}],"player_experience":234060,"relics_obtained":[{"floor":1,"key":"LetterFromLob"}],"event_choices":[{"damage_healed":0,"gold_gain":0,"player_choice":"Upgraded","damage_taken":0,"max_hp_gain":0,"max_hp_loss":0,"event_name":"Upgrade Shrine","floor":10,"gold_loss":0,"cards_upgraded":["construct:Enhance"]},{"damage_healed":0,"gold_gain":0,"player_choice":"Searched \u00271\u0027 times","damage_taken":0,"relics_obtained":["StuffTheSpire:PointBlank"],"max_hp_gain":0,"max_hp_loss":0,"event_name":"Dead Adventurer","floor":14,"gold_loss":0}],"is_beta":false,"boss_relics":[],"items_purged_floors":[12],"is_endless":false,"potions_floor_spawned":[1,13],"killed_by":"Fading Forest","ascension_level":3}}