{"host":"oy4pyvr762z5n0bb","time":1609392250,"event":{"mods":["AchievementEnabler","BaseMod","Colored Map","Colored Powertips","Googly Eyes","Key Reminder","Minty Spire (QoL Compilation)","Quick Restart","Relic Sorter","StSLib","SuperFastMode","Unceasing Turn Reminder","slay the spire mod where everything is the same but ironclad has a cowboy hat"],"gold_per_floor":[119,30,49,49,49,82,105,105,105,105,14,14,38,62,62,186,186,205,405,430,454,69,69,109,109,133,133,232,17,40,58,58,182,182,203,31,44,63,126,126,166,181,181,194,234,234,248,123,123,123,123],"floor_reached":50,"playtime":1710,"items_purged":["Strike_G","Strike_G+1","Strike_G+1"],"score":824,"play_id":"067de1c2-a330-4569-acd6-2404d50a791a","local_time":"20201230212410","is_ascension_mode":true,"campfire_choices":[{"data":"Glass Knife","floor":8,"key":"SMITH"},{"data":"Blade Dance","floor":10,"key":"SMITH"},{"data":"Cloak And Dagger","floor":15,"key":"SMITH"},{"data":"Blade Dance","floor":23,"key":"SMITH"},{"floor":27,"key":"REST"},{"data":"A Thousand Cuts","floor":32,"key":"SMITH"},{"floor":40,"key":"REST"},{"floor":46,"key":"RECALL"},{"floor":49,"key":"REST"}],"circlet_count":0,"master_deck":["Strike_G+1","Strike_G+1","Defend_G+1","Defend_G+1","Defend_G+1","Defend_G+1","Defend_G+1","Survivor","Neutralize+1","Prepared","Dagger Spray","Caltrops","Blade Dance+1","Glass Knife+1","Dagger Throw","Cloak And Dagger+1","Calculated Gamble","Backstab","Slice","Burst","Infinite Blades","Tactician","Blade Dance+1","Acrobatics+1","Accuracy","Cloak And Dagger","A Thousand Cuts+1","Adrenaline","Finisher+1","A Thousand Cuts+1","Prepared","Backstab+1","Reflex","Prepared+1","Blade Dance","Tactician"],"relics":["Ring of the Snake","Golden Idol","Ornamental Fan","Ninja Scroll","HoveringKite","Dead Branch","Tiny Chest","Toy Ornithopter","Vajra","Fusion Hammer","DollysMirror","FossilizedHelix","White Beast Statue","HornCleat","StrikeDummy","keyreminder:keyreminder"],"acts_visited":["Exordium","TheCity","TheBeyond"],"potions_floor_usage":[6,6,21,33,33,37,50],"damage_taken":[{"damage":0,"enemies":"Small Slimes","floor":1,"turns":4},{"damage":0,"enemies":"Jaw Worm","floor":3,"turns":4},{"damage":11,"enemies":"Lagavulin","floor":6,"turns":6},{"damage":0,"enemies":"2 Louse","floor":7,"turns":2},{"damage":0,"enemies":"Blue Slaver","floor":13,"turns":3},{"damage":0,"enemies":"Exordium Thugs","floor":14,"turns":2},{"damage":33,"enemies":"Hexaghost","floor":16,"turns":10},{"damage":1,"enemies":"2 Thieves","floor":18,"turns":3},{"damage":0,"enemies":"Chosen","floor":20,"turns":4},{"damage":6,"enemies":"Snecko","floor":21,"turns":5},{"damage":8,"enemies":"Gremlin Leader","floor":24,"turns":7},{"damage":9,"enemies":"Centurion and Healer","floor":31,"turns":2},{"damage":14,"enemies":"Collector","floor":33,"turns":5},{"damage":0,"enemies":"3 Darklings","floor":35,"turns":1},{"damage":4,"enemies":"3 Shapes","floor":37,"turns":2},{"damage":0,"enemies":"Sphere and 2 Shapes","floor":38,"turns":4},{"damage":0,"enemies":"Mind Bloom Boss Battle","floor":39,"turns":4},{"damage":0,"enemies":"Reptomancer","floor":41,"turns":2},{"damage":0,"enemies":"Transient","floor":42,"turns":5},{"damage":0,"enemies":"Writhing Mass","floor":44,"turns":3},{"damage":0,"enemies":"Giant Head","floor":45,"turns":5},{"damage":0,"enemies":"3 Darklings","floor":47,"turns":3},{"damage":88,"enemies":"Awakened One","floor":50,"turns":7}],"seed_played":"-9196401210943113183","potions_obtained":[{"floor":1,"key":"EssenceOfSteel"},{"floor":3,"key":"Strength Potion"},{"floor":6,"key":"Block Potion"},{"floor":13,"key":"SpeedPotion"},{"floor":18,"key":"Strength Potion"},{"floor":31,"key":"EssenceOfSteel"},{"floor":33,"key":"Dexterity Potion"},{"floor":35,"key":"SteroidPotion"},{"floor":37,"key":"EssenceOfSteel"}],"is_trial":false,"path_per_floor":["M","$","M","?","?","E","M","R","T","R","$","?","M","M","R","B",null,"M","?","M","M","$","R","E","?","T","R","?","$","T","M","R","B",null,"M","$","M","M","?","R","E","M","T","M","E","R","M","$","R","B"],"character_chosen":"THE_SILENT","items_purchased":["Dagger Spray","Caltrops","Cloak And Dagger","Calculated Gamble","Dead Branch","Accuracy","Cloak And Dagger","DollysMirror","Prepared"],"campfire_rested":3,"item_purchase_floors":[2,2,11,11,22,29,29,36,36],"current_hp_per_floor":[63,63,63,63,68,57,57,57,57,57,57,43,43,43,43,10,55,54,54,54,48,48,48,40,40,40,61,61,61,61,52,52,48,65,65,65,66,66,66,70,70,70,70,70,70,70,70,70,70,0,0],"gold":123,"neow_bonus":"UPGRADE_CARD","is_daily":false,"chose_seed":false,"campfire_upgraded":5,"win_rate":0.0,"timestamp":1609392250,"path_taken":["M","$","M","?","?","E","M","R","T","R","$","?","M","M","R","BOSS","M","?","M","?","$","R","E","?","T","R","?","?","?","M","R","BOSS","M","$","M","M","?","R","E","M","T","M","E","R","M","$","R","BOSS"],"items_purchased_type":["Card","Card","Card","Card","Relic","Card","Card","Relic","Card"],"build_version":"2020-12-22","purchased_purges":3,"victory":false,"max_hp_per_floor":[70,70,70,65,70,70,70,70,70,70,70,70,70,70,70,70,70,70,70,70,70,70,70,70,70,70,70,70,70,70,70,70,70,70,70,70,70,70,70,70,70,70,70,70,70,70,70,70,70,70,70],"card_choices":[{"not_picked":["Endless Agony","Distraction"],"picked":"Prepared","floor":1},{"not_picked":["Prepared","Deadly Poison"],"picked":"Blade Dance","floor":3},{"not_picked":["Flechettes","Adrenaline"],"picked":"Glass Knife","floor":6},{"not_picked":["Dodge and Roll","Deadly Poison"],"picked":"Dagger Throw","floor":7},{"not_picked":["Slice","Choke"],"picked":"Backstab","floor":13},{"not_picked":["Eviscerate","Deadly Poison"],"picked":"Slice","floor":14},{"not_picked":["Venomology","Corpse Explosion"],"picked":"Burst","floor":16},{"not_picked":["Skewer","Dagger Spray"],"picked":"Infinite Blades","floor":18},{"not_picked":["PiercingWail","Well Laid Plans"],"picked":"Tactician","floor":20},{"not_picked":["Expertise","Bane"],"picked":"Blade Dance","floor":21},{"not_picked":["Quick Slash","Dagger Spray+1"],"picked":"Acrobatics+1","floor":24},{"not_picked":["Sucker Punch","Tactician"],"picked":"A Thousand Cuts","floor":31},{"not_picked":["Burst","Doppelganger"],"picked":"Adrenaline","floor":33},{"not_picked":["Tactician","Poisoned Stab"],"picked":"Finisher+1","floor":35},{"not_picked":["Slice","Acrobatics","Poisoned Stab"],"picked":"SKIP","floor":37},{"not_picked":["Acrobatics+1","Deadly Poison"],"picked":"Backstab+1","floor":38},{"not_picked":["Flying Knee+1","Caltrops+1"],"picked":"Reflex","floor":41},{"not_picked":["Dagger Spray","Slice","Distraction"],"picked":"SKIP","floor":42},{"not_picked":["Backflip+1","Burst"],"picked":"Prepared+1","floor":44},{"not_picked":["Cloak And Dagger","Dagger Throw+1"],"picked":"Blade Dance","floor":45},{"not_picked":["Reflex","Bane"],"picked":"Tactician","floor":47}],"player_experience":619403,"relics_obtained":[{"floor":6,"key":"Ornamental Fan"},{"floor":9,"key":"Ninja Scroll"},{"floor":24,"key":"Tiny Chest"},{"floor":26,"key":"Toy Ornithopter"},{"floor":30,"key":"Vajra"},{"floor":39,"key":"FossilizedHelix"},{"floor":41,"key":"White Beast Statue"},{"floor":43,"key":"HornCleat"},{"floor":45,"key":"StrikeDummy"}],"event_choices":[{"damage_healed":0,"gold_gain":0,"player_choice":"Lose Max HP","damage_taken":0,"relics_obtained":["Golden Idol"],"max_hp_gain":0,"max_hp_loss":5,"event_name":"Golden Idol","floor":4,"gold_loss":0},{"damage_healed":0,"gold_gain":0,"player_choice":"Donut","damage_taken":0,"max_hp_gain":5,"max_hp_loss":0,"event_name":"Big Fish","floor":5,"gold_loss":0},{"damage_healed":0,"gold_gain":0,"player_choice":"Entered Light","damage_taken":14,"max_hp_gain":0,"max_hp_loss":0,"event_name":"Shining Light","floor":12,"gold_loss":0,"cards_upgraded":["Strike_G","Defend_G"]},{"damage_healed":0,"gold_gain":250,"player_choice":"Bet on Owner","damage_taken":0,"max_hp_gain":0,"max_hp_loss":0,"event_name":"The Joust","floor":19,"gold_loss":50},{"damage_healed":0,"gold_gain":0,"player_choice":"Simplicity","damage_taken":0,"max_hp_gain":0,"max_hp_loss":0,"event_name":"Back to Basics","floor":25,"gold_loss":0,"cards_upgraded":["Strike_G","Strike_G","Strike_G","Defend_G","Defend_G","Defend_G","Defend_G"]},{"damage_healed":0,"gold_gain":99,"player_choice":"Stole From Cult","damage_taken":0,"max_hp_gain":0,"max_hp_loss":0,"event_name":"Nest","floor":28,"gold_loss":0},{"damage_healed":0,"gold_gain":0,"player_choice":"Fight","damage_taken":0,"max_hp_gain":0,"max_hp_loss":0,"event_name":"MindBloom","floor":39,"gold_loss":0}],"is_beta":false,"boss_relics":[{"not_picked":["Ring of the Serpent","Pandora\u0027s Box"],"picked":"HoveringKite"},{"not_picked":["Runic Pyramid","SacredBark"],"picked":"Fusion Hammer"}],"items_purged_floors":[22,29,48],"is_endless":false,"potions_floor_spawned":[1,3,6,13,18,31,33,35,37,42,44,45,47],"killed_by":"Awakened One","ascension_level":6}}