{"host":"lg1piimdyocafd6j","time":1609444223,"event":{"mods":["AchievementEnabler","BaseMod","Better Third Choice","BetterRewards","Colored Map","Colored Powertips","Downfall","Minty Spire (QoL Compilation)","Quick Restart","Rare Cards Sparkle","StSLib","SuperFastMode"],"gold_per_floor":[111,186,361,371,371,406,406,424,424,68,68,29,49,49,49],"floor_reached":14,"playtime":535,"items_purged":["Dualcast","Doubt"],"score":88,"play_id":"d3b444b5-e8a1-49f1-98af-0897a59ee1a6","local_time":"20201231205023","is_ascension_mode":false,"campfire_choices":[{"floor":7,"key":"REST"}],"circlet_count":0,"master_deck":["Strike_B","Strike_B","Strike_B","Strike_B","Defend_B","Defend_B","Defend_B","Defend_B","Zap","Coolheaded","Coolheaded","Multi-Cast","Fusion","Coolheaded","Darkness","Cold Snap"],"relics":["Cracked Core","Bird Faced Urn","Bottled Lightning","Cables"],"acts_visited":["Exordium"],"potions_floor_usage":[6],"damage_taken":[{"damage":2,"enemies":"2 Louse","floor":1,"turns":3},{"damage":0,"enemies":"Small Slimes","floor":4,"turns":3},{"damage":22,"enemies":"Gremlin Nob","floor":6,"turns":5},{"damage":11,"enemies":"Cultist","floor":8,"turns":5},{"damage":10,"enemies":"Blue Slaver","floor":13,"turns":4},{"damage":2,"enemies":"Lagavulin","floor":14,"turns":3}],"seed_played":"-6843703767641456914","potions_obtained":[{"floor":4,"key":"champ:CounterPotion"},{"floor":8,"key":"PowerPotion"}],"is_trial":false,"path_per_floor":["M","?","?","M","?","E","R","M","T","$","?","$","M","E"],"character_chosen":"DEFECT","items_purchased":["Bottled Lightning","Darkness"],"campfire_rested":1,"item_purchase_floors":[10,12],"current_hp_per_floor":[73,62,62,62,62,40,62,51,51,51,51,51,41,39,39],"gold":49,"neow_bonus":"","is_daily":false,"chose_seed":false,"campfire_upgraded":0,"win_rate":0.0,"timestamp":1609444223,"path_taken":["M","?","?","M","?","E","R","?","T","$","?","?","M","E"],"items_purchased_type":["Relic","Card"],"build_version":"2020-12-22","purchased_purges":2,"victory":false,"max_hp_per_floor":[75,75,75,75,75,75,75,75,75,75,75,75,75,75,75],"card_choices":[{"not_picked":["Steam Power","Go for the Eyes"],"picked":"Coolheaded","floor":1},{"not_picked":["Compile Driver","Reinforced Body"],"picked":"Coolheaded","floor":4},{"not_picked":["Redo","Turbo"],"picked":"Fusion","floor":6},{"not_picked":["Rebound","Sweeping Beam"],"picked":"Coolheaded","floor":8},{"not_picked":["Loop","Leap"],"picked":"Cold Snap","floor":13}],"player_experience":144498,"relics_obtained":[{"floor":6,"key":"Bird Faced Urn"}],"event_choices":[{"damage_healed":0,"gold_gain":75,"player_choice":"Gold","damage_taken":11,"max_hp_gain":0,"max_hp_loss":0,"event_name":"betterThird:BetterGoop","floor":2,"gold_loss":0},{"damage_healed":0,"gold_gain":175,"player_choice":"AGREE","damage_taken":186,"max_hp_gain":0,"max_hp_loss":0,"event_name":"betterThird:BetterSerpent","floor":3,"gold_loss":0},{"damage_healed":0,"gold_gain":0,"player_choice":"1 cards matched","damage_taken":0,"max_hp_gain":0,"max_hp_loss":0,"event_name":"Match and Keep!","floor":5,"gold_loss":0,"cards_obtained":["Multi-Cast"]},{"damage_healed":0,"gold_gain":0,"player_choice":"Gave Potion","damage_taken":0,"relics_obtained":["Cables"],"max_hp_gain":0,"max_hp_loss":0,"event_name":"WeMeetAgain","floor":11,"gold_loss":0}],"is_beta":false,"boss_relics":[],"items_purged_floors":[0,10],"is_endless":false,"potions_floor_spawned":[4,8],"killed_by":"Lagavulin","ascension_level":0}}