{"host":"gj3450u0c4def4mj","time":1609413835,"event":{"mods":["Act Like it!","BaseMod","Gensokyo","Minty Spire (QoL Compilation)","Permanent Neow","Reimu??????","StSLib"],"gold_per_floor":[114,114,114,127,41,41,41,41,95,126,138,153,186,199,199,303,303,315,326,124,124,124,124,124,124,172,198,214,214,548,565,565,663,663,675,615,231,242,253,279,279,279,330,204,204,224,224,240,240,240],"floor_reached":51,"playtime":2985,"items_purged":["Free:ReiMu+1","Writhe","PhosphorusFlame:ReiMu"],"score":1146,"play_id":"f7cbfb34-474c-4d31-926f-ae025c5a5c2f","local_time":"20201231062355","is_ascension_mode":true,"campfire_choices":[{"data":"Free:ReiMu","floor":6.0,"key":"SMITH"},{"data":"FineLineFantasy:ReiMu","floor":8.0,"key":"SMITH"},{"data":"SafetyPray:ReiMu","floor":15.0,"key":"SMITH"},{"floor":23.0,"key":"REST"},{"data":"PhosphorusFlame:ReiMu","floor":25.0,"key":"SMITH"},{"floor":29.0,"key":"REST"},{"floor":32.0,"key":"REST"},{"data":"KyokaiOfKami:ReiMu","floor":41.0,"key":"SMITH"},{"data":"SubcavityFantasy:ReiMu","floor":47.0,"key":"SMITH"},{"data":"Gathering:ReiMu","floor":49.0,"key":"SMITH"}],"circlet_count":0,"master_deck":["AscendersBane","Defend_Lin:ReiMu","Defend_Lin:ReiMu","Defend_Lin:ReiMu","Defend_Lin:ReiMu","NB:ReiMu","Stagnation:ReiMu","WonderfulDomain:ReiMu","Conquer:ReiMu+1","FineLineFantasy:ReiMu+1","CareerPray:ReiMu","Conquer:ReiMu+1","SafetyPray:ReiMu+1","PhosphorusFlame:ReiMu+1","KyokaiOfKami:ReiMu+1","SafetyPray:ReiMu","FineLineFantasy:ReiMu","WonderfulDomain:ReiMu","SafetyPray:ReiMu","SafetyPray:ReiMu+1","SubcavityFantasy:ReiMu+1","Revelation:ReiMu+1","Gensokyo:CustomPotion","Gensokyo:RisingWorld","Gathering:ReiMu+1","Meditation:ReiMu","Meditation:ReiMu+1"],"relics":["FlyPower:ReiMu","Molten Egg 2","Gensokyo:PortableGap","Boot","RuthlessExorcism:ReiMu","Singing Bowl","Runic Pyramid","Gensokyo:SongOfSouls","Bag of Preparation","Gremlin Horn","Old Coin","Sozu","Membership Card","Mango","Juzu Bracelet","Nunchaku"],"acts_visited":["Gensokyo:Gensokyo","Gensokyo:Gensokyoer","Gensokyo:Gensokyoest"],"potions_floor_usage":[50],"damage_taken":[{"damage":9.0,"enemies":"Gensokyo:3_Fairies","floor":1.0,"turns":6.0},{"damage":0.0,"enemies":"Gensokyo:Python","floor":4.0,"turns":6.0},{"damage":9.0,"enemies":"Gensokyo:Aya","floor":10.0,"turns":7.0},{"damage":0.0,"enemies":"Gensokyo:2_Kodama","floor":11.0,"turns":1.0},{"damage":0.0,"enemies":"Gensokyo:2_Rabbits","floor":12.0,"turns":4.0},{"damage":10.0,"enemies":"Gensokyo:Cirno","floor":13.0,"turns":5.0},{"damage":5.0,"enemies":"Gensokyo:Gryphon_and_Rabbit","floor":14.0,"turns":3.0},{"damage":10.0,"enemies":"Gensokyo:Kokoro","floor":16.0,"turns":8.0},{"damage":0.0,"enemies":"Gensokyo:2_Gloops","floor":18.0,"turns":4.0},{"damage":35.0,"enemies":"Gensokyo:3_Dogs","floor":19.0,"turns":5.0},{"damage":15.0,"enemies":"Gensokyo:Reisen","floor":27.0,"turns":7.0},{"damage":4.0,"enemies":"Gensokyo:Slime_Group","floor":28.0,"turns":5.0},{"damage":9.0,"enemies":"Gensokyo:Tenshi","floor":30.0,"turns":7.0},{"damage":5.0,"enemies":"Gensokyo:Chomper_and_Gloop","floor":31.0,"turns":5.0},{"damage":3.0,"enemies":"Gensokyo:Eternal_Rivals","floor":33.0,"turns":8.0},{"damage":0.0,"enemies":"Gensokyo:3_Bats","floor":35.0,"turns":1.0},{"damage":0.0,"enemies":"Gensokyo:AncientGuardian","floor":38.0,"turns":8.0},{"damage":3.0,"enemies":"Gensokyo:Sharpion","floor":39.0,"turns":6.0},{"damage":10.0,"enemies":"Gensokyo:Marisa","floor":40.0,"turns":9.0},{"damage":0.0,"enemies":"Gensokyo:AtlasGolem","floor":46.0,"turns":7.0},{"damage":0.0,"enemies":"Gensokyo:SeedOfUnknown","floor":48.0,"turns":6.0},{"damage":10,"enemies":"Gensokyo:Scarlet_Devils","floor":50,"turns":10}],"seed_played":"-8664211364730083637","potions_obtained":[{"floor":11.0,"key":"PowerPotion"},{"floor":12.0,"key":"FairyPotion"}],"is_trial":false,"path_per_floor":["M","?","T","M","$","R","?","R","T","E","M","M","E","M","R","B",null,"M","M","$","?","?","R","?","R","T","E","M","R","E","M","R","B",null,"M","?","$","M","M","E","R","?","T","$","COS","M","R","M","R","B",null],"character_chosen":"REIMU","items_purchased":["FineLineFantasy:ReiMu","CareerPray:ReiMu","FineLineFantasy:ReiMu","WonderfulDomain:ReiMu","Membership Card","Mango","PhosphorusFlame:ReiMu","Gathering:ReiMu","Meditation:ReiMu"],"campfire_rested":3,"item_purchase_floors":[5,5,20,20,37,37,37,44,44],"current_hp_per_floor":[50,50,50,50,50,50,50,50,50,41,41,41,33,28,28,18,50,52,17,17,17,17,35,35,35,35,22,20,40,31,26,46,43,61,61,61,75,77,76,68,68,68,68,68,68,68,68,70,70,60],"gold":240,"neow_bonus":"ONE_RANDOM_RARE_CARD","is_daily":false,"chose_seed":false,"campfire_upgraded":7,"win_rate":0.0,"timestamp":1609413835,"path_taken":["M","?","?","M","$","R","?","R","T","E","M","?","E","M","R","BOSS","M","?","$","?","?","R","?","R","T","E","M","R","E","?","R","BOSS","M","?","$","M","?","E","R","?","T","$","COS","M","R","M","R","BOSS"],"items_purchased_type":["Card","Card","Card","Card","Relic","Relic","Card","Card","Card"],"build_version":"2020-12-22","purchased_purges":3,"victory":true,"max_hp_per_floor":[65,65,65,65,65,65,59,59,59,59,59,59,61,61,61,61,61,63,63,63,63,63,63,63,63,63,65,67,67,67,67,67,67,67,67,67,81,83,85,87,87,87,87,84,84,84,84,86,86,86],"card_choices":[{"not_picked":["OrbThrow:ReiMu","SubcavityInstant:ReiMu"],"picked":"WonderfulDomain:ReiMu","floor":1.0},{"not_picked":["AlertArray:ReiMu","TightArray:ReiMu+1"],"picked":"Conquer:ReiMu+1","floor":4.0},{"not_picked":["CollectionFlower2:ReiMu","Intuition:ReiMu","CeremonyResonance:ReiMu"],"picked":"SKIP","floor":10.0},{"not_picked":["Enchanting:ReiMu","EmergencyTakeOff:ReiMu"],"picked":"Conquer:ReiMu+1","floor":11.0},{"not_picked":["OrbThrow:ReiMu+1","Dreaming2:ReiMu+1"],"picked":"SafetyPray:ReiMu","floor":12.0},{"not_picked":["OrbThrow:ReiMu+1","Enchanting:ReiMu","DoubleButterfly:ReiMu+1"],"picked":"Singing Bowl","floor":13.0},{"not_picked":["SubcavityInstant:ReiMu","Meditation:ReiMu"],"picked":"PhosphorusFlame:ReiMu","floor":14.0},{"not_picked":["CeremonyResonance:ReiMu","YinYang:ReiMu+1"],"picked":"KyokaiOfKami:ReiMu","floor":16.0},{"not_picked":["SubcavityInstant:ReiMu+1","EmergencyTakeOff:ReiMu","Amulet:ReiMu"],"picked":"Singing Bowl","floor":18.0},{"not_picked":["AlertArray:ReiMu","BarrageOfMoneybags:ReiMu+1"],"picked":"SafetyPray:ReiMu","floor":19.0},{"not_picked":["Crusade:ReiMu+1","FantasyMoon:ReiMu","UpKicking:ReiMu+1"],"picked":"Singing Bowl","floor":27.0},{"not_picked":["ShadowOfCrow2:ReiMu","EmergencyTakeOff:ReiMu","AirStrike:ReiMu+1"],"picked":"Singing Bowl","floor":28.0},{"not_picked":["Amulet:ReiMu","Enchanting:ReiMu"],"picked":"SafetyPray:ReiMu","floor":30.0},{"not_picked":["SubAcupoint:ReiMu+1","YinYangSign:ReiMu+1"],"picked":"SafetyPray:ReiMu+1","floor":31.0},{"not_picked":["KamiRite:ReiMu","YinYang:ReiMu+1"],"picked":"SubcavityFantasy:ReiMu","floor":33.0},{"not_picked":["WonderfulDomain:ReiMu","Conquer:ReiMu+1"],"picked":"Revelation:ReiMu+1","floor":35.0},{"not_picked":["SubcavityInstant:ReiMu","CareerPray:ReiMu","Conquer:ReiMu+1"],"picked":"Singing Bowl","floor":38.0},{"not_picked":["Enchanting:ReiMu","YinYangSign:ReiMu+1","CareerPray:ReiMu"],"picked":"Singing Bowl","floor":39.0},{"not_picked":["Enchanting:ReiMu","SpiritualOutbreak2:ReiMu+1","SpreadBorder2:ReiMu"],"picked":"Singing Bowl","floor":40.0},{"not_picked":["Gensokyo:BrilliantDragonBullet","Gensokyo:MorningMist"],"picked":"Gensokyo:RisingWorld","floor":42.0},{"not_picked":["SafetyPray:ReiMu","SpringWay:ReiMu+1"],"picked":"Meditation:ReiMu+1","floor":46.0},{"not_picked":["AlertArray:ReiMu","Determination:ReiMu+1","SpreadBorder2:ReiMu"],"picked":"Singing Bowl","floor":48.0}],"player_experience":82387,"relics_obtained":[{"floor":3.0,"key":"Molten Egg 2"},{"floor":9.0,"key":"Boot"},{"floor":10.0,"key":"RuthlessExorcism:ReiMu"},{"floor":13.0,"key":"Singing Bowl"},{"floor":26.0,"key":"Bag of Preparation"},{"floor":27.0,"key":"Gremlin Horn"},{"floor":30.0,"key":"Old Coin"},{"floor":40.0,"key":"Juzu Bracelet"},{"floor":43.0,"key":"Nunchaku"}],"event_choices":[],"is_beta":false,"boss_relics":[{"not_picked":["Empty Cage","ShineYinYang:ReiMu"],"picked":"Runic Pyramid"},{"not_picked":["Coffee Dripper","Runic Dome"],"picked":"Sozu"}],"items_purged_floors":[20,37,44],"is_endless":false,"potions_floor_spawned":[11,12,28,30,38,46],"ascension_level":11}}