{"host":"x039aayur7qovk2d","time":1609452286,"event":{"mods":["AchievementEnabler","BaseMod","Block Reminder","Colored Map","Colored Powertips","DeckTracker","Highlight Path","Minty Spire (QoL Compilation)","Permanent Neow","Quick Restart","Rare Cards Sparkle","Relic Sorter","Relic Stats"],"gold_per_floor":[109,109,125,139,139,174,193,225,225,235,254,272,272,272,272,402,402,427,450,450,484,507,523,564,88,88,38,38,78,102,102,102,203,203,222,172,182,198,212,212,241,151,177,206,220,220,234,253,253,253,253],"floor_reached":50,"playtime":3903,"items_purged":["Writhe","Injury","Grand Finale+1"],"score":658,"play_id":"eff2663b-12b2-4e44-bdf6-737bd7e95d38","local_time":"20201231140446","is_ascension_mode":false,"campfire_choices":[{"floor":13,"key":"REST"},{"floor":15,"key":"REST"},{"data":"After Image","floor":28,"key":"SMITH"},{"data":"Adrenaline","floor":32,"key":"SMITH"},{"data":"Backflip","floor":40,"key":"SMITH"},{"data":"Endless Agony","floor":46,"key":"SMITH"},{"data":"Distraction","floor":49,"key":"SMITH"}],"circlet_count":0,"master_deck":["Survivor","Neutralize","Quick Slash","Distraction+1","Endless Agony+1","Endless Agony+1","Dagger Spray","Backflip+1","Deadly Poison","Backstab+1","Quick Slash+1","Adrenaline+1","Deflect","Bullet Time","Riddle With Holes+1","Backflip","Backstab+1","After Image+1","Heel Hook+1","Dodge and Roll","Poisoned Stab+1","Outmaneuver+1","Underhanded Strike+1","Noxious Fumes","Bane+1","Riddle With Holes+1"],"relics":["Ring of the Snake","Dead Branch","Blue Candle","Sundial","Molten Egg 2","Bloody Idol","Pandora\u0027s Box","Ninja Scroll","Red Mask","Bird Faced Urn","Matryoshka","Lantern","Smiling Mask","Paper Crane","Snake Skull","Busted Crown","Orichalcum","PreservedInsect","Boot","Vajra"],"acts_visited":["Exordium","TheCity","TheBeyond"],"potions_floor_usage":[11,16,16,16,18,18,21,23,33,33,33,37,44,44,44,45,45,45,50],"damage_taken":[{"damage":0,"enemies":"Jaw Worm","floor":1,"turns":4},{"damage":0,"enemies":"Small Slimes","floor":3,"turns":3},{"damage":1,"enemies":"2 Louse","floor":4,"turns":2},{"damage":37,"enemies":"Gremlin Nob","floor":6,"turns":6},{"damage":3,"enemies":"Looter","floor":7,"turns":2},{"damage":23,"enemies":"3 Sentries","floor":8,"turns":8},{"damage":0,"enemies":"2 Fungi Beasts","floor":10,"turns":2},{"damage":0,"enemies":"Exordium Thugs","floor":11,"turns":3},{"damage":0,"enemies":"Blue Slaver","floor":12,"turns":2},{"damage":34,"enemies":"The Guardian","floor":16,"turns":9},{"damage":0,"enemies":"Spheric Guardian","floor":18,"turns":3},{"damage":4,"enemies":"Shell Parasite","floor":19,"turns":3},{"damage":0,"enemies":"Masked Bandits","floor":21,"turns":2},{"damage":5,"enemies":"Centurion and Healer","floor":22,"turns":4},{"damage":0,"enemies":"Snecko","floor":23,"turns":3},{"damage":0,"enemies":"Gremlin Leader","floor":24,"turns":4},{"damage":0,"enemies":"Slavers","floor":29,"turns":3},{"damage":0,"enemies":"3 Cultists","floor":30,"turns":4},{"damage":6,"enemies":"Automaton","floor":33,"turns":7},{"damage":3,"enemies":"3 Shapes","floor":35,"turns":2},{"damage":0,"enemies":"Orb Walker","floor":37,"turns":1},{"damage":0,"enemies":"3 Darklings","floor":38,"turns":2},{"damage":0,"enemies":"Jaw Worm Horde","floor":39,"turns":1},{"damage":0,"enemies":"Giant Head","floor":41,"turns":7},{"damage":0,"enemies":"Reptomancer","floor":44,"turns":3},{"damage":0,"enemies":"Spire Growth","floor":45,"turns":2},{"damage":23,"enemies":"Writhing Mass","floor":47,"turns":5},{"damage":1,"enemies":"Maw","floor":48,"turns":5},{"damage":82,"enemies":"Time Eater","floor":50,"turns":7}],"seed_played":"2948569548312214759","potions_obtained":[{"floor":6,"key":"Poison Potion"},{"floor":7,"key":"Dexterity Potion"},{"floor":8,"key":"BlessingOfTheForge"},{"floor":11,"key":"Strength Potion"},{"floor":19,"key":"AttackPotion"},{"floor":23,"key":"Ancient Potion"},{"floor":29,"key":"Dexterity Potion"},{"floor":30,"key":"SteroidPotion"},{"floor":35,"key":"SteroidPotion"},{"floor":38,"key":"EntropicBrew"},{"floor":44,"key":"Explosive Potion"},{"floor":48,"key":"SteroidPotion"}],"is_trial":false,"path_per_floor":["M","?","M","M","$","E","M","E","T","M","M","M","R","?","R","B",null,"M","M","?","?","M","M","E","$","T","$","R","E","M","?","R","B",null,"M","$","M","M","M","R","E","?","T","E","M","R","M","M","R","B"],"character_chosen":"THE_SILENT","items_purchased":["Matryoshka","Lantern"],"campfire_rested":2,"item_purchase_floors":[25,25],"current_hp_per_floor":[49,70,70,69,69,32,29,6,6,6,6,6,27,27,48,14,70,70,66,66,66,61,61,61,61,61,61,61,65,69,69,69,70,70,70,70,70,70,70,70,70,70,70,70,70,70,54,68,68,0,0],"gold":253,"neow_bonus":"ONE_RARE_RELIC","is_daily":false,"chose_seed":false,"campfire_upgraded":5,"win_rate":0.0,"timestamp":1609452286,"path_taken":["M","?","M","M","$","E","M","E","T","M","M","M","R","?","R","BOSS","M","M","?","?","M","M","E","$","T","$","R","E","M","?","R","BOSS","M","$","M","M","M","R","E","?","T","E","M","R","?","M","R","BOSS"],"items_purchased_type":["Relic","Relic"],"build_version":"2020-12-22","purchased_purges":3,"victory":false,"max_hp_per_floor":[70,70,70,70,70,70,70,70,70,70,70,70,70,70,70,70,70,70,70,70,70,70,70,70,70,70,70,70,70,70,70,70,70,70,70,70,70,70,70,70,70,70,70,70,70,70,70,70,70,70,70],"relic_stats":{"counters":[29,109],"Dead Branch":[274],"Blue Candle":[0],"Snake Skull":[67],"PreservedInsect":60,"Orichalcum":[0],"Smiling Mask":125,"Boot":[31],"Busted Crown":18,"Sundial":[8],"Bloody Idol":18,"Bird Faced Urn":[28],"Pandora\u0027s Box":["Deflect","Bullet Time","Riddle With Holes","Backflip","Venomology","Backstab","Grand Finale","After Image","Heel Hook","Dodge and Roll"],"obtain_stats":[{"Lantern":25,"Golden Idol":14,"Dead Branch":0,"Blue Candle":6,"Vajra":44,"Snake Skull":29,"PreservedInsect":43,"Paper Crane":26,"Orichalcum":41,"Smiling Mask":26,"Boot":43,"Matryoshka":25,"Busted Crown":34,"Sundial":8,"Ninja Scroll":20,"Bird Faced Urn":24,"Bloody Idol":31,"Molten Egg 2":9,"Pandora\u0027s Box":17,"Red Mask":21,"Ring of the Snake":0},{"Lantern":16,"Golden Idol":9,"Dead Branch":0,"Blue Candle":4,"Vajra":25,"Snake Skull":17,"PreservedInsect":24,"Paper Crane":16,"Orichalcum":24,"Smiling Mask":16,"Boot":24,"Matryoshka":16,"Busted Crown":19,"Sundial":6,"Ninja Scroll":12,"Bird Faced Urn":16,"Bloody Idol":18,"Molten Egg 2":6,"Pandora\u0027s Box":10,"Red Mask":13,"Ring of the Snake":0},{"Lantern":60,"Golden Idol":32,"Dead Branch":0,"Blue Candle":15,"Vajra":90,"Snake Skull":63,"PreservedInsect":87,"Paper Crane":60,"Orichalcum":87,"Smiling Mask":60,"Boot":87,"Matryoshka":60,"Busted Crown":74,"Sundial":25,"Ninja Scroll":47,"Bird Faced Urn":60,"Bloody Idol":67,"Molten Egg 2":25,"Pandora\u0027s Box":41,"Red Mask":49,"Ring of the Snake":0}],"Ring of the Snake":[59]},"card_choices":[{"not_picked":["Dagger Spray","Sucker Punch"],"picked":"Quick Slash","floor":1},{"not_picked":["Setup","Finisher"],"picked":"Distraction","floor":3},{"not_picked":["Crippling Poison","Dagger Throw"],"picked":"Endless Agony","floor":4},{"not_picked":["Eviscerate","Quick Slash"],"picked":"Endless Agony","floor":6},{"not_picked":["Sucker Punch","Crippling Poison"],"picked":"Dagger Spray","floor":7},{"not_picked":["Catalyst","Deadly Poison"],"picked":"Backflip","floor":8},{"not_picked":["Footwork","Slice+1"],"picked":"Deadly Poison","floor":10},{"not_picked":["Underhanded Strike+1","Prepared"],"picked":"Backstab+1","floor":11},{"not_picked":["Acrobatics","Phantasmal Killer"],"picked":"Quick Slash+1","floor":12},{"not_picked":["Corpse Explosion","Wraith Form v2"],"picked":"Adrenaline","floor":16},{"not_picked":["Setup","Distraction+1"],"picked":"Poisoned Stab+1","floor":18},{"not_picked":["Well Laid Plans","Backflip+1"],"picked":"Outmaneuver+1","floor":19},{"not_picked":["PiercingWail","Reflex"],"picked":"Underhanded Strike+1","floor":21},{"not_picked":["Slice+1","Distraction"],"picked":"Noxious Fumes","floor":22},{"not_picked":["Dodge and Roll+1","Underhanded Strike+1","Poisoned Stab+1"],"picked":"SKIP","floor":23},{"not_picked":["Prepared","Quick Slash+1","Acrobatics"],"picked":"SKIP","floor":24},{"not_picked":["Terror","Grand Finale+1"],"picked":"Bane+1","floor":29},{"not_picked":["Slice+1","Deflect"],"picked":"Riddle With Holes+1","floor":30},{"not_picked":["Quick Slash+1"],"picked":"SKIP","floor":35},{"not_picked":["Bane+1"],"picked":"SKIP","floor":37},{"not_picked":["Skewer+1"],"picked":"SKIP","floor":38},{"not_picked":["Dodge and Roll+1"],"picked":"SKIP","floor":39},{"not_picked":["Dagger Throw+1"],"picked":"SKIP","floor":41},{"not_picked":["Expertise"],"picked":"SKIP","floor":44},{"not_picked":["Poisoned Stab+1"],"picked":"SKIP","floor":45},{"not_picked":["Cloak And Dagger+1"],"picked":"SKIP","floor":47},{"not_picked":["Infinite Blades+1"],"picked":"SKIP","floor":48}],"player_experience":98132,"relics_obtained":[{"floor":6,"key":"Blue Candle"},{"floor":8,"key":"Sundial"},{"floor":9,"key":"Molten Egg 2"},{"floor":21,"key":"Red Mask"},{"floor":24,"key":"Bird Faced Urn"},{"floor":26,"key":"Smiling Mask"},{"floor":26,"key":"Paper Crane"},{"floor":29,"key":"Snake Skull"},{"floor":41,"key":"Orichalcum"},{"floor":43,"key":"PreservedInsect"},{"floor":43,"key":"Boot"},{"floor":44,"key":"Vajra"}],"event_choices":[{"damage_healed":23,"gold_gain":0,"player_choice":"Banana","damage_taken":0,"max_hp_gain":0,"max_hp_loss":0,"event_name":"Big Fish","floor":2,"gold_loss":0},{"damage_healed":0,"gold_gain":0,"player_choice":"Take Wound","damage_taken":0,"relics_obtained":["Golden Idol"],"max_hp_gain":0,"max_hp_loss":0,"event_name":"Golden Idol","floor":14,"gold_loss":0,"cards_obtained":["Injury"]},{"damage_healed":0,"gold_gain":0,"player_choice":"Opened","damage_taken":0,"relics_obtained":["Ninja Scroll"],"max_hp_gain":0,"max_hp_loss":0,"event_name":"The Mausoleum","floor":20,"gold_loss":0,"cards_obtained":["Writhe"]},{"damage_healed":0,"gold_gain":0,"player_choice":"Fought Bandits","damage_taken":0,"max_hp_gain":0,"max_hp_loss":0,"event_name":"Masked Bandits","floor":21,"gold_loss":0},{"damage_healed":0,"gold_gain":0,"player_choice":"Gave Idol","damage_taken":0,"relics_obtained":["Bloody Idol"],"max_hp_gain":0,"max_hp_loss":0,"event_name":"Forgotten Altar","floor":31,"relics_lost":["Golden Idol"],"gold_loss":0},{"cards_removed":["Venomology"],"damage_healed":0,"gold_gain":0,"player_choice":"Upgrade and Remove","damage_taken":0,"max_hp_gain":0,"max_hp_loss":0,"event_name":"Designer","floor":42,"gold_loss":90,"cards_upgraded":["Endless Agony"]}],"is_beta":false,"boss_relics":[{"not_picked":["Empty Cage","Velvet Choker"],"picked":"Pandora\u0027s Box"},{"not_picked":["Tiny House","Coffee Dripper"],"picked":"Busted Crown"}],"items_purged_floors":[25,27,36],"is_endless":false,"potions_floor_spawned":[6,7,8,11,12,19,23,29,30,35,38,41,44,48],"killed_by":"Time Eater","ascension_level":0}}