{"host":"hwrdjx5eod2cxh09","time":1609423944,"event":{"mods":["AchievementEnabler","BaseMod","Bestiary","Minty Spire (QoL Compilation)","Relic Stats"],"gold_per_floor":[115,125,141,153,166,197,213,213,236,236,251,265,290,307,307,407,407,424,412,426,67,80,80,80,80],"floor_reached":24,"playtime":1458,"items_purged":["Strike_B"],"score":241,"play_id":"429031fe-49e1-4c5e-b718-d6121ee98050","local_time":"20201231231224","is_ascension_mode":false,"campfire_choices":[{"data":"Rainbow","floor":8,"key":"SMITH"},{"floor":15,"key":"REST"},{"floor":23,"key":"REST"}],"circlet_count":0,"master_deck":["Strike_B","Strike_B","Strike_B","Defend_B","Defend_B","Defend_B","Defend_B","Zap+1","Dualcast","Conserve Battery","Undo","Cold Snap","Rainbow+1","Ball Lightning","Loop","Machine Learning","Creative AI","Recycle+1","Glacier","Defragment"],"relics":["Cracked Core","Bag of Marbles","Dream Catcher","Happy Flower","Busted Crown","Orichalcum"],"acts_visited":["Exordium","TheCity"],"potions_floor_usage":[12,13,20,24,24],"damage_taken":[{"damage":2,"enemies":"2 Louse","floor":1,"turns":3},{"damage":1,"enemies":"Cultist","floor":2,"turns":4},{"damage":1,"enemies":"Jaw Worm","floor":3,"turns":4},{"damage":0,"enemies":"2 Fungi Beasts","floor":4,"turns":5},{"damage":0,"enemies":"Red Slaver","floor":5,"turns":4},{"damage":37,"enemies":"Lagavulin","floor":6,"turns":12},{"damage":0,"enemies":"Large Slime","floor":7,"turns":9},{"damage":0,"enemies":"2 Fungi Beasts","floor":11,"turns":4},{"damage":0,"enemies":"Lots of Slimes","floor":12,"turns":1},{"damage":17,"enemies":"Gremlin Nob","floor":13,"turns":4},{"damage":3,"enemies":"3 Louse","floor":14,"turns":4},{"damage":20,"enemies":"The Guardian","floor":16,"turns":11},{"damage":11,"enemies":"Shell Parasite","floor":18,"turns":8},{"damage":13,"enemies":"2 Thieves","floor":19,"turns":4},{"damage":16,"enemies":"Snake Plant","floor":20,"turns":4},{"damage":8,"enemies":"Centurion and Healer","floor":22,"turns":12},{"damage":52,"enemies":"Gremlin Leader","floor":24,"turns":4}],"seed_played":"-879991699988152262","potions_obtained":[{"floor":0,"key":"Explosive Potion"},{"floor":0,"key":"FocusPotion"},{"floor":0,"key":"Explosive Potion"},{"floor":11,"key":"Block Potion"},{"floor":16,"key":"ColorlessPotion"},{"floor":20,"key":"PowerPotion"}],"is_trial":false,"path_per_floor":["M","M","M","M","M","E","M","R","T","?","M","M","E","M","R","B",null,"M","M","M","$","M","R","E"],"character_chosen":"DEFECT","items_purchased":["Defragment","Orichalcum","Fire Potion"],"campfire_rested":2,"item_purchase_floors":[21,21,21],"current_hp_per_floor":[73,72,71,71,71,34,34,34,34,34,34,34,17,14,36,16,75,64,51,35,35,27,49,0,0],"gold":80,"neow_bonus":"THREE_SMALL_POTIONS","is_daily":false,"chose_seed":false,"campfire_upgraded":1,"win_rate":0.0,"timestamp":1609423944,"path_taken":["M","M","M","M","M","E","M","R","T","?","M","M","E","M","R","BOSS","M","M","M","$","M","R","E"],"items_purchased_type":["Card","Relic","Potion"],"build_version":"2020-12-22","purchased_purges":1,"victory":false,"max_hp_per_floor":[75,75,75,75,75,75,75,75,75,75,75,75,75,75,75,75,75,75,75,75,75,75,75,75,75],"relic_stats":{"Dream Catcher":2,"Busted Crown":10,"Happy Flower":[15],"counters":[17,96],"Orichalcum":[6],"obtain_stats":[{"Dream Catcher":9,"Busted Crown":17,"Happy Flower":13,"Bag of Marbles":6,"Orichalcum":21,"Cracked Core":0},{"Dream Catcher":7,"Busted Crown":12,"Happy Flower":10,"Bag of Marbles":6,"Orichalcum":15,"Cracked Core":0},{"Dream Catcher":41,"Busted Crown":64,"Happy Flower":50,"Bag of Marbles":32,"Orichalcum":80,"Cracked Core":0}]},"card_choices":[{"not_picked":["Storm","Sweeping Beam"],"picked":"Conserve Battery","floor":1},{"not_picked":["Conserve Battery","Loop"],"picked":"Undo","floor":2},{"not_picked":["Rip and Tear","Rebound"],"picked":"Cold Snap","floor":3},{"not_picked":["Undo","Aggregate","Compile Driver"],"picked":"SKIP","floor":4},{"not_picked":["Rebound","Turbo","Hello World"],"picked":"SKIP","floor":5},{"not_picked":["Go for the Eyes","Barrage"],"picked":"Rainbow","floor":6},{"not_picked":["Beam Cell","Steam"],"picked":"Ball Lightning","floor":7},{"not_picked":["Consume","Leap"],"picked":"Loop","floor":11},{"not_picked":["Aggregate","Cold Snap","Turbo"],"picked":"SKIP","floor":12},{"not_picked":["Consume","Loop"],"picked":"Machine Learning","floor":13},{"not_picked":["Sunder","Redo","Double Energy"],"picked":"SKIP","floor":14},{"not_picked":["Amplify","Core Surge"],"picked":"Creative AI","floor":16},{"not_picked":[],"picked":"Recycle+1","floor":18},{"not_picked":["Streamline"],"picked":"SKIP","floor":19},{"not_picked":[],"picked":"Glacier","floor":20},{"not_picked":["Ball Lightning"],"picked":"SKIP","floor":22}],"player_experience":124500,"relics_obtained":[{"floor":6,"key":"Bag of Marbles"},{"floor":9,"key":"Dream Catcher"},{"floor":13,"key":"Happy Flower"}],"event_choices":[{"damage_healed":0,"gold_gain":0,"player_choice":"Upgraded","damage_taken":0,"max_hp_gain":0,"max_hp_loss":0,"event_name":"Upgrade Shrine","floor":10,"gold_loss":0,"cards_upgraded":["Zap"]}],"is_beta":false,"boss_relics":[{"not_picked":["Fusion Hammer","Coffee Dripper"],"picked":"Busted Crown"}],"items_purged_floors":[21],"is_endless":false,"potions_floor_spawned":[2,4,5,11,16,20],"killed_by":"Gremlin Leader","ascension_level":0}}