{"host":"vucub2jtaeo9vgh1","time":1609438083,"event":{"mods":["BaseMod","BetterRewards","Minty Spire (QoL Compilation)","Quick Restart","Robot Space Explorer","StSLib","The Marked"],"gold_per_floor":[109,109,125,50,75,75,75],"floor_reached":6,"playtime":224,"items_purged":["RobotSpaceExplorer:Strike"],"score":36,"play_id":"5b989066-c987-46c5-8ccb-f6923f246525","local_time":"20201231190803","is_ascension_mode":false,"campfire_choices":[],"circlet_count":0,"master_deck":["RobotSpaceExplorer:Strike","RobotSpaceExplorer:Strike","RobotSpaceExplorer:Defend","RobotSpaceExplorer:Defend","RobotSpaceExplorer:Defend","RobotSpaceExplorer:Defend","RobotSpaceExplorer:Scan","RobotSpaceExplorer:MiniLasers","Apotheosis","RobotSpaceExplorer:StunGrenade","RobotSpaceExplorer:ShovelStrike","RobotSpaceExplorer:FranticSearch"],"relics":["RobotSpaceExplorer:RoboCore","Torii","Golden Idol"],"acts_visited":["Exordium"],"potions_floor_usage":[6],"damage_taken":[{"damage":0,"enemies":"Jaw Worm","floor":1,"turns":3},{"damage":0,"enemies":"Small Slimes","floor":3,"turns":4},{"damage":0,"enemies":"2 Louse","floor":5,"turns":2},{"damage":38,"enemies":"Gremlin Nob","floor":6,"turns":4}],"seed_played":"-6782083337096184398","potions_obtained":[{"floor":3,"key":"SneckoOil"}],"is_trial":false,"path_per_floor":["M","?","M","$","M","E"],"character_chosen":"RobotSpaceExplorer","items_purchased":["Apotheosis","Molten Egg 2"],"campfire_rested":0,"item_purchase_floors":[0,0],"current_hp_per_floor":[40,22,22,22,22,0,0],"gold":75,"neow_bonus":"","is_daily":false,"chose_seed":false,"campfire_upgraded":0,"win_rate":0.0,"timestamp":1609438083,"path_taken":["M","?","M","$","M","E"],"items_purchased_type":["Card","Relic"],"build_version":"2020-12-22","purchased_purges":1,"victory":false,"max_hp_per_floor":[75,75,75,75,75,75,75],"card_choices":[{"not_picked":["RobotSpaceExplorer:GlueShot","RobotSpaceExplorer:SwiftStep"],"picked":"RobotSpaceExplorer:ShovelStrike","floor":1},{"not_picked":["RobotSpaceExplorer:StunGrenade","RobotSpaceExplorer:GlueShot"],"picked":"RobotSpaceExplorer:FranticSearch","floor":3},{"not_picked":["RobotSpaceExplorer:Ammunition","RobotSpaceExplorer:Pulsar","RobotSpaceExplorer:ShovelStrike"],"picked":"SKIP","floor":5}],"player_experience":272684,"relics_obtained":[],"event_choices":[{"damage_healed":0,"gold_gain":0,"player_choice":"Take Damage","damage_taken":18,"relics_obtained":["Golden Idol"],"max_hp_gain":0,"max_hp_loss":0,"event_name":"Golden Idol","floor":2,"gold_loss":0}],"is_beta":false,"boss_relics":[],"items_purged_floors":[4],"is_endless":false,"potions_floor_spawned":[3],"killed_by":"Gremlin Nob","ascension_level":0}}