{"host":"rcanb95qz4o6v6pp","time":1609430635,"event":{"mods":["AchievementEnabler","BaseMod","Better Third Choice","BetterRewards","Colored Map","Downfall","Googly Eyes","Minty Spire (QoL Compilation)","Replay The Spire","Spicy Shops","StSLib","The Blue Laboratory"],"gold_per_floor":[144,177,177,252,291,387,483,483,483,483,582,681,774,822,822,1137,1137,1188,269,368,398,488,584,659,746,746,827,869,32,125,230,230,536,536,584,45,95,127,287,287,680,285,285,396,356,428,518,635,635,645,645,645,22,38,50],"floor_reached":56,"playtime":61390,"items_purged":["Regret","ReplayTheSpireMod:Restless Dread"],"score":2035,"play_id":"298ffc00-b0c6-4492-89c5-621df2960173","local_time":"20201231110355","daily_mods":["SealedDeck","Heirloom","Flight","DeadlyEvents","Elite Swarm","Midas"],"is_ascension_mode":false,"campfire_choices":[{"floor":8,"key":"REST"},{"floor":15,"key":"REST"},{"floor":32,"key":"REST"},{"floor":40,"key":"RECALL"},{"floor":49,"key":"DIG"},{"data":"Normality","floor":52,"key":"PURGE"}],"circlet_count":0,"master_deck":["Deadly Poison+1","Slimebound:SplitMire","Slimebound:DivideAndConquer","Slimebound:ServeAndProtect","Dagger Spray","Slimebound:SamplingLick","Slimebound:SamplingLick","Cloak And Dagger","Slimebound:SplitAcid","Slimebound:SplitBruiser","After Image","Poison Darts","Unload+1","Slimebound:GoopSpray","Glass Knife+1","Poisoned Stab+1","Dodge and Roll+1","Die Die Die+1","Adrenaline","Slimebound:SlimeSpikes","Noxious Fumes","Slimebound:SlimeSpikes","Adrenaline","Parasite","CommonCold","Regret","Venomology","Slimebound:Schlurp+1","Spreading Infection","Clumsy","Apotheosis+1","Slimebound:Recycling+1"],"relics":["Ring of the Snake","Ring of Chaos","Lizard Tail","Replay:Mystery Machine","Replay:Multitool","ReplayTheSpireMod:Shallot","HornCleat","Molten Egg 2","White Beast Statue","Art of War","SlaversCollar","PreservedInsect","Ice Cream","TheAbacus","Kunai","Shovel","champ:DeflectingBracers","Replay:WaspNest","Replay:Baseball","Durian","Snake Skull","Oddly Smooth Stone","TwistedFunnel","Replay:Bottled Snecko","ReplayTheSpireMod:TigerMarble","Du-Vu Doll","Tough Bandages","Black Star","Mummified Hand","Orichalcum","Potion Belt","Ring of Greed","Ring of Fangs","Replay:Bandana","Tiny Chest","CaptainsWheel","Old Coin","Pear","Nunchaku","HandDrill","Thread and Needle","Replay:Bottled Flurry","Replay:Accelerometer","Tingsha","TungstenRod","Golden Egg","Mercury Hourglass","Vajra","Frozen Eye","Sling","Letter Opener","Replay:Kaleidoscope"],"acts_visited":["Exordium","TheCity","TheBeyond","TheEnding"],"potions_floor_usage":[7,12,16,16,47,48,55,55,55,55,55,55,55,55],"damage_taken":[{"damage":8.0,"enemies":"Cultist","floor":1.0,"turns":2.0},{"damage":11,"enemies":"Jaw Worm","floor":2,"turns":2},{"damage":4,"enemies":"Small Slimes","floor":5,"turns":1},{"damage":26,"enemies":"3 Sentries","floor":6,"turns":4},{"damage":41,"enemies":"Gremlin Nob","floor":7,"turns":4},{"damage":26,"enemies":"3 Sentries","floor":11,"turns":5},{"damage":8,"enemies":"Gremlin Nob","floor":12,"turns":3},{"damage":17,"enemies":"3 Sentries","floor":13,"turns":4},{"damage":0,"enemies":"Red Slaver","floor":14,"turns":1},{"damage":16,"enemies":"Slime Boss","floor":16,"turns":6},{"damage":4,"enemies":"Chosen","floor":18,"turns":2},{"damage":17,"enemies":"2 Thieves","floor":21,"turns":2},{"damage":9,"enemies":"Book of Stabbing","floor":22,"turns":2},{"damage":4,"enemies":"Replay:Snechameleon","floor":23,"turns":3},{"damage":4,"enemies":"Slavers","floor":24,"turns":2},{"damage":9,"enemies":"Book of Stabbing","floor":25,"turns":2},{"damage":4,"enemies":"Gremlin Leader","floor":27,"turns":4},{"damage":4,"enemies":"3 Cultists","floor":28,"turns":3},{"damage":0,"enemies":"Book of Stabbing","floor":30,"turns":2},{"damage":0,"enemies":"Replay:Snechameleon","floor":31,"turns":2},{"damage":4,"enemies":"Automaton","floor":33,"turns":4},{"damage":4,"enemies":"3 Darklings","floor":35,"turns":2},{"damage":0,"enemies":"3 Shapes","floor":38,"turns":4},{"damage":0,"enemies":"Mind Bloom Boss Battle","floor":39,"turns":3},{"damage":0,"enemies":"R_Hoarder","floor":41,"turns":3},{"damage":1,"enemies":"Nemesis","floor":44,"turns":3},{"damage":1,"enemies":"Transient","floor":45,"turns":5},{"damage":1,"enemies":"Giant Head","floor":47,"turns":4},{"damage":1,"enemies":"R_Hoarder","floor":48,"turns":3},{"damage":26,"enemies":"Time Eater","floor":50,"turns":9},{"damage":0,"enemies":"Shield and Spear","floor":54,"turns":2},{"damage":37,"enemies":"The Heart","floor":55,"turns":5}],"seed_played":"8070783800182711840","potions_obtained":[{"floor":1.0,"key":"Milkshake"},{"floor":7,"key":"SkillPotion"},{"floor":11,"key":"blueLaboratory:AbyssPotion"},{"floor":13,"key":"AttackPotion"},{"floor":14,"key":"AttackPotion"},{"floor":16,"key":"blueLaboratory:TrueEctoplasm"},{"floor":18,"key":"blueLaboratory:BottleOfRum"},{"floor":21,"key":"blueLaboratory:SuffocatingSmog"},{"floor":39,"key":"Swift Potion"}],"is_trial":true,"path_per_floor":["M","M","?","?","M","E","E","R","T","R","E","E","E","M","R","B",null,"M","$","?","M","E","E","E","E","T","E","M","$","E","E","R","B",null,"M","$","?","M","?","R","E","$","T","E","M","T","E","E","R_BF","B",null,"R","$","E","B",null],"character_chosen":"THE_SILENT","items_purchased":["PreservedInsect","Ice Cream","TheAbacus","PowerPotion","Kunai","Oddly Smooth Stone","TwistedFunnel","Noxious Fumes","Replay:Bottled Snecko","ReplayTheSpireMod:TigerMarble","Slimebound:SlimeSpikes","Mummified Hand","Orichalcum","Potion Belt","SkillPotion","Nunchaku","Slimebound:Schlurp+1","HandDrill","Vajra","Apotheosis","Frozen Eye","Sling"],"campfire_rested":3,"item_purchase_floors":[19,19,19,19,19,29,29,29,29,29,29,36,36,36,36,42,42,42,53,53,53,53],"current_hp_per_floor":[66,63,63,56,56,38,5,26,26,47,33,29,20,20,41,33,70,70,70,70,53,44,44,44,39,44,44,44,44,44,44,66,71,75,75,75,75,75,71,71,81,81,81,84,85,85,85,85,85,59,85,85,85,85,56],"gold":50,"neow_bonus":"","is_daily":false,"chose_seed":false,"campfire_upgraded":0,"win_rate":0.0,"timestamp":1609430635,"path_taken":["M","?","?","?","?","E","E","R","T","R","E","E","E","?","R","BOSS","M","$","?","?","?","E","E","E","T","E","?","$","E","E","R","BOSS","M","$","?","?","?","R","E","$","T","E","?","?","E","?","R_BF","BOSS","R","$","E","BOSS"],"items_purchased_type":["Relic","Relic","Relic","Potion","Relic","Relic","Relic","Card","Relic","Relic","Card","Relic","Relic","Relic","Potion","Relic","Card","Relic","Relic","Card","Relic","Relic"],"build_version":"2020-12-22","purchased_purges":2,"victory":true,"max_hp_per_floor":[70,70,70,70,70,70,70,70,70,70,70,70,70,70,70,70,70,70,70,70,70,70,70,70,70,75,75,75,75,75,75,75,75,75,75,75,75,75,75,75,85,85,85,85,85,85,85,85,85,85,85,85,85,85,85],"card_choices":[{"not_picked":["ReplayTheSpireMod:Shiv Toss","Slimebound:ServeAndProtect","ReplayTheSpireMod:Scrap Shanks"],"picked":"SKIP","floor":1.0},{"not_picked":["Eviscerate","Slimebound:ServeAndProtect","Slimebound:SpikyOuterGoop"],"picked":"SKIP","floor":2},{"not_picked":["Slimebound:SplitAcid","Replay:Poison Smokescreen","Sneak Up"],"picked":"SKIP","floor":5},{"not_picked":["Slimebound:MassRepurpose","Die Die Die"],"picked":"After Image","floor":6},{"not_picked":["ReplayTheSpireMod:From All Sides","Die Die Die"],"picked":"Poison Darts","floor":7},{"not_picked":["Slimebound:DuplicatedForm","Slimebound:MinionMaster","Slimebound:MassRepurpose"],"picked":"SKIP","floor":11},{"not_picked":["Slimebound:Darklings","Night Terror","Wraith Form v2"],"picked":"SKIP","floor":12},{"not_picked":["Bullet Time","Slimebound:CheckThePlaybook"],"picked":"Unload+1","floor":13},{"not_picked":["PiercingWail","Slimebound:PressTheAttack+1"],"picked":"Slimebound:GoopSpray","floor":14},{"not_picked":["Grand Finale+1","Venomology"],"picked":"Glass Knife+1","floor":16},{"not_picked":["Slimebound:ComboTackle+1","Slimebound:SplitBruiser"],"picked":"Poisoned Stab+1","floor":18},{"not_picked":["Slimebound:RollThrough+1","Slimebound:FinishingTackle+1"],"picked":"Dodge and Roll+1","floor":21},{"not_picked":["Corpse Explosion","Doppelganger","Night Terror"],"picked":"SKIP","floor":22},{"not_picked":["Slimebound:TagTeam+1","Storm of Steel"],"picked":"Die Die Die+1","floor":23},{"not_picked":["Slimebound:OneTwoCombo+1","Slimebound:DuplicatedForm","Wraith Form v2"],"picked":"SKIP","floor":24},{"not_picked":["Slimebound:SlimeSlap+1","Wraith Form v2","Slimebound:Teamwork"],"picked":"SKIP","floor":25},{"not_picked":["Night Terror","Slimebound:Recycling"],"picked":"Adrenaline","floor":27},{"not_picked":["Slimebound:Schlurp+1","Slimebound:FormOfPuddle"],"picked":"Slimebound:SlimeSpikes","floor":28},{"not_picked":["Slimebound:OneTwoCombo+1","After Image"],"picked":"Adrenaline","floor":30},{"not_picked":["ReplayTheSpireMod:From All Sides+1","Die Die Die+1","Slimebound:MinionMaster"],"picked":"SKIP","floor":31},{"not_picked":["Slimebound:Grow+1","Slimebound:SplitBruiser+1","Poisoned Stab+1"],"picked":"SKIP","floor":35},{"not_picked":["Setup","PiercingWail+1","Deflect+1"],"picked":"SKIP","floor":38},{"not_picked":["Wraith Form v2","Slimebound:RallyTheTroops+1"],"picked":"Venomology","floor":41},{"not_picked":["Poison Darts","Doppelganger","Slimebound:TagTeam+1"],"picked":"SKIP","floor":44},{"not_picked":["Slimebound:PressTheAttack+1","Slimebound:RollThrough+1","Replay:Poison Smokescreen"],"picked":"SKIP","floor":45},{"not_picked":["Slimebound:DouseInSlime","Die Die Die+1","Corpse Explosion"],"picked":"SKIP","floor":47},{"not_picked":["Tools of the Trade","Die Die Die+1","Wraith Form v2"],"picked":"SKIP","floor":48},{"not_picked":["Slimebound:DuplicatedForm","Malaise"],"picked":"Slimebound:Recycling","floor":54}],"player_experience":1754381,"relics_obtained":[{"floor":6,"key":"Replay:Multitool"},{"floor":7,"key":"ReplayTheSpireMod:Shallot"},{"floor":9,"key":"HornCleat"},{"floor":11,"key":"Molten Egg 2"},{"floor":12,"key":"White Beast Statue"},{"floor":13,"key":"Art of War"},{"floor":22,"key":"Shovel"},{"floor":23,"key":"champ:DeflectingBracers"},{"floor":24,"key":"Replay:WaspNest"},{"floor":25,"key":"Replay:Baseball"},{"floor":26,"key":"Durian"},{"floor":27,"key":"Snake Skull"},{"floor":30,"key":"Du-Vu Doll"},{"floor":31,"key":"Tough Bandages"},{"floor":37,"key":"Ring of Greed"},{"floor":37,"key":"Ring of Fangs"},{"floor":37,"key":"Replay:Bandana"},{"floor":37,"key":"Tiny Chest"},{"floor":39,"key":"CaptainsWheel"},{"floor":41,"key":"Old Coin"},{"floor":41,"key":"Pear"},{"floor":44,"key":"Thread and Needle"},{"floor":44,"key":"Replay:Bottled Flurry"},{"floor":46,"key":"Replay:Accelerometer"},{"floor":47,"key":"Tingsha"},{"floor":48,"key":"TungstenRod"},{"floor":48,"key":"Golden Egg"},{"floor":49,"key":"Mercury Hourglass"},{"floor":54,"key":"Letter Opener"},{"floor":54,"key":"Replay:Kaleidoscope"}],"event_choices":[{"damage_healed":0,"gold_gain":0,"player_choice":"Box","damage_taken":0,"relics_obtained":["Replay:Mystery Machine"],"max_hp_gain":0,"max_hp_loss":0,"event_name":"Big Fish","floor":3,"gold_loss":0,"cards_obtained":["Regret"]},{"damage_healed":0,"gold_gain":75,"player_choice":"Touch","damage_taken":7,"max_hp_gain":0,"max_hp_loss":0,"event_name":"FaceTrader","floor":4,"gold_loss":0},{"damage_healed":0,"gold_gain":99,"player_choice":"Steal","damage_taken":0,"max_hp_gain":0,"max_hp_loss":0,"event_name":"betterThird:BetterNest","floor":20,"gold_loss":0},{"damage_healed":0,"gold_gain":0,"player_choice":"Fight","damage_taken":0,"max_hp_gain":0,"max_hp_loss":0,"event_name":"MindBloom","floor":39,"gold_loss":0}],"is_beta":false,"boss_relics":[{"not_picked":["sneckomod:SneckoTalon","WristBlade"],"picked":"SlaversCollar"},{"not_picked":["Replay:Wanted Poster","Tiny House"],"picked":"Black Star"}],"items_purged_floors":[19,42],"is_endless":false,"potions_floor_spawned":[1,7,11,13,14,16,18,21,22,23,24,25,27,28,30,31,33,35,38,39,41,44,45,47,48,54],"ascension_level":0}}