{"host":"jpcy2bclvs7juczu","time":1609379342,"event":{"mods":["AchievementEnabler","BaseMod","Block Reminder","Colored Powertips","Minty Spire (QoL Compilation)","Quick Restart","Relic Stats","ojb\u0027s Better Paths Mod","ojb\u0027s Info Mod","slay the spire mod where everything is the same but ironclad has a cowboy hat"],"gold_per_floor":[116,133,133,144,156,184,184,214,214,226,254,264,277,40,40,117,117,134,134,146,165,165,165,198,198,198,33,47,59,91,103,103,181,181,198,198,210,14,30,57,57,85,85,97,97,123,137,152,152,152,152,152],"floor_reached":51,"playtime":3293,"items_purged":["Pain"],"score":1656,"play_id":"e2755dec-b60b-4c3a-86e1-fbc9c2ca845f","local_time":"20201231014902","is_ascension_mode":true,"campfire_choices":[{"data":"Dash","floor":7.0,"key":"SMITH"},{"data":"Bouncing Flask","floor":15.0,"key":"SMITH"},{"data":"Blur","floor":23.0,"key":"SMITH"},{"data":"Dagger Spray","floor":25.0,"key":"SMITH"},{"data":"Outmaneuver","floor":32.0,"key":"SMITH"},{"floor":41.0,"key":"REST"},{"floor":49.0,"key":"RECALL"}],"circlet_count":0,"master_deck":["AscendersBane","Survivor","Neutralize+1","Blur+1","Dash+1","Outmaneuver+1","Backstab","Flying Knee","Finisher","Bane","Footwork+1","Dagger Spray+1","Bouncing Flask+1","Adrenaline","Adrenaline","Storm of Steel","Escape Plan","Underhanded Strike","Crippling Poison","Dagger Throw","Masterful Stab","Backflip","Footwork+1","Dash+1","Dash","Bouncing Flask+1","Backflip","Shame","Poisoned Stab","Acrobatics","Acrobatics","Burst","Footwork+1","PiercingWail","Footwork+1","Doppelganger","Envenom+1","Catalyst","Catalyst","Cloak And Dagger+1"],"relics":["Ring of the Snake","NeowsBlessing","White Beast Statue","Snake Skull","Turnip","Frozen Egg 2","Lizard Tail","OrangePellets","Pandora\u0027s Box","Nunchaku","MealTicket","Pear","Medical Kit","Meat on the Bone","Fusion Hammer","WarpedTongs","Membership Card","Centennial Puzzle","Whetstone","Blood Vial"],"acts_visited":["Exordium","TheCity","TheBeyond"],"potions_floor_usage":[50,50],"damage_taken":[{"damage":0.0,"enemies":"Jaw Worm","floor":1.0,"turns":1.0},{"damage":0.0,"enemies":"Cultist","floor":2.0,"turns":1.0},{"damage":0.0,"enemies":"Small Slimes","floor":4.0,"turns":1.0},{"damage":5.0,"enemies":"2 Fungi Beasts","floor":5.0,"turns":6.0},{"damage":12.0,"enemies":"3 Sentries","floor":6.0,"turns":14.0},{"damage":5.0,"enemies":"Lagavulin","floor":8.0,"turns":6.0},{"damage":1.0,"enemies":"Exordium Thugs","floor":10.0,"turns":5.0},{"damage":34.0,"enemies":"Gremlin Nob","floor":11.0,"turns":4.0},{"damage":0.0,"enemies":"Blue Slaver","floor":12.0,"turns":3.0},{"damage":0.0,"enemies":"Exordium Wildlife","floor":13.0,"turns":3.0},{"damage":0.0,"enemies":"The Guardian","floor":16.0,"turns":8.0},{"damage":4.0,"enemies":"Chosen","floor":18.0,"turns":4.0},{"damage":3.0,"enemies":"Spheric Guardian","floor":20.0,"turns":4.0},{"damage":7.0,"enemies":"Centurion and Healer","floor":21.0,"turns":5.0},{"damage":17.0,"enemies":"Book of Stabbing","floor":24.0,"turns":6.0},{"damage":0.0,"enemies":"3 Cultists","floor":28.0,"turns":3.0},{"damage":0.0,"enemies":"Sentry and Sphere","floor":29.0,"turns":1.0},{"damage":12.0,"enemies":"Gremlin Leader","floor":30.0,"turns":6.0},{"damage":3.0,"enemies":"Centurion and Healer","floor":31.0,"turns":5.0},{"damage":125.0,"enemies":"Automaton","floor":33.0,"turns":12.0},{"damage":0.0,"enemies":"3 Darklings","floor":35.0,"turns":4.0},{"damage":0.0,"enemies":"3 Shapes","floor":37.0,"turns":3.0},{"damage":38.0,"enemies":"Writhing Mass","floor":39.0,"turns":5.0},{"damage":16.0,"enemies":"Nemesis","floor":40.0,"turns":7.0},{"damage":33.0,"enemies":"Giant Head","floor":42.0,"turns":9.0},{"damage":0.0,"enemies":"Sphere and 2 Shapes","floor":44.0,"turns":5.0},{"damage":30.0,"enemies":"Nemesis","floor":46.0,"turns":7.0},{"damage":0.0,"enemies":"4 Shapes","floor":47.0,"turns":5.0},{"damage":10.0,"enemies":"Jaw Worm Horde","floor":48.0,"turns":6.0},{"damage":32,"enemies":"Donu and Deca","floor":50,"turns":11},{"damage":37,"enemies":"Awakened One","floor":51,"turns":3}],"seed_played":"172225366952109887","potions_obtained":[{"floor":1.0,"key":"CunningPotion"},{"floor":4.0,"key":"Block Potion"},{"floor":5.0,"key":"Fire Potion"},{"floor":6.0,"key":"Strength Potion"},{"floor":8.0,"key":"DuplicationPotion"},{"floor":10.0,"key":"Dexterity Potion"},{"floor":11.0,"key":"LiquidMemories"},{"floor":12.0,"key":"FearPotion"},{"floor":13.0,"key":"PowerPotion"},{"floor":16.0,"key":"Poison Potion"},{"floor":18.0,"key":"FearPotion"},{"floor":20.0,"key":"FairyPotion"},{"floor":21.0,"key":"FearPotion"},{"floor":24.0,"key":"AttackPotion"},{"floor":28.0,"key":"GamblersBrew"},{"floor":30.0,"key":"BlessingOfTheForge"},{"floor":33.0,"key":"Ancient Potion"},{"floor":35.0,"key":"Regen Potion"},{"floor":40.0,"key":"SpeedPotion"},{"floor":47.0,"key":"Regen Potion"},{"floor":48.0,"key":"GamblersBrew"}],"is_trial":false,"path_per_floor":["M","M","?","M","M","E","R","E","T","M","E","M","M","$","R","B",null,"M","?","M","M","?","R","E","R","T","$","M","M","E","M","R","B",null,"M","?","M","$","M","E","R","E","T","M","?","E","M","M","R","B","B"],"character_chosen":"THE_SILENT","items_purchased":["OrangePellets","Adrenaline","Medical Kit","Membership Card"],"campfire_rested":1,"item_purchase_floors":[14,14,27,38],"current_hp_per_floor":[59,59,59,59,54,42,42,37,37,36,2,2,2,2,2,2,50,46,46,43,36,36,36,19,19,29,44,44,44,32,41,41,41,67,67,67,67,76,50,49,71,50,50,50,50,32,46,53,53,35,0,0],"gold":152,"neow_bonus":"THREE_ENEMY_KILL","is_daily":false,"chose_seed":false,"campfire_upgraded":5,"win_rate":0.0,"timestamp":1609379342,"path_taken":["M","M","?","M","M","E","R","E","T","M","E","?","M","$","R","BOSS","M","?","M","?","?","R","E","R","T","$","M","M","E","M","R","BOSS","M","?","M","?","?","E","R","E","T","M","?","E","M","M","R","BOSS","BOSS"],"items_purchased_type":["Relic","Card","Relic","Relic"],"build_version":"2020-12-22","purchased_purges":1,"victory":false,"max_hp_per_floor":[66,66,66,66,66,66,66,66,66,66,66,66,66,66,66,66,66,66,66,66,66,66,66,66,66,76,76,76,76,76,76,76,76,76,76,76,76,76,76,76,76,76,76,76,76,76,76,76,76,76,76,76],"relic_stats":{"counters":[31,163],"Snake Skull":[245],"Whetstone":["Neutralize","Dash"],"Medical Kit":[23],"WarpedTongs":[60],"Blood Vial":8,"OrangePellets":[4],"Lizard Tail":38,"Nunchaku":[21],"Centennial Puzzle":[15],"Pandora\u0027s Box":["Storm of Steel","Escape Plan","Underhanded Strike","Crippling Poison","Dagger Throw","Masterful Stab","Backflip","Footwork","Dash","Dash"],"MealTicket":24,"Turnip":[27],"obtain_stats":[{"Pear":26,"NeowsBlessing":0,"Snake Skull":6,"Whetstone":42,"Frozen Egg 2":9,"Medical Kit":27,"White Beast Statue":3,"WarpedTongs":36,"Blood Vial":46,"OrangePellets":14,"Lizard Tail":11,"Nunchaku":22,"Centennial Puzzle":40,"Pandora\u0027s Box":17,"MealTicket":24,"Turnip":8,"Fusion Hammer":34,"Membership Card":38,"Ring of the Snake":0,"Meat on the Bone":30},{"Pear":15,"NeowsBlessing":0,"Snake Skull":5,"Whetstone":25,"Frozen Egg 2":6,"Medical Kit":15,"White Beast Statue":2,"WarpedTongs":21,"Blood Vial":27,"OrangePellets":10,"Lizard Tail":8,"Nunchaku":14,"Centennial Puzzle":24,"Pandora\u0027s Box":11,"MealTicket":15,"Turnip":6,"Fusion Hammer":20,"Membership Card":22,"Ring of the Snake":0,"Meat on the Bone":18},{"Pear":71,"NeowsBlessing":0,"Snake Skull":23,"Whetstone":126,"Frozen Egg 2":29,"Medical Kit":71,"White Beast Statue":2,"WarpedTongs":102,"Blood Vial":138,"OrangePellets":44,"Lizard Tail":38,"Nunchaku":65,"Centennial Puzzle":117,"Pandora\u0027s Box":52,"MealTicket":71,"Turnip":29,"Fusion Hammer":98,"Membership Card":105,"Ring of the Snake":0,"Meat on the Bone":81}],"Ring of the Snake":[62],"Meat on the Bone":84},"card_choices":[{"not_picked":["Escape Plan","Prepared"],"picked":"Blur","floor":1.0},{"not_picked":["Dagger Throw","All Out Attack"],"picked":"Dash","floor":2.0},{"not_picked":["Escape Plan","Acrobatics"],"picked":"Outmaneuver","floor":4.0},{"not_picked":["Prepared","Choke"],"picked":"Backstab","floor":5.0},{"not_picked":["Dodge and Roll","Concentrate"],"picked":"Flying Knee","floor":6.0},{"not_picked":["Venomology","Deflect"],"picked":"Finisher","floor":8.0},{"not_picked":["Dash","Flying Knee"],"picked":"Bane","floor":10.0},{"not_picked":["Eviscerate","Masterful Stab"],"picked":"Footwork+1","floor":11.0},{"not_picked":["Skewer","Bane"],"picked":"Dagger Spray","floor":12.0},{"not_picked":["Deadly Poison","Dodge and Roll"],"picked":"Bouncing Flask","floor":13.0},{"not_picked":["A Thousand Cuts+1","Venomology"],"picked":"Adrenaline","floor":16.0},{"not_picked":["Heel Hook+1","Dagger Throw","Dagger Spray+1"],"picked":"SKIP","floor":18.0},{"not_picked":["Outmaneuver","Dagger Spray","Flying Knee"],"picked":"SKIP","floor":20.0},{"not_picked":["Blade Dance","Underhanded Strike"],"picked":"Backflip","floor":21.0},{"not_picked":["Storm of Steel","Grand Finale"],"picked":"Poisoned Stab","floor":24.0},{"not_picked":["Backflip","Sucker Punch"],"picked":"Acrobatics","floor":28.0},{"not_picked":["Masterful Stab","Slice"],"picked":"Acrobatics","floor":29.0},{"not_picked":["Bouncing Flask","Deadly Poison","Slice"],"picked":"SKIP","floor":30.0},{"not_picked":["Bane+1","Underhanded Strike","Flechettes"],"picked":"SKIP","floor":31.0},{"not_picked":["Die Die Die","Venomology"],"picked":"Burst","floor":33.0},{"not_picked":["Cloak And Dagger","Terror"],"picked":"Footwork+1","floor":35.0},{"not_picked":["Dagger Spray","Poisoned Stab+1"],"picked":"PiercingWail","floor":37.0},{"not_picked":["Outmaneuver","Cloak And Dagger"],"picked":"Footwork+1","floor":39.0},{"not_picked":["Sucker Punch","Acrobatics"],"picked":"Doppelganger","floor":40.0},{"not_picked":["Prepared+1","Quick Slash+1"],"picked":"Envenom+1","floor":42.0},{"not_picked":["Dagger Throw","Backstab","Expertise+1"],"picked":"SKIP","floor":44.0},{"not_picked":["Escape Plan","Poisoned Stab"],"picked":"Catalyst","floor":46.0},{"not_picked":["Quick Slash+1","Concentrate"],"picked":"Catalyst","floor":47.0},{"not_picked":["Bane","Predator"],"picked":"Cloak And Dagger+1","floor":48.0}],"player_experience":290384,"relics_obtained":[{"floor":6.0,"key":"Snake Skull"},{"floor":8.0,"key":"Turnip"},{"floor":9.0,"key":"Frozen Egg 2"},{"floor":11.0,"key":"Lizard Tail"},{"floor":24.0,"key":"MealTicket"},{"floor":26.0,"key":"Pear"},{"floor":30.0,"key":"Meat on the Bone"},{"floor":40.0,"key":"Centennial Puzzle"},{"floor":42.0,"key":"Whetstone"},{"floor":46.0,"key":"Blood Vial"}],"event_choices":[{"damage_healed":0.0,"max_hp_gain":0.0,"max_hp_loss":0.0,"gold_gain":0.0,"event_name":"WeMeetAgain","player_choice":"Gave Potion","floor":3.0,"gold_loss":0.0,"damage_taken":0.0,"relics_obtained":["White Beast Statue"]},{"damage_healed":0.0,"max_hp_gain":0.0,"max_hp_loss":0.0,"gold_gain":0.0,"event_name":"Duplicator","player_choice":"Copied","floor":19.0,"gold_loss":0.0,"damage_taken":0.0,"cards_obtained":["Bouncing Flask"]},{"damage_healed":0.0,"max_hp_gain":0.0,"max_hp_loss":0.0,"gold_gain":0.0,"event_name":"Addict","player_choice":"Stole Relic","floor":22.0,"gold_loss":0.0,"damage_taken":0.0,"relics_obtained":["Nunchaku"],"cards_obtained":["Shame"]},{"damage_healed":0.0,"max_hp_gain":0.0,"max_hp_loss":0.0,"gold_gain":0.0,"event_name":"Accursed Blacksmith","player_choice":"Rummage","floor":36.0,"gold_loss":0.0,"damage_taken":0.0,"relics_obtained":["WarpedTongs"],"cards_obtained":["Pain"]},{"damage_healed":0.0,"max_hp_gain":0.0,"max_hp_loss":0.0,"gold_gain":0.0,"event_name":"Tomb of Lord Red Mask","player_choice":"Ignored","floor":45.0,"gold_loss":0.0,"damage_taken":0.0}],"is_beta":false,"boss_relics":[{"not_picked":["Velvet Choker","Busted Crown"],"picked":"Pandora\u0027s Box"},{"not_picked":["WristBlade","Empty Cage"],"picked":"Fusion Hammer"}],"items_purged_floors":[38],"is_endless":false,"potions_floor_spawned":[1,4,5,6,8,10,11,12,13,16,18,20,21,24,28,29,30,31,33,35,37,39,40,42,44,46,47,48],"killed_by":"Awakened One","ascension_level":20}}