{"host":"os7ajuuouznx3pj7","time":1609438448,"event":{"mods":["AchievementEnabler","BaseMod","Bestiary","Block Reminder","Colored Map","Colored Powertips","Keyboard Shortcuts","Minty Spire (QoL Compilation)","Quick Restart","Relic Stats","SuperFastMode"],"gold_per_floor":[212,51,69,87,99,127,127,139,191,209,209,243,243,278,278,349,349,363,27,77,92,92,92,103,103,103,138,138,118,137,168,168,247,247,265,277,57,57,72,72,98,98,98,20,20,31,50,50,50,50,50,50],"floor_reached":51,"playtime":7084,"items_purged":["Defend_R"],"score":1570,"play_id":"edb04107-7eb2-4a98-a921-3d3d6263ece8","local_time":"20201231161408","is_ascension_mode":true,"campfire_choices":[{"data":"Perfected Strike","floor":7.0,"key":"SMITH"},{"data":"Perfected Strike","floor":11.0,"key":"SMITH"},{"data":"Perfected Strike","floor":13.0,"key":"SMITH"},{"data":"Armaments","floor":15.0,"key":"SMITH"},{"data":"Perfected Strike","floor":23.0,"key":"SMITH"},{"data":"Corruption","floor":25.0,"key":"SMITH"},{"data":"Wild Strike","floor":28.0,"key":"SMITH"},{"data":"Pommel Strike","floor":32.0,"key":"SMITH"},{"floor":40.0,"key":"REST"},{"data":"Twin Strike","floor":42.0,"key":"SMITH"},{"data":"Twin Strike","floor":45.0,"key":"SMITH"},{"data":"Pommel Strike","floor":49.0,"key":"SMITH"}],"circlet_count":0,"master_deck":["AscendersBane","Strike_R","Strike_R","Strike_R+1","Strike_R","Strike_R","Defend_R","Defend_R","Defend_R","Bash","Intimidate","Perfected Strike+1","Clash+1","Burning Pact","Twin Strike","Wild Strike+1","Clothesline","Perfected Strike+1","Armaments+1","Perfected Strike+1","Ghostly Armor","Corruption+1","Perfected Strike+1","Dark Shackles","Twin Strike+1","Wild Strike+1","Bloodletting+1","Pommel Strike+1","Exhume+1","Flex+1","Intimidate+1","Perfected Strike+1","Twin Strike+1","Wild Strike+1","Havoc+1","Shockwave+1","Pommel Strike+1","Writhe"],"relics":["Burning Blood","Orrery","Anchor","Happy Flower","White Beast Statue","Akabeko","Runic Pyramid","PreservedInsect","Enchiridion","Toxic Egg 2","Whetstone","MealTicket","Sozu","DollysMirror","Lantern","Blue Candle"],"acts_visited":["Exordium","TheCity","TheBeyond"],"potions_floor_usage":[],"damage_taken":[{"damage":12.0,"enemies":"Cultist","floor":1.0,"turns":4.0},{"damage":4.0,"enemies":"Small Slimes","floor":3.0,"turns":3.0},{"damage":1.0,"enemies":"2 Louse","floor":4.0,"turns":3.0},{"damage":1.0,"enemies":"Looter","floor":5.0,"turns":2.0},{"damage":22.0,"enemies":"Lagavulin","floor":6.0,"turns":6.0},{"damage":2.0,"enemies":"Lots of Slimes","floor":8.0,"turns":4.0},{"damage":3.0,"enemies":"Large Slime","floor":10.0,"turns":4.0},{"damage":0.0,"enemies":"Gremlin Nob","floor":12.0,"turns":2.0},{"damage":25.0,"enemies":"Lagavulin","floor":14.0,"turns":5.0},{"damage":27.0,"enemies":"Hexaghost","floor":16.0,"turns":7.0},{"damage":3.0,"enemies":"Shell Parasite","floor":18.0,"turns":3.0},{"damage":8.0,"enemies":"3 Byrds","floor":21.0,"turns":5.0},{"damage":0.0,"enemies":"Snake Plant","floor":24.0,"turns":2.0},{"damage":0.0,"enemies":"Gremlin Leader","floor":27.0,"turns":2.0},{"damage":0.0,"enemies":"Snecko","floor":30.0,"turns":3.0},{"damage":4.0,"enemies":"Book of Stabbing","floor":31.0,"turns":2.0},{"damage":27.0,"enemies":"Champ","floor":33.0,"turns":8.0},{"damage":0.0,"enemies":"3 Shapes","floor":35.0,"turns":3.0},{"damage":8.0,"enemies":"3 Darklings","floor":36.0,"turns":3.0},{"damage":42.0,"enemies":"Maw","floor":39.0,"turns":6.0},{"damage":3.0,"enemies":"Reptomancer","floor":41.0,"turns":3.0},{"damage":9.0,"enemies":"4 Shapes","floor":46.0,"turns":4.0},{"damage":25.0,"enemies":"Spire Growth","floor":47.0,"turns":3.0},{"damage":59.0,"enemies":"Donu and Deca","floor":50.0,"turns":8.0},{"damage":12,"enemies":"Awakened One","floor":51,"turns":1}],"seed_played":"2506149151493585780","potions_obtained":[{"floor":1.0,"key":"HeartOfIron"},{"floor":4.0,"key":"Energy Potion"},{"floor":5.0,"key":"SpeedPotion"},{"floor":10.0,"key":"Weak Potion"},{"floor":14.0,"key":"DistilledChaos"},{"floor":16.0,"key":"SmokeBomb"},{"floor":18.0,"key":"BlessingOfTheForge"},{"floor":21.0,"key":"Fire Potion"},{"floor":24.0,"key":"SteroidPotion"},{"floor":27.0,"key":"Energy Potion"},{"floor":29.0,"key":"SneckoOil"},{"floor":33.0,"key":"Explosive Potion"}],"is_trial":false,"path_per_floor":["M","$","M","M","M","E","R","M","T","M","R","E","R","E","R","B",null,"M","$","?","M","?","R","M","R","T","E","R","?","M","E","R","B",null,"M","M","$","?","M","R","E","R","T","$","R","M","M","?","R","B","B"],"character_chosen":"IRONCLAD","items_purchased":["Orrery","PreservedInsect","Dark Shackles","DollysMirror","Twin Strike","Shockwave+1"],"campfire_rested":1,"item_purchase_floors":[2,19,19,37,37,44],"current_hp_per_floor":[62,62,64,69,74,58,58,62,62,65,65,71,71,52,52,31,64,67,67,60,58,37,37,43,43,43,49,49,49,55,57,57,36,65,71,69,75,64,28,50,53,53,53,68,68,65,46,61,61,8,0,0],"gold":50,"neow_bonus":"HUNDRED_GOLD","is_daily":false,"chose_seed":false,"campfire_upgraded":11,"win_rate":0.0,"timestamp":1609438448,"path_taken":["M","$","?","M","M","E","R","?","T","M","R","E","R","E","R","BOSS","M","?","?","?","?","R","M","R","T","E","R","?","?","E","R","BOSS","M","M","$","?","M","R","E","R","T","$","R","M","?","?","R","BOSS","BOSS"],"items_purchased_type":["Relic","Relic","Card","Relic","Card","Card"],"build_version":"2020-12-22","purchased_purges":1,"victory":false,"max_hp_per_floor":[75,75,75,75,75,75,75,75,75,75,75,75,75,75,75,75,75,75,75,75,75,75,75,75,75,75,75,75,75,75,75,75,75,75,75,75,75,75,75,75,75,75,75,75,75,75,75,75,75,75,75,75],"relic_stats":{"Sozu":6,"Happy Flower":[24],"counters":[25,96],"Blue Candle":[0],"MealTicket":21,"PreservedInsect":152,"Whetstone":["Strike_R","Clash"],"obtain_stats":[{"Lantern":41,"Happy Flower":9,"Blue Candle":43,"Enchiridion":22,"PreservedInsect":19,"Whetstone":27,"Burning Blood":0,"White Beast Statue":12,"Akabeko":14,"Sozu":34,"Anchor":6,"DollysMirror":37,"Orrery":2,"MealTicket":31,"Toxic Egg 2":26,"Runic Pyramid":17},{"Lantern":21,"Happy Flower":6,"Blue Candle":21,"Enchiridion":12,"PreservedInsect":11,"Whetstone":14,"Burning Blood":0,"White Beast Statue":8,"Akabeko":9,"Sozu":17,"Anchor":5,"DollysMirror":19,"Orrery":1,"MealTicket":16,"Toxic Egg 2":13,"Runic Pyramid":10},{"Lantern":80,"Happy Flower":22,"Blue Candle":80,"Enchiridion":48,"PreservedInsect":43,"Whetstone":52,"Burning Blood":0,"White Beast Statue":28,"Akabeko":33,"Sozu":65,"Anchor":18,"DollysMirror":71,"Orrery":4,"MealTicket":57,"Toxic Egg 2":50,"Runic Pyramid":40}],"Burning Blood":144},"card_choices":[{"not_picked":["True Grit","Combust"],"picked":"Intimidate","floor":1.0},{"not_picked":["Rupture","Heavy Blade"],"picked":"Perfected Strike","floor":2.0},{"not_picked":["Berserk","Hemokinesis"],"picked":"Clash","floor":2.0},{"not_picked":["Entrench","Wild Strike"],"picked":"Burning Pact","floor":2.0},{"not_picked":["Bloodletting","Whirlwind"],"picked":"Twin Strike","floor":2.0},{"not_picked":["Anger","Entrench"],"picked":"Wild Strike","floor":2.0},{"not_picked":["Thunderclap","Blood for Blood"],"picked":"Clothesline","floor":3.0},{"not_picked":["Thunderclap","Cleave"],"picked":"Perfected Strike","floor":4.0},{"not_picked":["Evolve","Dark Embrace","Anger"],"picked":"SKIP","floor":5.0},{"not_picked":["True Grit","Twin Strike"],"picked":"Armaments","floor":6.0},{"not_picked":["Flex","Bludgeon","Sever Soul"],"picked":"SKIP","floor":8.0},{"not_picked":["Sentinel","Spot Weakness"],"picked":"Perfected Strike","floor":10.0},{"not_picked":["Perfected Strike","Flex","Body Slam"],"picked":"SKIP","floor":12.0},{"not_picked":["Clothesline","Iron Wave"],"picked":"Ghostly Armor","floor":14.0},{"not_picked":["Exhume","Offering"],"picked":"Corruption","floor":16.0},{"not_picked":["Havoc","Pummel"],"picked":"Perfected Strike","floor":18.0},{"not_picked":["Headbutt","Hemokinesis"],"picked":"Twin Strike","floor":21.0},{"not_picked":["Cleave","Power Through"],"picked":"Wild Strike+1","floor":24.0},{"not_picked":["Body Slam","Pommel Strike"],"picked":"Bloodletting+1","floor":27.0},{"not_picked":["Barricade","Pommel Strike","Blood for Blood"],"picked":"SKIP","floor":30.0},{"not_picked":["Iron Wave","Fiend Fire"],"picked":"Pommel Strike","floor":31.0},{"not_picked":["Corruption","Juggernaut"],"picked":"Exhume+1","floor":33.0},{"not_picked":["Body Slam+1","Clothesline"],"picked":"Flex+1","floor":35.0},{"not_picked":["Infernal Blade+1","Headbutt"],"picked":"Intimidate+1","floor":36.0},{"not_picked":["Pommel Strike","Heavy Blade+1"],"picked":"Wild Strike+1","floor":39.0},{"not_picked":["Bloodletting+1","Headbutt"],"picked":"Havoc+1","floor":41.0},{"not_picked":["Reaper","Blood for Blood"],"picked":"Pommel Strike","floor":46.0},{"not_picked":["Clothesline+1","Burning Pact+1","Iron Wave"],"picked":"SKIP","floor":47.0}],"player_experience":727152,"relics_obtained":[{"floor":6.0,"key":"Anchor"},{"floor":9.0,"key":"Happy Flower"},{"floor":12.0,"key":"White Beast Statue"},{"floor":14.0,"key":"Akabeko"},{"floor":22.0,"key":"Enchiridion"},{"floor":26.0,"key":"Toxic Egg 2"},{"floor":27.0,"key":"Whetstone"},{"floor":31.0,"key":"MealTicket"},{"floor":41.0,"key":"Lantern"},{"floor":43.0,"key":"Blue Candle"}],"event_choices":[{"damage_healed":0.0,"max_hp_gain":0.0,"max_hp_loss":0.0,"gold_gain":50.0,"event_name":"FaceTrader","player_choice":"Touch","floor":20.0,"gold_loss":0.0,"damage_taken":7.0},{"damage_healed":0.0,"max_hp_gain":0.0,"max_hp_loss":0.0,"gold_gain":0.0,"event_name":"Cursed Tome","player_choice":"Obtained Book","floor":22.0,"gold_loss":0.0,"damage_taken":21.0},{"damage_healed":0.0,"max_hp_gain":0.0,"max_hp_loss":0.0,"gold_gain":0.0,"event_name":"The Woman in Blue","player_choice":"Bought 1 Potion","floor":29.0,"gold_loss":0.0,"damage_taken":0.0},{"damage_healed":0.0,"max_hp_gain":0.0,"max_hp_loss":0.0,"gold_gain":0.0,"event_name":"Wheel of Change","player_choice":"Damaged","floor":38.0,"gold_loss":0.0,"damage_taken":11.0},{"damage_healed":15.0,"max_hp_gain":0.0,"max_hp_loss":0.0,"gold_gain":0.0,"event_name":"Winding Halls","player_choice":"Writhe","floor":48.0,"gold_loss":0.0,"damage_taken":0.0,"cards_obtained":["Writhe"]}],"is_beta":false,"boss_relics":[{"not_picked":["Fusion Hammer","SacredBark"],"picked":"Runic Pyramid"},{"not_picked":["Pandora\u0027s Box","Snecko Eye"],"picked":"Sozu"}],"items_purged_floors":[19],"is_endless":false,"potions_floor_spawned":[1,4,5,10,14,16,18,21,24,27,30,31,33,35,36,39,41,46,47],"killed_by":"Awakened One","ascension_level":20}}