{"host":"ci7ivtocgfxh0ueo","time":1609389846,"event":{"mods":["BaseMod","GifTheSpireLib","Minty Spire (QoL Compilation)","StSLib"],"gold_per_floor":[112,112,126,38,54,54,54,54,54,54,68,1,1,21,21,100,100,110,142,142,162,162,162,195,215,215,227,227,237,8,25,25,25,25],"floor_reached":33,"playtime":686,"items_purged":[],"score":522,"play_id":"e7edbc22-7a09-4ebe-9687-905ebbd97ac0","local_time":"20201231124406","is_ascension_mode":true,"campfire_choices":[{"data":"Spot Weakness","floor":6,"key":"SMITH"},{"data":"Shockwave","floor":8,"key":"SMITH"},{"data":"Pummel","floor":10,"key":"SMITH"},{"data":"Infernal Blade","floor":15,"key":"SMITH"},{"floor":23,"key":"REST"},{"floor":28,"key":"REST"},{"data":"Armaments","floor":32,"key":"SMITH"}],"circlet_count":0,"master_deck":["AscendersBane","Strike_R","Strike_R","Strike_R","Strike_R","Defend_R","Defend_R","Bash+1","Pommel Strike+1","Second Wind+1","Intimidate+1","Pummel","Shockwave+1","Spot Weakness+1","Pummel+1","Infernal Blade+1","Parasite","Inflame","Immolate","Cleave","Infernal Blade","Feel No Pain","Clash","Armaments+1","Immolate","Shockwave"],"relics":["Astrolabe","Pen Nib","SacredBark","Red Mask","Orichalcum","Centennial Puzzle","Membership Card"],"acts_visited":["Exordium","TheCity"],"potions_floor_usage":[11,16,18,19,24,24,25,27,31],"damage_taken":[{"damage":4,"enemies":"2 Louse","floor":1,"turns":3},{"damage":4,"enemies":"Cultist","floor":3,"turns":4},{"damage":2,"enemies":"Small Slimes","floor":5,"turns":3},{"damage":12,"enemies":"3 Louse","floor":11,"turns":3},{"damage":16,"enemies":"Exordium Thugs","floor":14,"turns":4},{"damage":20,"enemies":"The Guardian","floor":16,"turns":6},{"damage":0,"enemies":"3 Byrds","floor":18,"turns":3},{"damage":8,"enemies":"Masked Bandits","floor":19,"turns":2},{"damage":11,"enemies":"Spheric Guardian","floor":21,"turns":3},{"damage":2,"enemies":"Gremlin Leader","floor":24,"turns":2},{"damage":51,"enemies":"Snake Plant","floor":25,"turns":7},{"damage":2,"enemies":"Cultist and Chosen","floor":27,"turns":4},{"damage":13,"enemies":"Snecko","floor":29,"turns":3},{"damage":25,"enemies":"Snake Plant","floor":31,"turns":3},{"damage":55,"enemies":"Collector","floor":33,"turns":8}],"seed_played":"7209431851722322488","potions_obtained":[{"floor":1,"key":"Block Potion"},{"floor":11,"key":"DistilledChaos"},{"floor":14,"key":"Fire Potion"},{"floor":18,"key":"PowerPotion"},{"floor":24,"key":"EssenceOfSteel"},{"floor":25,"key":"BloodPotion"}],"is_trial":false,"path_per_floor":["M","?","M","$","M","R","?","R","T","R","M","?","?","M","R","B",null,"M","?","?","M","?","R","E","M","T","M","R","M","$","M","R","B"],"character_chosen":"IRONCLAD","items_purchased":["Spot Weakness","Membership Card","BloodPotion","SteroidPotion"],"campfire_rested":2,"item_purchase_floors":[4,30,30,30],"current_hp_per_floor":[64,64,60,60,58,58,58,58,58,58,46,46,64,48,48,28,63,63,55,70,59,40,62,60,9,9,37,59,46,46,51,51,0,0],"gold":25,"neow_bonus":"BOSS_RELIC","is_daily":false,"chose_seed":false,"campfire_upgraded":5,"win_rate":0.0,"timestamp":1609389846,"path_taken":["M","?","M","$","?","R","?","R","T","R","M","?","?","?","R","BOSS","M","?","?","M","?","R","E","M","T","M","R","?","?","M","R","BOSS"],"items_purchased_type":["Card","Relic","Potion","Potion"],"build_version":"2020-12-22","purchased_purges":0,"victory":false,"max_hp_per_floor":[75,75,75,75,75,75,75,75,75,75,75,75,75,75,75,75,75,75,75,75,75,75,75,75,75,75,75,75,75,75,75,75,75,75],"card_choices":[{"not_picked":["Clothesline","Havoc"],"picked":"Pummel","floor":1},{"not_picked":["Metallicize","Wild Strike"],"picked":"Shockwave","floor":3},{"not_picked":["Shrug It Off","Battle Trance"],"picked":"Pummel","floor":5},{"not_picked":["Iron Wave","Havoc"],"picked":"Infernal Blade","floor":11},{"not_picked":["Dark Embrace","True Grit"],"picked":"Inflame","floor":14},{"not_picked":["Fiend Fire","Corruption"],"picked":"Immolate","floor":16},{"not_picked":["Havoc+1","Bloodletting"],"picked":"Cleave","floor":18},{"not_picked":["Entrench","Thunderclap"],"picked":"Infernal Blade","floor":19},{"not_picked":["Wild Strike","Power Through"],"picked":"Feel No Pain","floor":21},{"not_picked":["Shrug It Off","Thunderclap"],"picked":"Clash","floor":24},{"not_picked":["Anger","Reckless Charge","Dark Embrace"],"picked":"SKIP","floor":25},{"not_picked":["Pommel Strike","Body Slam"],"picked":"Armaments","floor":27},{"not_picked":["Havoc","Iron Wave"],"picked":"Immolate","floor":29},{"not_picked":["Pommel Strike","Fire Breathing"],"picked":"Shockwave","floor":31}],"player_experience":1318451,"relics_obtained":[{"floor":9,"key":"Pen Nib"},{"floor":19,"key":"Red Mask"},{"floor":24,"key":"Orichalcum"},{"floor":26,"key":"Centennial Puzzle"}],"event_choices":[{"damage_healed":0,"gold_gain":0,"player_choice":"Upgraded","damage_taken":0,"max_hp_gain":0,"max_hp_loss":0,"event_name":"Upgrade Shrine","floor":2,"gold_loss":0,"cards_upgraded":["Bash"]},{"damage_healed":0,"gold_gain":0,"player_choice":"Ignored","damage_taken":0,"max_hp_gain":0,"max_hp_loss":0,"event_name":"Golden Idol","floor":7,"gold_loss":0},{"damage_healed":0,"gold_gain":0,"player_choice":"Left Gold","damage_taken":0,"max_hp_gain":0,"max_hp_loss":0,"event_name":"World of Goop","floor":12,"gold_loss":67},{"damage_healed":18,"gold_gain":0,"player_choice":"Healed and dodged fight","damage_taken":0,"max_hp_gain":0,"max_hp_loss":0,"event_name":"Mushrooms","floor":13,"gold_loss":0,"cards_obtained":["Parasite"]},{"damage_healed":0,"gold_gain":0,"player_choice":"Fought Bandits","damage_taken":0,"max_hp_gain":0,"max_hp_loss":0,"event_name":"Masked Bandits","floor":19,"gold_loss":0},{"damage_healed":15,"gold_gain":0,"player_choice":"Heal","damage_taken":0,"max_hp_gain":0,"max_hp_loss":0,"event_name":"The Library","floor":20,"gold_loss":0},{"damage_healed":0,"gold_gain":0,"player_choice":"POTION POTION ","damage_taken":19,"max_hp_gain":0,"max_hp_loss":0,"event_name":"Knowing Skull","floor":22,"potions_obtained":["Strength Potion","DistilledChaos"],"gold_loss":0,"cards_obtained":[]}],"is_beta":false,"boss_relics":[{"not_picked":["Sozu","Velvet Choker"],"picked":"SacredBark"}],"items_purged_floors":[],"is_endless":false,"potions_floor_spawned":[1,11,14,18,24,25],"killed_by":"Collector","ascension_level":17}}