{"host":"baiuyraednrljtmn","time":1609409113,"event":{"mods":["BaseMod","Colored Map","Colored Powertips","DeckTracker","Keyboard Shortcuts","Minty Spire (QoL Compilation)","Relic Stats","StSLib","SuperFastMode","everything is the same but u backflip on backflip"],"gold_per_floor":[109,135,4,154,167,195,195,211,211,244,258,34,60,60,60,60,60],"floor_reached":16,"playtime":15510,"items_purged":["Strike_R","Doubt"],"score":286,"play_id":"1b74a688-abbc-401d-a868-f86ada9b31fe","local_time":"20201231190513","is_ascension_mode":true,"campfire_choices":[{"data":"Evolve","floor":7.0,"key":"SMITH"},{"data":"Hemokinesis","floor":15,"key":"SMITH"}],"circlet_count":0,"master_deck":["AscendersBane","Strike_R","Strike_R","Strike_R","Strike_R","Defend_R","Defend_R","Defend_R","Defend_R","Bash","Shrug It Off","Wild Strike","Evolve+1","Reckless Charge","Perfected Strike","Dark Embrace","Hemokinesis+1","Rupture"],"relics":["Burning Blood","NeowsBlessing","Happy Flower","Prayer Wheel","Gremlin Horn","Boot","Pen Nib"],"acts_visited":["Exordium"],"potions_floor_usage":[13],"damage_taken":[{"damage":0.0,"enemies":"Cultist","floor":1.0,"turns":1.0},{"damage":0.0,"enemies":"2 Louse","floor":5.0,"turns":1.0},{"damage":0.0,"enemies":"Gremlin Nob","floor":6.0,"turns":1.0},{"damage":12.0,"enemies":"Jaw Worm","floor":8.0,"turns":3.0},{"damage":39,"enemies":"3 Sentries","floor":10,"turns":10},{"damage":3,"enemies":"Large Slime","floor":11,"turns":5},{"damage":26,"enemies":"Lagavulin","floor":13,"turns":7},{"damage":40,"enemies":"Slime Boss","floor":16,"turns":3}],"seed_played":"-1537287030379595890","potions_obtained":[{"floor":1.0,"key":"SpeedPotion"},{"floor":10,"key":"SpeedPotion"},{"floor":11,"key":"Dexterity Potion"}],"is_trial":false,"path_per_floor":["M","T","$","?","M","E","R","M","T","E","M","$","E","$","R","B"],"character_chosen":"IRONCLAD","items_purchased":["Wild Strike","Hemokinesis","Rupture"],"campfire_rested":0,"item_purchase_floors":[3,12,12],"current_hp_per_floor":[74,74,74,74,75,75,75,69,69,36,39,39,19,19,19,0,0],"gold":60,"neow_bonus":"THREE_ENEMY_KILL","is_daily":false,"chose_seed":false,"campfire_upgraded":2,"win_rate":0.0,"timestamp":1609409113,"path_taken":["M","?","$","?","M","E","R","M","T","E","M","$","E","?","R","BOSS"],"items_purchased_type":["Card","Card","Card"],"build_version":"2020-12-22","purchased_purges":2,"victory":false,"max_hp_per_floor":[75,75,75,75,75,75,75,75,75,75,75,75,75,75,75,75,75],"relic_stats":{"Happy Flower":[10],"Gremlin Horn":[3,3],"counters":[8,31],"Prayer Wheel":2,"Pen Nib":[0],"Boot":[0],"obtain_stats":[{"NeowsBlessing":0,"Happy Flower":2,"Gremlin Horn":9,"Prayer Wheel":6,"Pen Nib":13,"Boot":10,"Burning Blood":0},{"NeowsBlessing":0,"Happy Flower":1,"Gremlin Horn":4,"Prayer Wheel":3,"Pen Nib":7,"Boot":5,"Burning Blood":0},{"NeowsBlessing":0,"Happy Flower":1,"Gremlin Horn":6,"Prayer Wheel":3,"Pen Nib":28,"Boot":16,"Burning Blood":0}],"Burning Blood":31},"card_choices":[{"not_picked":["Disarm","Battle Trance"],"picked":"Shrug It Off","floor":1.0},{"not_picked":["Flex","Pummel"],"picked":"Evolve","floor":5.0},{"not_picked":["Thunderclap","Berserk","Disarm"],"picked":"SKIP","floor":6.0},{"not_picked":["Anger","Flex"],"picked":"Reckless Charge","floor":8.0},{"not_picked":["Thunderclap","Pummel","Metallicize"],"picked":"SKIP","floor":8.0},{"not_picked":["Heavy Blade","Twin Strike"],"picked":"Perfected Strike","floor":10},{"not_picked":["Wild Strike","Reckless Charge"],"picked":"Dark Embrace","floor":11},{"not_picked":["Brutality","Dark Embrace","Whirlwind"],"picked":"SKIP","floor":11},{"not_picked":["Sever Soul","Clash","Inflame"],"picked":"SKIP","floor":13}],"player_experience":1380960,"relics_obtained":[{"floor":2.0,"key":"Happy Flower"},{"floor":6.0,"key":"Prayer Wheel"},{"floor":9.0,"key":"Gremlin Horn"},{"floor":10,"key":"Boot"},{"floor":13,"key":"Pen Nib"}],"event_choices":[{"damage_healed":0.0,"max_hp_gain":0.0,"max_hp_loss":0.0,"gold_gain":150.0,"event_name":"Liars Game","player_choice":"AGREE","floor":4.0,"gold_loss":0.0,"damage_taken":0.0,"cards_obtained":["Doubt"]}],"is_beta":false,"boss_relics":[],"items_purged_floors":[3,12],"is_endless":false,"potions_floor_spawned":[1,10,11],"killed_by":"Slime Boss","ascension_level":20}}