{"host":"wqsqub3crsxqknzv","time":1609455438,"event":{"mods":["BaseMod","Better Third Choice","Colored Powertips","Conspire","Hubris","Infinite Spire","Jedi Mod","Minty Spire (QoL Compilation)","Replay The Spire","StSLib"],"gold_per_floor":[17,0,31,42,54,89,89,44,98,48,48,72,90,90,90,195,195,212,137,155,155,105,105,120,20,20,20,20,35,63,63,63,63,63],"floor_reached":33,"playtime":819,"items_purged":["Strike_R","Strike_R"],"score":286,"play_id":"5293f6fe-86f9-4cff-9f4c-598eca3ebc2f","local_time":"20210101005718","is_ascension_mode":false,"campfire_choices":[{"floor":7,"key":"REST"},{"data":"Iron Wave","floor":15,"key":"SMITH"},{"data":"Demon Form","floor":23,"key":"SMITH"},{"data":"Iron Wave","floor":27,"key":"SMITH"},{"floor":32,"key":"REST"}],"circlet_count":0,"master_deck":["Strike_R+1","Strike_R+1","Defend_R","Defend_R","Defend_R","Defend_R","Bash","Iron Wave+1","Cleave","Replay:Undeath\u0027s Touch","Iron Wave+1","Massacre+1","Demon Form+1","Sword Boomerang+1","Twin Strike+1","hubris:InfiniteBlow+2","ReplayTheSpireMod:Muscle Training+1"],"relics":["Burning Blood","betterThird:SlimedRelic","Regal Pillow","infinitespire:Beetle Shell","infinitespire:Lucky Rock","Whetstone","conspire:SpecialSausage","betterThird:NestCultRelic","Paper Frog","Strange Spoon","Self Forming Clay"],"acts_visited":["Exordium","TheCity"],"potions_floor_usage":[6,16,29,29,30,33],"damage_taken":[{"damage":3,"enemies":"Jaw Worm","floor":1,"turns":4},{"damage":39,"enemies":"conspire:MimicChest","floor":3,"turns":8},{"damage":0,"enemies":"conspire:RoseBush","floor":4,"turns":3},{"damage":0,"enemies":"Small Slimes","floor":5,"turns":3},{"damage":44,"enemies":"Lagavulin","floor":6,"turns":6},{"damage":3,"enemies":"conspire:2 RoseBushes","floor":13,"turns":6},{"damage":57,"enemies":"Hexaghost","floor":16,"turns":16},{"damage":4,"enemies":"2 Thieves","floor":18,"turns":4},{"damage":20,"enemies":"Spheric Guardian","floor":20,"turns":4},{"damage":29,"enemies":"Snecko","floor":24,"turns":5},{"damage":16,"enemies":"Shelled Parasite and Fungi","floor":29,"turns":4},{"damage":26,"enemies":"Nightmare","floor":30,"turns":7},{"damage":76,"enemies":"Automaton","floor":33,"turns":8}],"seed_played":"-4921644359357216487","potions_obtained":[{"floor":1,"key":"jedi:tentaclejuice"},{"floor":5,"key":"Energy Potion"},{"floor":6,"key":"Swift Potion"},{"floor":13,"key":"Fire Potion"},{"floor":20,"key":"EssenceOfSteel"},{"floor":30,"key":"jedi:StrikingPotion"}],"is_trial":false,"path_per_floor":["M","?","?","M","M","E","R","$","T","?","$","T","M","?","R","B",null,"M","$","M","?","?","R","M","$","T","R","AVR","M","NM","$","R","B"],"character_chosen":"IRONCLAD","items_purchased":["Iron Wave"],"campfire_rested":2,"item_purchase_floors":[8],"current_hp_per_floor":[96,85,52,58,64,26,69,69,69,69,69,69,72,72,72,21,96,96,96,82,82,82,82,59,59,59,59,59,49,29,29,72,0,0],"gold":63,"neow_bonus":"TWENTY_PERCENT_HP_BONUS","is_daily":false,"chose_seed":false,"campfire_upgraded":3,"win_rate":0.0,"timestamp":1609455438,"path_taken":["M","?","?","?","M","E","R","$","T","?","$","?","M","?","R","BOSS","M","$","M","?","?","R","?","?","T","R","AVR","M","NM","$","R","BOSS"],"items_purchased_type":["Card"],"build_version":"2020-11-29","purchased_purges":2,"victory":false,"max_hp_per_floor":[96,96,96,96,96,96,96,96,96,96,96,96,96,96,96,96,96,96,96,96,96,96,96,96,96,96,96,96,96,96,96,96,96,96],"card_choices":[{"not_picked":["Clothesline","Clash"],"picked":"Iron Wave","floor":1},{"not_picked":["Headbutt","Rupture"],"picked":"Cleave","floor":3},{"not_picked":["Flex","conspire:ExplosiveBarrier","Pommel Strike"],"picked":"SKIP","floor":4},{"not_picked":["Twin Strike","Armaments"],"picked":"Replay:Undeath\u0027s Touch","floor":5},{"not_picked":["hubris:CleavingFinish","Thunderclap","Iron Wave"],"picked":"SKIP","floor":6},{"not_picked":["hubris:ReadiedAction","Rampage"],"picked":"Massacre","floor":13},{"not_picked":["jedi:bloodyhammer","Brutality"],"picked":"Demon Form","floor":16},{"not_picked":["jedi:MakeshiftSword+1","Power Through","Flex"],"picked":"SKIP","floor":18},{"not_picked":["Flame Barrier+1","Dark Embrace+1"],"picked":"Sword Boomerang+1","floor":20},{"not_picked":["Run Through+1","Sword Boomerang+1"],"picked":"Twin Strike+1","floor":24},{"not_picked":["conspire:Charge","Twin Strike+1","Cleave"],"picked":"SKIP","floor":29},{"not_picked":["Rage","Armaments"],"picked":"ReplayTheSpireMod:Muscle Training+1","floor":30}],"player_experience":7170,"relics_obtained":[{"floor":3,"key":"Regal Pillow"},{"floor":6,"key":"infinitespire:Beetle Shell"},{"floor":9,"key":"infinitespire:Lucky Rock"},{"floor":12,"key":"Whetstone"},{"floor":26,"key":"Paper Frog"},{"floor":30,"key":"Self Forming Clay"}],"event_choices":[{"damage_healed":0,"gold_gain":0,"player_choice":"Slimed","damage_taken":11,"max_hp_gain":0,"max_hp_loss":0,"event_name":"betterThird:BetterGoop","floor":2,"gold_loss":17},{"cards_removed":["Strike_R"],"damage_healed":0,"gold_gain":0,"player_choice":"Card Removal","damage_taken":0,"max_hp_gain":0,"max_hp_loss":0,"event_name":"The Cleric","floor":10,"gold_loss":50},{"damage_healed":0,"gold_gain":0,"player_choice":"Madness","damage_taken":0,"relics_obtained":["betterThird:NestCultRelic"],"max_hp_gain":0,"max_hp_loss":0,"event_name":"betterThird:BetterNest","floor":21,"gold_loss":0},{"damage_healed":0,"gold_gain":0,"player_choice":"Bet on Murderer","damage_taken":0,"max_hp_gain":0,"max_hp_loss":0,"event_name":"The Joust","floor":22,"gold_loss":50}],"is_beta":false,"boss_relics":[{"not_picked":["conspire:RunicOctahedron","SacredBark"],"picked":"conspire:SpecialSausage"}],"items_purged_floors":[19,25],"is_endless":true,"potions_floor_spawned":[1,5,6,13,20,24,30],"killed_by":"Automaton","ascension_level":0}}