{"host":"0nndazl0keusavit","time":1609434494,"event":{"mods":["AchievementEnabler","BaseMod","Colored Map","Curses Come First","Highlight Path","Minty Spire (QoL Compilation)","Relic Stats","StSLib"],"gold_per_floor":[119,44,44,63,83,83,33,33,60,60,71,100,0,11,11,110,110,124,124,124,124,33,33,59,59,137,12,26,26,53,72,72,169,169,179,189,201,221,238,271,271,121,146,163,78,113,127,140,140,140],"floor_reached":51,"playtime":2329,"items_purged":["Strike_R","Defend_R","Strike_R","Flex+1"],"score":997,"play_id":"abd94651-5fd9-4e70-aaed-c2e1fa25966d","local_time":"20201231130814","is_ascension_mode":false,"campfire_choices":[{"data":"Bash","floor":6.0,"key":"SMITH"},{"data":"Strike_R","floor":8.0,"key":"SMITH"},{"data":"Dropkick","floor":15.0,"key":"SMITH"},{"floor":23.0,"key":"REST"},{"data":"Flash of Steel","floor":32,"key":"SMITH"},{"floor":41,"key":"REST"},{"data":"Finesse","floor":49,"key":"SMITH"}],"circlet_count":0,"master_deck":["Bash+1","Dropkick+1","Flash of Steel+1","Shockwave","Finesse+1"],"relics":["Black Blood","Anchor","Strawberry","Nilry\u0027s Codex","Frozen Egg 2","Question Card","Ice Cream","Empty Cage","Blood Vial","Omamori","Dream Catcher"],"acts_visited":["Exordium","TheCity","TheBeyond"],"potions_floor_usage":[35,39,50,50,50],"damage_taken":[{"damage":0.0,"enemies":"2 Louse","floor":1.0,"turns":2.0},{"damage":0.0,"enemies":"Small Slimes","floor":4.0,"turns":3.0},{"damage":6.0,"enemies":"Jaw Worm","floor":5.0,"turns":3.0},{"damage":3.0,"enemies":"Exordium Wildlife","floor":11.0,"turns":4.0},{"damage":31.0,"enemies":"Lagavulin","floor":12.0,"turns":4.0},{"damage":0.0,"enemies":"Large Slime","floor":14.0,"turns":5.0},{"damage":20.0,"enemies":"Slime Boss","floor":16.0,"turns":10.0},{"damage":19.0,"enemies":"3 Byrds","floor":18.0,"turns":6.0},{"damage":41,"enemies":"Book of Stabbing","floor":24,"turns":4},{"damage":0,"enemies":"Chosen","floor":28,"turns":1},{"damage":0,"enemies":"Gremlin Leader","floor":30,"turns":2},{"damage":0,"enemies":"Shelled Parasite and Fungi","floor":31,"turns":2},{"damage":42,"enemies":"Automaton","floor":33,"turns":5},{"damage":25,"enemies":"3 Shapes","floor":35,"turns":3},{"damage":41,"enemies":"3 Darklings","floor":36,"turns":6},{"damage":0,"enemies":"Writhing Mass","floor":37,"turns":2},{"damage":4,"enemies":"Jaw Worm Horde","floor":38,"turns":3},{"damage":45,"enemies":"4 Shapes","floor":39,"turns":13},{"damage":0,"enemies":"Reptomancer","floor":40,"turns":1},{"damage":0,"enemies":"Writhing Mass","floor":44,"turns":1},{"damage":0,"enemies":"Giant Head","floor":46,"turns":1},{"damage":0,"enemies":"Jaw Worm Horde","floor":47,"turns":1},{"damage":0,"enemies":"4 Shapes","floor":48,"turns":1},{"damage":36,"enemies":"Donu and Deca","floor":50,"turns":6}],"seed_played":"-4661556377532367472","potions_obtained":[{"floor":4.0,"key":"AttackPotion"},{"floor":14.0,"key":"Dexterity Potion"},{"floor":16.0,"key":"Ancient Potion"},{"floor":24,"key":"Block Potion"},{"floor":36,"key":"Fire Potion"},{"floor":39,"key":"Strength Potion"}],"is_trial":false,"path_per_floor":["M","$","?","M","M","R","?","R","T","?","M","E","$","M","R","B",null,"M","?","?","?","$","R","E","?","T","$","M","?","E","M","R","B",null,"M","M","M","M","M","E","R","$","T","M","$","E","M","M","R","B",null],"character_chosen":"IRONCLAD","items_purchased":["Flash of Steel","Finesse"],"campfire_rested":2,"item_purchase_floors":[22,45],"current_hp_per_floor":[80,80,80,80,80,80,80,80,80,80,80,62,62,68,68,54,87,80,63,63,47,47,74,45,45,45,45,57,57,69,81,81,51,92,79,50,62,70,37,49,76,76,76,90,90,92,92,92,92,68],"gold":140,"neow_bonus":"REMOVE_CARD","is_daily":false,"chose_seed":false,"campfire_upgraded":5,"win_rate":0.0,"timestamp":1609434494,"path_taken":["M","$","?","M","M","R","?","R","T","?","M","E","$","M","R","BOSS","M","?","?","?","$","R","E","?","T","?","M","?","E","M","R","BOSS","M","M","M","M","M","E","R","$","T","M","$","E","M","M","R","BOSS"],"items_purchased_type":["Card","Card"],"build_version":"2020-12-22","purchased_purges":4,"victory":true,"max_hp_per_floor":[80,80,80,80,80,80,80,80,80,80,80,87,87,87,87,87,87,87,92,92,92,92,92,92,92,92,92,92,92,92,92,92,92,92,92,92,92,92,92,92,92,92,92,92,92,92,92,92,92,92],"relic_stats":{"Blood Vial":4,"Dream Catcher":0,"counters":[24,89],"Black Blood":195,"Question Card":14,"obtain_stats":[{"Ice Cream":30,"Blood Vial":40,"Anchor":9,"Dream Catcher":46,"Nilry\u0027s Codex":21,"Strawberry":12,"Black Blood":17,"Omamori":43,"Frozen Egg 2":24,"Question Card":26,"Empty Cage":34,"Burning Blood":0},{"Ice Cream":11,"Blood Vial":19,"Anchor":3,"Dream Catcher":21,"Nilry\u0027s Codex":8,"Strawberry":5,"Black Blood":7,"Omamori":19,"Frozen Egg 2":9,"Question Card":9,"Empty Cage":13,"Burning Blood":0},{"Ice Cream":44,"Blood Vial":79,"Anchor":8,"Dream Catcher":81,"Nilry\u0027s Codex":37,"Strawberry":16,"Black Blood":31,"Omamori":79,"Frozen Egg 2":41,"Question Card":41,"Empty Cage":51,"Burning Blood":0}]},"card_choices":[{"not_picked":["Warcry","Cleave","Bloodletting"],"picked":"SKIP","floor":1.0},{"not_picked":["Carnage","Ghostly Armor","Cleave"],"picked":"SKIP","floor":4.0},{"not_picked":["Wild Strike","Flex","Iron Wave"],"picked":"SKIP","floor":5.0},{"not_picked":["Flex","Burning Pact","True Grit"],"picked":"SKIP","floor":11.0},{"not_picked":["Sever Soul","Entrench"],"picked":"Dropkick","floor":12.0},{"not_picked":["Iron Wave","Fire Breathing","Perfected Strike"],"picked":"SKIP","floor":14.0},{"not_picked":["Burning Pact","Intimidate","Entrench+1"],"picked":"SKIP","floor":18.0},{"not_picked":["Flex","Havoc","Warcry+1"],"picked":"SKIP","floor":24},{"not_picked":["Armaments+1","Clothesline","Flame Barrier+1","Warcry"],"picked":"SKIP","floor":28},{"not_picked":["Wild Strike+1","Rupture+1","Bludgeon","Body Slam"],"picked":"SKIP","floor":30},{"not_picked":["Intimidate","Pummel","Armaments","Shrug It Off+1"],"picked":"SKIP","floor":31},{"not_picked":["Thunderclap","Pummel","Sword Boomerang","Body Slam+1"],"picked":"SKIP","floor":35},{"not_picked":["Heavy Blade+1","Flame Barrier+1","Clash+1"],"picked":"Flex+1","floor":36},{"not_picked":["Burning Pact+1","Body Slam+1","True Grit+1","Wild Strike"],"picked":"SKIP","floor":37},{"not_picked":["Entrench","Clothesline","Anger","Warcry+1"],"picked":"SKIP","floor":38},{"not_picked":["Flame Barrier","Rupture+1","Twin Strike"],"picked":"Shockwave","floor":39},{"not_picked":["Body Slam+1","Immolate","Metallicize+1","Blood for Blood+1"],"picked":"SKIP","floor":40},{"not_picked":["Intimidate","Wild Strike+1","Thunderclap","Pommel Strike"],"picked":"SKIP","floor":44},{"not_picked":["Thunderclap","Anger","Heavy Blade","Twin Strike+1"],"picked":"SKIP","floor":46},{"not_picked":["Perfected Strike+1","Warcry","Heavy Blade","Corruption+1"],"picked":"SKIP","floor":47},{"not_picked":["Sword Boomerang+1","Spot Weakness+1","Evolve+1","Body Slam+1"],"picked":"SKIP","floor":48}],"player_experience":865577,"relics_obtained":[{"floor":9.0,"key":"Anchor"},{"floor":12.0,"key":"Strawberry"},{"floor":21.0,"key":"Nilry\u0027s Codex"},{"floor":24,"key":"Frozen Egg 2"},{"floor":26,"key":"Question Card"},{"floor":30,"key":"Ice Cream"},{"floor":40,"key":"Blood Vial"},{"floor":43,"key":"Omamori"},{"floor":46,"key":"Dream Catcher"}],"event_choices":[{"damage_healed":0.0,"max_hp_gain":0.0,"max_hp_loss":0.0,"gold_gain":0.0,"event_name":"Liars Game","player_choice":"Ignored","floor":3.0,"gold_loss":0.0,"damage_taken":0.0},{"cards_removed":["Strike_R"],"damage_healed":0.0,"max_hp_gain":0.0,"max_hp_loss":0.0,"gold_gain":0.0,"event_name":"The Cleric","player_choice":"Card Removal","floor":7.0,"gold_loss":50.0,"damage_taken":0.0},{"cards_removed":["Strike_R"],"damage_healed":0.0,"max_hp_gain":0.0,"max_hp_loss":0.0,"gold_gain":0.0,"event_name":"Living Wall","player_choice":"Forget","floor":10.0,"gold_loss":0.0,"damage_taken":0.0},{"damage_healed":0.0,"max_hp_gain":5.0,"max_hp_loss":0.0,"gold_gain":0.0,"event_name":"Forgotten Altar","player_choice":"Shed Blood","floor":19.0,"gold_loss":0.0,"damage_taken":22.0},{"cards_removed":["Defend_R"],"damage_healed":0.0,"max_hp_gain":0.0,"max_hp_loss":0.0,"gold_gain":0.0,"event_name":"Back to Basics","player_choice":"Elegance","floor":20.0,"gold_loss":0.0,"damage_taken":0.0},{"damage_healed":0.0,"max_hp_gain":0.0,"max_hp_loss":0.0,"gold_gain":0.0,"event_name":"Cursed Tome","player_choice":"Obtained Book","floor":21.0,"gold_loss":0.0,"damage_taken":16.0},{"damage_healed":0,"gold_gain":0,"player_choice":"Ignored","damage_taken":0,"max_hp_gain":0,"max_hp_loss":0,"event_name":"Vampires","floor":29,"gold_loss":0}],"is_beta":false,"boss_relics":[{"not_picked":["Philosopher\u0027s Stone","Astrolabe"],"picked":"Black Blood"},{"not_picked":["Runic Pyramid","Velvet Choker"],"picked":"Empty Cage"}],"items_purged_floors":[2,13,27,42],"is_endless":false,"potions_floor_spawned":[4,14,16,24,30,36,39,44,47],"ascension_level":0}}