{"host":"p08oqmr389b4tgxi","time":1609429872,"event":{"mods":["Act Like it!","Arknights The Spire","BaseMod","Colored Powertips","Friendly Minions","Gensokyo","Hermit","Minty Spire (QoL Compilation)","Pale of the Ancients","Relic Stats","StSLib","The Alterego","The Marked","UnlockEverythingMod","Yakumo Yukari mod"],"gold_per_floor":[110,126,126,51,51,63,63,63,89,164,17,17,17,28,28,128,128,96,96,111,111,111],"floor_reached":21,"playtime":907,"items_purged":["ats:Strike C"],"score":167,"play_id":"e3b4a5f5-5b08-4e75-b315-fbbd6be7b3a8","local_time":"20201231235112","is_ascension_mode":false,"campfire_choices":[{"data":"ats:Armor Crushing Shot","floor":7.0,"key":"SMITH"},{"data":"ats:Hammer On","floor":12,"key":"SMITH"},{"data":"ats:Calcification","floor":15,"key":"SMITH"}],"circlet_count":0,"master_deck":["ats:Strike S+1","ats:Strike V","ats:Armor Crushing Shot+1","ats:Defend","ats:Defend","ats:Defend+1","ats:Defend","ats:Emotion Absorption","ats:Hammer On+1","ats:Spore Proliferation","ats:Calcification+1","ats:Very Hot Blade","ats:Disruption Kick","ats:Healing Drone"],"relics":["ats:Sanity","Nunchaku","Ornamental Fan","Juzu Bracelet","SacredBark"],"acts_visited":["Exordium","TheCity"],"potions_floor_usage":[],"damage_taken":[{"damage":8.0,"enemies":"Cultist","floor":1.0,"turns":5.0},{"damage":0.0,"enemies":"Small Slimes","floor":2.0,"turns":4.0},{"damage":5.0,"enemies":"Jaw Worm","floor":6.0,"turns":3.0},{"damage":3,"enemies":"Exordium Wildlife","floor":14,"turns":4},{"damage":33,"enemies":"The Guardian","floor":16,"turns":19},{"damage":34,"enemies":"2 Thieves","floor":18,"turns":5},{"damage":47,"enemies":"Spheric Guardian","floor":20,"turns":8}],"seed_played":"5430888770282914524","potions_obtained":[{"floor":1.0,"key":"ats:Emergency Sanity Potion"},{"floor":16,"key":"Dexterity Potion"},{"floor":18,"key":"FearPotion"}],"is_trial":false,"path_per_floor":["M","M","?","$","T","M","R","?","T","?","$","R","?","M","R","B",null,"M","?","M","?"],"character_chosen":"DOCTOR_CLASS","items_purchased":["ats:Calcification","ats:Very Hot Blade"],"campfire_rested":0,"item_purchase_floors":[11,11],"current_hp_per_floor":[64,64,50,50,50,45,45,45,45,38,38,38,38,37,37,11,72,40,40,13,0,0],"gold":111,"neow_bonus":"RANDOM_COMMON_RELIC","is_daily":false,"chose_seed":false,"campfire_upgraded":3,"win_rate":0.0,"timestamp":1609429872,"path_taken":["M","?","?","?","?","M","R","?","T","?","?","R","?","M","R","BOSS","M","?","M","?"],"items_purchased_type":["Card","Card"],"build_version":"2020-12-22","purchased_purges":1,"victory":false,"max_hp_per_floor":[72,72,72,72,72,72,72,72,72,72,72,72,72,72,72,72,72,72,72,72,77,77],"relic_stats":{"Nunchaku":[7],"counters":[7,48],"Ornamental Fan":[28],"Juzu Bracelet":2,"obtain_stats":[{"Nunchaku":0,"Ornamental Fan":5,"SacredBark":17,"Juzu Bracelet":9,"ats:Sanity":0},{"Nunchaku":0,"Ornamental Fan":2,"SacredBark":5,"Juzu Bracelet":3,"ats:Sanity":0},{"Nunchaku":0,"Ornamental Fan":9,"SacredBark":35,"Juzu Bracelet":12,"ats:Sanity":0}]},"card_choices":[{"not_picked":["ats:Flexible Camouflage","ats:Consecutive Shot Auto"],"picked":"ats:Hammer On","floor":1.0},{"not_picked":["ats:Childhood Dance","ats:Flexible Camouflage"],"picked":"ats:Spore Proliferation","floor":2.0},{"not_picked":["ats:Shadow Raid","ats:LN2 Cannon","ats:Curse Doll"],"picked":"SKIP","floor":6.0},{"not_picked":["ats:Consecutive Shot Auto","ats:Flexible Camouflage","ats:Poison Spread"],"picked":"SKIP","floor":14},{"not_picked":["ats:Fractured Body","ats:Nebulous Foxfire"],"picked":"ats:Disruption Kick","floor":16},{"not_picked":["ats:Powerful Strike","ats:Encircling Forest"],"picked":"ats:Healing Drone","floor":18},{"not_picked":["ats:Poison Spread","ats:Flexible Camouflage","ats:Shell Defense"],"picked":"SKIP","floor":20}],"player_experience":2777,"relics_obtained":[{"floor":5.0,"key":"Ornamental Fan"},{"floor":9.0,"key":"Juzu Bracelet"}],"event_choices":[{"damage_healed":0.0,"max_hp_gain":0.0,"max_hp_loss":0.0,"gold_gain":0.0,"event_name":"Shining Light","player_choice":"Entered Light","floor":3.0,"gold_loss":0.0,"damage_taken":14.0,"cards_upgraded":["ats:Defend","ats:Strike S"]},{"damage_healed":0,"gold_gain":75,"player_choice":"Touch","damage_taken":7,"max_hp_gain":0,"max_hp_loss":0,"event_name":"FaceTrader","floor":10,"gold_loss":0},{"cards_removed":["ats:Strike G"],"damage_healed":0,"gold_gain":0,"player_choice":"Purged","damage_taken":0,"max_hp_gain":0,"max_hp_loss":0,"event_name":"Purifier","floor":13,"gold_loss":0},{"damage_healed":0,"gold_gain":0,"player_choice":"Ignored","damage_taken":0,"max_hp_gain":0,"max_hp_loss":0,"event_name":"Ghosts","floor":19,"gold_loss":0}],"is_beta":false,"boss_relics":[{"not_picked":["Black Star","Runic Dome"],"picked":"SacredBark"}],"items_purged_floors":[4],"is_endless":false,"potions_floor_spawned":[1,16,18,20],"ascension_level":0}}