{"host":"640uue19m79c7wbt","time":1609399051,"event":{"mods":["BaseMod","Colored Map","Googly Eyes","Highlight Path","Minty Spire (QoL Compilation)","Quick Restart","StSLib"],"gold_per_floor":[112,129,129,54,69,97,111,111,165,197,197,231,231,248,248,345,345,355,355,284,301,301,301],"floor_reached":22,"playtime":1007,"items_purged":["Pain"],"score":252,"play_id":"7cfb6427-1b42-4948-b1ae-2cbea0f09567","local_time":"20201231021731","is_ascension_mode":true,"campfire_choices":[{"data":"Storm of Steel","floor":8.0,"key":"SMITH"},{"floor":13.0,"key":"REST"},{"floor":15.0,"key":"REST"}],"circlet_count":0,"master_deck":["Strike_G","Strike_G","Strike_G","Strike_G","Defend_G","Defend_G","Defend_G","Defend_G","Defend_G","Survivor","Neutralize","Dagger Spray","Distraction","Dagger Spray","Endless Agony","Storm of Steel+1","Blade Dance","Footwork","Distraction","Corpse Explosion","Footwork","Bouncing Flask"],"relics":["Ring of the Snake","NeowsBlessing","WarpedTongs","Kunai","Pen Nib","Nunchaku","Pocketwatch"],"acts_visited":["Exordium","TheCity"],"potions_floor_usage":[],"damage_taken":[{"damage":0.0,"enemies":"2 Louse","floor":1.0,"turns":1.0},{"damage":0.0,"enemies":"Cultist","floor":2.0,"turns":1.0},{"damage":0.0,"enemies":"Jaw Worm","floor":5.0,"turns":1.0},{"damage":31.0,"enemies":"Gremlin Nob","floor":6.0,"turns":5.0},{"damage":0.0,"enemies":"Gremlin Gang","floor":7.0,"turns":1.0},{"damage":23.0,"enemies":"Lagavulin","floor":10.0,"turns":5.0},{"damage":0.0,"enemies":"3 Sentries","floor":12.0,"turns":2.0},{"damage":0.0,"enemies":"3 Louse","floor":14.0,"turns":1.0},{"damage":5.0,"enemies":"The Guardian","floor":16.0,"turns":11.0},{"damage":14.0,"enemies":"Chosen","floor":18.0,"turns":4.0},{"damage":41,"enemies":"2 Thieves","floor":21,"turns":3}],"seed_played":"8328883047647165555","potions_obtained":[{"floor":6.0,"key":"LiquidBronze"},{"floor":10.0,"key":"Weak Potion"},{"floor":12.0,"key":"SteroidPotion"},{"floor":16.0,"key":"SpeedPotion"},{"floor":21,"key":"Swift Potion"}],"is_trial":false,"path_per_floor":["M","M","?","$","M","E","M","R","T","E","?","E","R","M","R","B",null,"M","?","$","M","?"],"character_chosen":"THE_SILENT","items_purchased":["Footwork"],"campfire_rested":2,"item_purchase_floors":[20],"current_hp_per_floor":[70,70,70,70,70,39,39,39,39,16,9,9,30,30,51,46,70,56,56,56,15,0,0],"gold":301,"neow_bonus":"THREE_ENEMY_KILL","is_daily":false,"chose_seed":false,"campfire_upgraded":1,"win_rate":0.0,"timestamp":1609399051,"path_taken":["M","M","?","$","?","E","M","R","T","E","?","E","R","M","R","BOSS","M","?","$","?","?"],"items_purchased_type":["Card"],"build_version":"2020-12-22","purchased_purges":1,"victory":false,"max_hp_per_floor":[70,70,70,70,70,70,70,70,70,70,70,70,70,70,70,70,70,70,70,70,70,70,70],"card_choices":[{"not_picked":["Prepared","Outmaneuver"],"picked":"Dagger Spray","floor":1.0},{"not_picked":["Backflip","Deflect"],"picked":"Distraction","floor":2.0},{"not_picked":["All Out Attack","Dodge and Roll"],"picked":"Dagger Spray","floor":5.0},{"not_picked":["Tactician","Concentrate"],"picked":"Endless Agony","floor":6.0},{"not_picked":["Catalyst","Dagger Throw"],"picked":"Storm of Steel","floor":7.0},{"not_picked":["Distraction","Outmaneuver"],"picked":"Blade Dance","floor":10.0},{"not_picked":["Bane","Masterful Stab"],"picked":"Footwork","floor":12.0},{"not_picked":["Prepared","Heel Hook"],"picked":"Distraction","floor":14.0},{"not_picked":["Glass Knife","Tools of the Trade"],"picked":"Corpse Explosion","floor":16.0},{"not_picked":["Bane","Underhanded Strike","Dodge and Roll"],"picked":"SKIP","floor":18.0},{"not_picked":["Cloak And Dagger","Bane"],"picked":"Bouncing Flask","floor":21}],"player_experience":532971,"relics_obtained":[{"floor":6.0,"key":"Kunai"},{"floor":9.0,"key":"Pen Nib"},{"floor":10.0,"key":"Nunchaku"},{"floor":12.0,"key":"Pocketwatch"}],"event_choices":[{"damage_healed":0.0,"max_hp_gain":0.0,"max_hp_loss":0.0,"gold_gain":0.0,"event_name":"Accursed Blacksmith","player_choice":"Rummage","floor":3.0,"gold_loss":0.0,"damage_taken":0.0,"relics_obtained":["WarpedTongs"],"cards_obtained":["Pain"]},{"cards_removed":["Strike_G"],"damage_healed":0.0,"max_hp_gain":0.0,"max_hp_loss":0.0,"gold_gain":0.0,"event_name":"Golden Wing","player_choice":"Card Removal","floor":11.0,"gold_loss":0.0,"damage_taken":7.0},{"damage_healed":0,"gold_gain":0,"player_choice":"Leave","damage_taken":0,"max_hp_gain":0,"max_hp_loss":0,"event_name":"FaceTrader","floor":19,"gold_loss":0}],"is_beta":false,"boss_relics":[{"not_picked":["Ectoplasm","Busted Crown","Fusion Hammer"]}],"items_purged_floors":[4],"is_endless":false,"potions_floor_spawned":[6,10,12,16,21],"ascension_level":2}}