{"host":"xv6tnu9e6lzjd13s","time":1609456367,"event":{"mods":["BaseMod","Colored Powertips","Googly Eyes","Minty Spire (QoL Compilation)","Replay The Spire","StSLib"],"gold_per_floor":[110,73,73,73,86,118,118,118,144,163,13,89,89,100,100,100,100],"floor_reached":16,"playtime":729,"items_purged":[],"score":98,"play_id":"0df3fbb3-8039-4150-9b3d-6c061a208b39","local_time":"20201231161247","is_ascension_mode":false,"campfire_choices":[{"floor":7,"key":"REST"},{"data":"Seeing Red","floor":15,"key":"SMITH"}],"circlet_count":0,"master_deck":["Strike_R","Strike_R","Strike_R","Defend_R","Defend_R","Defend_R","Defend_R","Bash","Good Instincts","Iron Wave","Body Slam+1","Iron Wave","Body Slam","Seeing Red+1","Impervious","Metallicize","Abandon","Warcry"],"relics":["Burning Blood","Replay:Wax Seal","Counterbalance","Potion Belt","Happy Flower","Meat on the Bone"],"acts_visited":["Exordium"],"potions_floor_usage":[16],"damage_taken":[{"damage":0,"enemies":"2 Louse","floor":1,"turns":4},{"damage":0,"enemies":"Jaw Worm","floor":5,"turns":3},{"damage":32,"enemies":"3 Sentries","floor":6,"turns":12},{"damage":0,"enemies":"Cultist","floor":10,"turns":3},{"damage":2,"enemies":"Exordium Wildlife","floor":14,"turns":6},{"damage":88,"enemies":"Fading Forest","floor":16,"turns":11}],"seed_played":"7645778807082400817","potions_obtained":[{"floor":6,"key":"Flashbang"}],"is_trial":false,"path_per_floor":["M","$","?","T","M","E","R","?","T","M","$","T","?","M","R","B"],"character_chosen":"IRONCLAD","items_purchased":["Body Slam+1","Impervious","Metallicize"],"campfire_rested":1,"item_purchase_floors":[2,11,11],"current_hp_per_floor":[80,80,73,73,79,53,77,70,70,76,76,76,76,80,80,0,0],"gold":100,"neow_bonus":"RANDOM_COLORLESS","is_daily":false,"chose_seed":false,"campfire_upgraded":1,"win_rate":0.0,"timestamp":1609456367,"path_taken":["M","$","?","?","?","E","R","?","T","M","$","?","?","M","R","BOSS"],"items_purchased_type":["Card","Card","Card"],"build_version":"2020-12-22","purchased_purges":0,"victory":false,"max_hp_per_floor":[80,80,80,80,80,80,80,80,80,80,80,80,80,80,80,80,80],"card_choices":[{"not_picked":["Trip","Purity"],"picked":"Good Instincts","floor":0},{"not_picked":["Perfected Strike","Spot Weakness"],"picked":"Iron Wave","floor":1},{"not_picked":["Pommel Strike","Cleave"],"picked":"Iron Wave","floor":5},{"not_picked":["ReplayTheSpireMod:Strike From Hell","Fire Breathing"],"picked":"Body Slam","floor":6},{"not_picked":["Flex","Thunderclap"],"picked":"Seeing Red","floor":10},{"not_picked":["Rampage","Anger"],"picked":"Warcry","floor":14}],"player_experience":64685,"relics_obtained":[{"floor":4,"key":"Counterbalance"},{"floor":6,"key":"Potion Belt"},{"floor":9,"key":"Happy Flower"},{"floor":12,"key":"Meat on the Bone"}],"event_choices":[{"damage_healed":0,"gold_gain":0,"player_choice":"Success","damage_taken":7,"relics_obtained":["Replay:Wax Seal"],"max_hp_gain":0,"max_hp_loss":0,"event_name":"Scrap Ooze","floor":3,"gold_loss":0},{"cards_removed":["Strike_R"],"damage_healed":0,"gold_gain":0,"player_choice":"Card Removal","damage_taken":7,"max_hp_gain":0,"max_hp_loss":0,"event_name":"Golden Wing","floor":8,"gold_loss":0},{"damage_healed":0,"gold_gain":0,"cards_transformed":["Strike_R"],"player_choice":"Transformed","damage_taken":0,"max_hp_gain":0,"max_hp_loss":0,"event_name":"Transmorgrifier","floor":13,"gold_loss":0,"cards_obtained":["Abandon"]}],"is_beta":false,"boss_relics":[],"items_purged_floors":[],"is_endless":false,"potions_floor_spawned":[6],"killed_by":"Fading Forest","ascension_level":0}}