{"host":"g520aj7wy7fyc13m","time":1609424334,"event":{"mods":["2.2 Compatiblity","AlwaysNeverKeys","Aspiration","BaseMod","Better Sensory Stone","Better Third Choice","Colored Powertips","Downfall","Hermit","Jorbs\u0027s Wanderer Trilogy","Minty Spire (QoL Compilation)","Permanent Neow","Quick Restart","Random Character Button","StSLib","The Disciple","The Runesmith","egg"],"gold_per_floor":[24,38,38,23,37,51,74,74,59,59,159,84,96,6,21,21,21,21],"floor_reached":16,"playtime":792,"items_purged":["Regret"],"score":90,"play_id":"b337ab5b-a34c-49bb-be87-b284afecec7d","local_time":"20201231141854","is_ascension_mode":false,"campfire_choices":[{"data":"champ:CrownThrow","floor":1,"key":"SMITH"},{"data":"champ:FocusedGladiator","floor":12,"key":"SMITH"}],"circlet_count":0,"master_deck":["champ:Strike+1","champ:Strike+1","champ:Strike+1","champ:Defend","champ:Defend+1","champ:Defend","champ:Defend","champ:Execute+1","champ:Taunt","champ:CrownThrow+1","champ:FaceSlap+1","champ:Aggression","champ:FocusedGladiator+1","champ:MurderStrike+1","champ:Haymaker","champ:FanOfKnives"],"relics":["champ:ChampionCrown","downfall:HeartBlessingRed","downfall:HeartBlessingBlue"],"acts_visited":["Exordium"],"potions_floor_usage":[16,16],"damage_taken":[{"damage":3,"enemies":"2 Louse","floor":2,"turns":4},{"damage":25,"enemies":"downfall:FleeingMerchant","floor":4,"turns":4},{"damage":2,"enemies":"Small Slimes","floor":5,"turns":2},{"damage":8,"enemies":"Jaw Worm","floor":6,"turns":3},{"damage":17,"enemies":"downfall:FleeingMerchant","floor":9,"turns":4},{"damage":4,"enemies":"2 Fungi Beasts","floor":13,"turns":3},{"damage":19,"enemies":"downfall:FleeingMerchant","floor":14,"turns":4},{"damage":11,"enemies":"Large Slime","floor":15,"turns":4},{"damage":53,"enemies":"downfall:Defect","floor":16,"turns":5}],"seed_played":"2631979170982020773","potions_obtained":[{"floor":13,"key":"Fire Potion"},{"floor":15,"key":"LiquidBronze"}],"is_trial":false,"path_per_floor":["R","M","?","$","M","M","T","?","$","?","?","R","M","$","M","B"],"character_chosen":"THE_CHAMP","items_purchased":[],"campfire_rested":0,"item_purchase_floors":[],"current_hp_per_floor":[90,87,87,72,70,67,67,67,50,50,50,60,60,53,53,0,0,0],"gold":21,"neow_bonus":"TRANSFORM_CARD","is_daily":false,"chose_seed":false,"campfire_upgraded":2,"win_rate":0.0,"timestamp":1609424334,"path_taken":["R","M","?","$","M","M","T","?","?","?","?","R","M","$","M","BOSS"],"items_purchased_type":[],"build_version":"2020-12-22","purchased_purges":1,"victory":false,"max_hp_per_floor":[90,90,90,90,90,90,90,90,90,90,90,100,100,100,100,100,100,100],"card_choices":[{"not_picked":["champ:ShieldWall","champ:RecklessLeap"],"picked":"champ:FaceSlap","floor":2},{"not_picked":["champ:Backstep","champ:RageSigil"],"picked":"champ:Aggression","floor":4},{"not_picked":["champ:RecklessLeap","champ:RageSigil"],"picked":"champ:FocusedGladiator","floor":5},{"not_picked":["champ:GladiatorsShout","champ:DefensiveShout","champ:FightOn"],"picked":"SKIP","floor":6},{"not_picked":["champ:BringItOn","champ:Shatter"],"picked":"champ:MurderStrike","floor":9},{"not_picked":["champ:TornadoPunch","champ:Duel"],"picked":"champ:Haymaker","floor":13},{"not_picked":["champ:DeathBlow","champ:RapidStrikes","champ:TornadoPunch"],"picked":"SKIP","floor":14},{"not_picked":["champ:Riposte","champ:EnragedBash"],"picked":"champ:FanOfKnives","floor":15}],"player_experience":584103,"relics_obtained":[{"floor":7,"key":"Dream Catcher"}],"event_choices":[],"is_beta":false,"boss_relics":[],"items_purged_floors":[14],"is_endless":false,"potions_floor_spawned":[13,15],"killed_by":"downfall:Defect","ascension_level":0}}