{"host":"i58uscbei3sy5089","time":1609433850,"event":{"mods":["ATMod(°¢èªMod)","Act Like it!","Arknights The Spire","BaseMod","Challenge The Spire","Colored Powertips","Conspire","Infinite Spire","Koishi","Lobotomy","LobotomyExtend","Minty Spire (QoL Compilation)","MostiFishMod","Prisma Mod","Quick Restart","Reimu£¨²©ÀöÁéÃÎ£©","Replay The Spire","Shop Mod","Spicy Shops","StSLib","TestMod","The Alterego","The Construct","UnlockEverythingMod","[IsaacMod]ÒÔÈö¼âËþ","vexMod","¡¾¹¦ÄÜMod¡¿»ìãçÖ®»·ÐÞ¸´²¹¶¡","¡¾ÒÅÎï¿¨ÅÆ¡¿REMEMod","óô»ðÖ¸ÄÏ"],"gold_per_floor":[118,118,144,169,169,215,240,240,240,325,325,382,459,513,858,943,932,38,138,138,138,267,374,455,455,507,507,654,654,654],"floor_reached":17,"playtime":1499,"items_purged":["SpecialBullet","SpecialBullet","SpecialBullet","SpecialBullet","SpecialBullet"],"score":607,"play_id":"3b0c0066-f5e4-454d-832f-c6364e4ce06d","local_time":"20210101005730","is_ascension_mode":true,"campfire_choices":[],"circlet_count":0,"master_deck":["SpecialBullet","Well Laid Plans+1","AT_FalsePromise+1","WallGazer","OSAHOGD","MHz","Wingbeat+1"],"relics":["CogitoBucket","RabbitCall","testmod-TestBox","HushsDoor","DaveBox","AT_ATBox","REME_ComplimentaryCards","TheBible","DiscerningMonocle","testmod-DreamHouse","Happy Flower","Lantern","SynthV:TestCard","SatanicBible","Replay:Bandana","vexMod:Cooldron","PreservedInsect","MerchantsRug","Matryoshka","ats:Originium","testmod-TurbochargingSystem","AT_MibuBalloonWealth","SynthV:TestCard","LetterFromLob","Anchor","PrismaticShard","REME_ArchaeologicalTools","Tea:ReiMu","Toolbox","BookOfRevelations","Toxic Egg 2","testmod-Justice","GuppysHead","Replay:Mystery Machine","AT_Manta","Medical Kit","Bottled Tornado","Blue Doll","AT_SilvercatRing","ReplayTheSpireMod:Shallot","REME_HandOfSuture","InkBottle","AT_BladeRuinedKing","Coffee Dripper"],"acts_visited":["Exordium","TheBeyond"],"potions_floor_usage":[],"damage_taken":[{"damage":12.0,"enemies":"Jaw Worm","floor":1.0,"turns":2.0},{"damage":8.0,"enemies":"Cultist","floor":4.0,"turns":3.0},{"damage":2.0,"enemies":"Gremlin Nob","floor":6.0,"turns":3.0},{"damage":0.0,"enemies":"2 Louse","floor":7.0,"turns":2.0},{"damage":2.0,"enemies":"Large Slime","floor":10.0,"turns":4.0},{"damage":2.0,"enemies":"Looter","floor":12.0,"turns":2.0},{"damage":0.0,"enemies":"2 Louse","floor":1.0,"turns":2.0},{"damage":2.0,"enemies":"Cultist","floor":2.0,"turns":3.0},{"damage":2.0,"enemies":"Gremlin Nob","floor":7.0,"turns":2.0},{"damage":0.0,"enemies":"3 Sentries","floor":10.0,"turns":1.0},{"damage":0.0,"enemies":"Small Slimes","floor":11.0,"turns":2.0},{"damage":0.0,"enemies":"Lagavulin","floor":12.0,"turns":3.0},{"damage":2.0,"enemies":"Looter","floor":14.0,"turns":2.0},{"damage":0.0,"enemies":"Slime Boss","floor":16.0,"turns":3.0}],"seed_played":"1378158569568788571","potions_obtained":[{"floor":7.0,"key":"EntropicBrew"}],"is_trial":false,"path_per_floor":["M","?","$","M","?","E","M","R","T","M","R","M","E","M","M","$","?","$","R","E","R","T","E","M","E","?","M","R","B",null],"character_chosen":"Angela","items_purchased":["SatanicBible","Replay:Bandana","vexMod:Cooldron","PreservedInsect","Strength Potion","Block Potion","construct:ShiftPotion","MerchantsRug","Regen Potion","Finesse","Ecstasy","Anchor","PrismaticShard","REME_ArchaeologicalTools","Tea:ReiMu","Toolbox","BookOfRevelations","EntropicBrew","EntropicBrew","EntropicBrew","EntropicBrew","testmod-FightingIntention","Toxic Egg 2","testmod-Justice","GuppysHead","EntropicBrew","EntropicBrew","EntropicBrew","EntropicBrew","Secret Weapon+1","Replay:Mystery Machine","AT_Manta","Medical Kit","Bottled Tornado","Blue Doll","testmod-RepeatForm","Diffraction+1"],"campfire_rested":0,"item_purchase_floors":[3,3,3,3,3,3,3,3,3,3,3,3,3,3,3,3,3,3,3,3,3,3,5,5,5,5,5,5,5,5,6,6,6,6,6,17,17],"current_hp_per_floor":[58,58,58,50,36,34,34,34,34,32,32,30,70,68,68,53,53,53,51,51,51,51,51,51,44,42,42,42,62,62],"gold":654,"neow_bonus":"ONE_RANDOM_RARE_CARD","is_daily":false,"chose_seed":false,"campfire_upgraded":0,"win_rate":0.0,"timestamp":1609433850,"path_taken":["M","?","$","?","?","E","M","R","T","M","R","M","E","M","?","$","?","$","R","E","R","T","E","M","E","?","M","R","BOSS","BOSS"],"items_purchased_type":["Relic","Relic","Relic","Relic","Potion","Potion","Potion","Relic","Potion","Card","Card","Relic","Relic","Relic","Relic","Relic","Relic","Potion","Potion","Potion","Potion","Card","Relic","Relic","Relic","Potion","Potion","Potion","Potion","Card","Relic","Relic","Relic","Relic","Relic","Card","Card"],"build_version":"2020-12-22","purchased_purges":5,"victory":false,"max_hp_per_floor":[70,70,70,70,70,70,70,70,70,70,70,70,70,70,70,70,70,70,70,70,70,70,70,70,70,70,70,70,62,62],"card_choices":[{"not_picked":["CherryBlossoms","SpiderBud"],"picked":"WallGazer","floor":1.0},{"not_picked":["CrimsonScar","FrostShard"],"picked":"SKIP","floor":1.0},{"not_picked":["TodaysExpression","CUTE","Horn","CherryBlossom"],"picked":"SKIP","floor":4.0},{"not_picked":["VoidDream","OldLady"],"picked":"LongBird","floor":6.0},{"not_picked":["Lantern","InTheNameOfLoveAndHate","Noise"],"picked":"Bomb","floor":6.0},{"not_picked":["Galaxy","CUTE","Wingbeat","Soda"],"picked":"SKIP","floor":7.0},{"not_picked":["BeautyBeast","LittlePrince"],"picked":"OSAHOGD","floor":10.0},{"not_picked":["InTheNameOfLoveAndHate","FourthMatchFlame","GrinderMk4","FeatherOfHonor"],"picked":"SKIP","floor":10.0},{"not_picked":["Regret_ego","SomewhereSpear","FourthMatchFlame","CENSORED_ego"],"picked":"SKIP","floor":12.0},{"not_picked":["ShyLook","Wellcheers"],"picked":"MHz","floor":1.0},{"not_picked":["CherryBlossom","CUTE","Horn","SomewhereSpear"],"picked":"SKIP","floor":1.0},{"not_picked":["WristCuter","MagicBullet","CUTE","RapturousDream","GreenStem","Heaven"],"picked":"SKIP","floor":2.0},{"not_picked":["WristCuter","MagicBullet","CUTE","RapturousDream","GreenStem","Heaven"],"picked":"SKIP","floor":2.0},{"not_picked":["testmod-LifeRuler+1","JustLucky","AT_GerminateFire+1","Heatsinks","Crescendo+1"],"picked":"Wingbeat+1","floor":7.0},{"not_picked":["Expertise+1","ReplaySolidLightProjector+1","PrismaMod:MiyuEvokeCheapAttack","testmod-TemporaryDeletion","ReplayTheSpireMod:Shiv Toss+1"],"picked":"GrinderMk4","floor":10.0},{"not_picked":["Koishi:ParalyzingFear","FourthMatchFlame","alterego_mod:TrashNCrash+1","Clash","construct:Reinforce+1"],"picked":"testmod-RabbitOfFibonacci","floor":11.0},{"not_picked":["PrismaMod:IllyaCheapChannelPoison+1","Noxious Fumes","Reckless Charge","Dagger Spray","Run Through","Clothesline"],"picked":"SKIP","floor":12.0},{"not_picked":["Run Through","ReplayTheSpireMod:System Scan+1","FollowUp","MostiFishMod:PushDownKick","testmod-Automaton","construct:Accumulate"],"picked":"SKIP","floor":14.0},{"not_picked":["Run Through","ReplayTheSpireMod:System Scan+1","FollowUp","MostiFishMod:PushDownKick","testmod-Automaton","construct:Accumulate"],"picked":"SKIP","floor":14.0}],"player_experience":684449,"relics_obtained":[{"floor":1.0,"key":"SynthV:TestCard"},{"floor":1.0,"key":"LetterFromLob"},{"floor":6.0,"key":"Matryoshka"},{"floor":6.0,"key":"ats:Originium"},{"floor":9.0,"key":"testmod-TurbochargingSystem"},{"floor":9.0,"key":"AT_MibuBalloonWealth"},{"floor":1.0,"key":"SynthV:TestCard"},{"floor":1.0,"key":"LetterFromLob"},{"floor":7.0,"key":"AT_SilvercatRing"},{"floor":7.0,"key":"ats:Originium"},{"floor":9.0,"key":"ReplayTheSpireMod:Shallot"},{"floor":9.0,"key":"REME_HandOfSuture"},{"floor":10.0,"key":"InkBottle"},{"floor":10.0,"key":"ats:Originium"},{"floor":12.0,"key":"AT_BladeRuinedKing"}],"event_choices":[{"cards_removed":["SpecialBullet"],"damage_healed":0.0,"max_hp_gain":0.0,"max_hp_loss":0.0,"gold_gain":0.0,"event_name":"Bonfire Elementals","player_choice":"Offered Basic","floor":2.0,"gold_loss":0.0,"damage_taken":0.0},{"damage_healed":0.0,"max_hp_gain":0.0,"max_hp_loss":0.0,"gold_gain":0.0,"event_name":"Shining Light","player_choice":"Entered Light","floor":5.0,"gold_loss":0.0,"damage_taken":14.0,"cards_upgraded":["Well Laid Plans","AT_FalsePromise"]},{"cards_removed":["SpecialBullet"],"damage_healed":0.0,"max_hp_gain":0.0,"max_hp_loss":0.0,"gold_gain":0.0,"event_name":"Golden Wing","player_choice":"Card Removal","floor":13.0,"gold_loss":0.0,"damage_taken":7.0}],"is_beta":false,"boss_relics":[{"not_picked":["SacredBark","ShadowXiaoBlade"],"picked":"Coffee Dripper"},{"not_picked":[]}],"items_purged_floors":[3,3,5,5,6],"is_endless":false,"potions_floor_spawned":[7,2,11],"ascension_level":4}}