{"host":"jzjaw782v8gfe8gb","time":1609444697,"event":{"mods":["BaseMod","Better Match","Better Note","Better Third Choice","Minty Spire (QoL Compilation)","StSLib","The Marked"],"gold_per_floor":[118,138,138,152,166,166,186,215,295,295,314,314,348,364,364,468,468,486,486,498,269,287,312,312,3,53,53,83,83,83,99,99,204,204,217,227,246,246,246],"floor_reached":38,"playtime":61912,"items_purged":["theMarked:Strike"],"score":453,"play_id":"1a321a02-1718-4669-b233-9a3143f5579a","local_time":"20201231115817","is_ascension_mode":false,"campfire_choices":[{"data":"theMarked:WardOff","floor":6,"key":"SMITH"},{"data":"theMarked:Seal","floor":10,"key":"SMITH"},{"floor":15,"key":"REST"},{"data":"theMarked:Indomitable","floor":24,"key":"SMITH"},{"floor":29,"key":"RECALL"},{"floor":32,"key":"REST"}],"circlet_count":0,"master_deck":["theMarked:Strike","theMarked:Strike","theMarked:Defend","theMarked:Defend+1","theMarked:Defend","theMarked:Defend","theMarked:SoldierOfQuellstein","Mayhem","theMarked:WardOff+1","theMarked:CreepingChasm","theMarked:Seal+1","theMarked:WardOff","theMarked:SummonStrength","theMarked:Overthink+1","theMarked:BanishingStrike","theMarked:BindingBlade","CurseOfTheBell","theMarked:WardOff+1","theMarked:HeritageOfTheMarked","theMarked:Indomitable+1","theMarked:Overthink+1","theMarked:Improvise","theMarked:Levitate","theMarked:StartUp"],"relics":["theMarked:ArtifactOfAir","Lizard Tail","NlothsMask","StoneCalendar","Calling Bell","War Paint","Mummified Hand","Mango","Art of War","Juzu Bracelet","Torii","Strawberry","Busted Crown"],"acts_visited":["Exordium","TheCity","TheBeyond"],"potions_floor_usage":[8,16,20,23,23,38],"damage_taken":[{"damage":1,"enemies":"Cultist","floor":1,"turns":4},{"damage":0,"enemies":"2 Louse","floor":2,"turns":4},{"damage":0,"enemies":"Small Slimes","floor":4,"turns":3},{"damage":1,"enemies":"3 Louse","floor":5,"turns":4},{"damage":2,"enemies":"Blue Slaver","floor":7,"turns":4},{"damage":17,"enemies":"3 Sentries","floor":8,"turns":9},{"damage":0,"enemies":"2 Fungi Beasts","floor":11,"turns":2},{"damage":8,"enemies":"Lagavulin","floor":13,"turns":6},{"damage":9,"enemies":"Large Slime","floor":14,"turns":3},{"damage":12,"enemies":"The Guardian","floor":16,"turns":7},{"damage":2,"enemies":"2 Thieves","floor":18,"turns":4},{"damage":8,"enemies":"Spheric Guardian","floor":20,"turns":5},{"damage":0,"enemies":"Snecko","floor":22,"turns":3},{"damage":49,"enemies":"Gremlin Leader","floor":23,"turns":5},{"damage":17,"enemies":"Book of Stabbing","floor":28,"turns":5},{"damage":8,"enemies":"Snake Plant","floor":31,"turns":3},{"damage":30,"enemies":"Champ","floor":33,"turns":10},{"damage":0,"enemies":"3 Shapes","floor":35,"turns":5},{"damage":0,"enemies":"Orb Walker","floor":36,"turns":3},{"damage":21,"enemies":"Maw","floor":37,"turns":6},{"damage":128,"enemies":"2 Orb Walkers","floor":38,"turns":5}],"seed_played":"-2844056816401601424","potions_obtained":[{"floor":1,"key":"BlessingOfTheForge"},{"floor":4,"key":"DuplicationPotion"},{"floor":7,"key":"BlessingOfTheForge"},{"floor":14,"key":"DistilledChaos"},{"floor":16,"key":"LiquidMemories"},{"floor":20,"key":"SkillPotion"},{"floor":22,"key":"Ancient Potion"},{"floor":23,"key":"Strength Potion"},{"floor":37,"key":"LiquidBronze"}],"is_trial":false,"path_per_floor":["M","M","?","M","M","R","M","E","T","R","M","?","E","M","R","B",null,"M","?","M","$","M","E","R","$","T","?","E","R","?","M","R","B",null,"M","M","M","?"],"character_chosen":"THE_DEFAULT","items_purchased":["Art of War","Torii"],"campfire_rested":2,"item_purchase_floors":[21,25],"current_hp_per_floor":[48,48,48,48,47,47,45,28,28,28,28,28,20,11,32,20,84,82,82,74,74,74,25,25,25,25,25,15,15,20,12,39,9,91,91,91,70,0,0],"gold":246,"neow_bonus":"RANDOM_COLORLESS_2","is_daily":false,"chose_seed":false,"campfire_upgraded":3,"win_rate":0.0,"timestamp":1609444697,"path_taken":["M","M","?","M","?","R","M","E","T","R","M","?","E","?","R","BOSS","M","?","M","$","M","E","R","$","T","?","E","R","?","M","R","BOSS","M","M","M","?"],"items_purchased_type":["Relic","Relic"],"build_version":"2020-12-22","purchased_purges":1,"victory":false,"max_hp_per_floor":[70,70,70,70,70,70,70,70,70,70,70,70,70,70,70,70,84,84,84,84,84,84,84,84,84,84,84,91,91,91,91,91,91,91,91,91,91,91,91],"card_choices":[{"not_picked":["HandOfGreed","Transmutation"],"picked":"Mayhem","floor":0},{"not_picked":["theMarked:WastefulAttack","theMarked:Parkour","theMarked:ChainLightning"],"picked":"SKIP","floor":1},{"not_picked":["theMarked:Parkour","theMarked:ChainLightning"],"picked":"theMarked:WastefulAttack","floor":1},{"not_picked":["theMarked:ResourceFulStrike","theMarked:MysticalArsenal"],"picked":"theMarked:WardOff","floor":2},{"not_picked":["theMarked:Aftermath","theMarked:ChainLightning"],"picked":"theMarked:Seal","floor":4},{"not_picked":["theMarked:Reabsorb","theMarked:Seal","theMarked:HeightenedSenses"],"picked":"SKIP","floor":5},{"not_picked":["theMarked:SwordAndMagic","theMarked:Aftermath"],"picked":"theMarked:WardOff","floor":7},{"not_picked":["theMarked:KeepCalmAndFightOn","theMarked:BanishingWave"],"picked":"theMarked:SummonStrength","floor":8},{"not_picked":["theMarked:ElectricStrings","theMarked:Electrocute","theMarked:WastefulAttack"],"picked":"SKIP","floor":11},{"not_picked":["theMarked:ElectricStrings","theMarked:RogueSparks"],"picked":"theMarked:Overthink","floor":13},{"not_picked":["theMarked:RepellingDischarge","theMarked:EmpowerWeapon"],"picked":"theMarked:BanishingStrike","floor":14},{"not_picked":["theMarked:UnarmedFury","theMarked:DispelDoubt"],"picked":"theMarked:BindingBlade","floor":16},{"not_picked":["theMarked:ContemptForTheProud+1","theMarked:BanishingStrike"],"picked":"theMarked:WardOff+1","floor":18},{"not_picked":["theMarked:ElectricStrings+1","theMarked:Parkour+1","theMarked:LightningStrikesTwice+1"],"picked":"SKIP","floor":20},{"not_picked":["theMarked:Reabsorb+1","theMarked:ResourceFulStrike"],"picked":"theMarked:HeritageOfTheMarked","floor":22},{"not_picked":["theMarked:TakeCover","theMarked:HeritageOfTheMarked"],"picked":"theMarked:Indomitable","floor":23},{"not_picked":["theMarked:WastefulAttack+1","theMarked:Parkour","theMarked:UnarmedFury"],"picked":"SKIP","floor":28},{"not_picked":["theMarked:Frustration","theMarked:RepellingDischarge+1"],"picked":"theMarked:Improvise","floor":31},{"not_picked":["theMarked:UnarmedFury","theMarked:TakeOffHeels"],"picked":"theMarked:Levitate","floor":33},{"not_picked":[],"picked":"theMarked:StartUp","floor":35},{"not_picked":["theMarked:RepellingDischarge"],"picked":"SKIP","floor":36},{"not_picked":["theMarked:EmpowerWeapon"],"picked":"SKIP","floor":37}],"player_experience":1968513,"relics_obtained":[{"floor":8,"key":"Lizard Tail"},{"floor":13,"key":"StoneCalendar"},{"floor":17,"key":"War Paint"},{"floor":17,"key":"Mummified Hand"},{"floor":17,"key":"Mango"},{"floor":23,"key":"Juzu Bracelet"},{"floor":28,"key":"Strawberry"}],"event_choices":[{"damage_healed":0,"gold_gain":0,"cards_transformed":["theMarked:Strike"],"player_choice":"Transformed","damage_taken":0,"max_hp_gain":0,"max_hp_loss":0,"event_name":"Transmorgrifier","floor":3,"gold_loss":0,"cards_obtained":["theMarked:CreepingChasm"]},{"damage_healed":0,"gold_gain":0,"player_choice":"Trade","damage_taken":0,"relics_obtained":["NlothsMask"],"max_hp_gain":0,"max_hp_loss":0,"event_name":"FaceTrader","floor":12,"gold_loss":0},{"cards_removed":["theMarked:Strike"],"damage_healed":0,"gold_gain":0,"player_choice":"Purged","damage_taken":0,"max_hp_gain":0,"max_hp_loss":0,"event_name":"Purifier","floor":19,"gold_loss":0},{"damage_healed":0,"gold_gain":0,"player_choice":"Copied","damage_taken":0,"max_hp_gain":0,"max_hp_loss":0,"event_name":"Duplicator","floor":27,"gold_loss":0,"cards_obtained":["theMarked:Overthink"]},{"cards_removed":["theMarked:WastefulAttack"],"damage_healed":5,"gold_gain":0,"player_choice":"Offered Common","damage_taken":0,"max_hp_gain":0,"max_hp_loss":0,"event_name":"Bonfire Elementals","floor":30,"gold_loss":0},{"cards_removed":["theMarked:WastefulAttack"],"damage_healed":5,"gold_gain":0,"player_choice":"Offered Special","damage_taken":0,"max_hp_gain":0,"max_hp_loss":0,"event_name":"Bonfire Elementals","floor":30,"gold_loss":0},{"damage_healed":0,"gold_gain":0,"player_choice":"Fight","damage_taken":0,"max_hp_gain":0,"max_hp_loss":0,"event_name":"Mysterious Sphere","floor":38,"gold_loss":0}],"is_beta":false,"boss_relics":[{"not_picked":["Tiny House","Snecko Eye"],"picked":"Calling Bell"},{"not_picked":["Astrolabe","Runic Dome"],"picked":"Busted Crown"}],"items_purged_floors":[21],"is_endless":false,"potions_floor_spawned":[1,4,7,14,16,20,22,23,37],"killed_by":"2 Orb Walkers","ascension_level":0}}