{"host":"be3r5d8qs4ku9xfy","time":1609374835,"event":{"mods":["AchievementEnabler","Act Like it!","BaseMod","BetterRewards","Colored Map","Colored Powertips","Downfall","Halation","Hallownest","Hermit","Highlight Path","Hubris","Infinite Spire","KomeijiMod","Minty Spire (QoL Compilation)","Quick Restart","Replay The Spire","Shop Mod","StSLib","SuperFastMode","Td1madao Mod","The Animator","The Bug Knight","The Construct","The Cursed","The Disciple"],"gold_per_floor":[118,118,118,133,196,196,196],"floor_reached":6,"playtime":229,"items_purged":[],"score":86,"play_id":"6190c5a9-35f2-406e-8085-e4a007b1f1f7","local_time":"20201230193355","daily_mods":["Specialized","Heirloom","Time Dilation","Flight","downfall:Improvised","downfall:Lament"],"is_ascension_mode":false,"campfire_choices":[],"circlet_count":0,"master_deck":["sneckomod:Strike","sneckomod:Strike","sneckomod:Strike","sneckomod:Defend","sneckomod:Defend","sneckomod:Defend","sneckomod:TailWhip","sneckomod:SnekBite","sneckomod:Unknown","sneckomod:Unknown","sneckomod:UnknownCommonAttack","sneckomod:UnknownCommonAttack","sneckomod:UnknownCommonAttack","sneckomod:UnknownCommonSkill","sneckomod:UnknownCommonSkill","sneckomod:UnknownCommonSkill","sneckomod:UnknownUncommonAttack","sneckomod:UnknownUncommonSkill","sneckomod:UnknownUncommonPower","sneckomod:Unknown","sneckomod:DiceBlock","sneckomod:DiceBlock","sneckomod:DiceBlock","sneckomod:DiceBlock","sneckomod:DiceBlock","sneckomod:UnknownClassCHRONO_GOLD","sneckomod:UnknownClassGUARDIAN","sneckomod:UnknownCommonAttack"],"relics":["sneckomod:SneckoSoul","NeowsBlessing","halation:Trompette","Matryoshka","SsserpentHead"],"acts_visited":["Exordium"],"potions_floor_usage":[],"damage_taken":[{"damage":0,"enemies":"2 Louse","floor":1,"turns":1},{"damage":0,"enemies":"Small Slimes","floor":4,"turns":1},{"damage":0,"enemies":"Cultist","floor":5,"turns":1},{"damage":5,"enemies":"Lagavulin","floor":6,"turns":3}],"seed_played":"-5427391902420172516","potions_obtained":[{"floor":5,"key":"CalmPotion"}],"is_trial":true,"path_per_floor":["M","?","?","M","M","E"],"character_chosen":"THE_SNECKO","items_purchased":[],"campfire_rested":0,"item_purchase_floors":[],"current_hp_per_floor":[91,91,91,92,93,88,88],"gold":196,"neow_bonus":"","is_daily":false,"chose_seed":false,"campfire_upgraded":0,"win_rate":0.0,"timestamp":1609374835,"path_taken":["M","?","?","M","?","E"],"items_purchased_type":[],"build_version":"2020-12-22","purchased_purges":0,"victory":false,"max_hp_per_floor":[91,91,91,92,93,93,93],"card_choices":[{"not_picked":["sneckomod:Nope","sneckomod:QuickMove"],"picked":"sneckomod:UnknownClassCHRONO_GOLD","floor":1},{"not_picked":["sneckomod:RainOfDice","sneckomod:UnknownBlock"],"picked":"sneckomod:UnknownClassGUARDIAN","floor":4},{"not_picked":["sneckomod:SoulRoll","sneckomod:UnknownClassTHE_ANIMATOR"],"picked":"sneckomod:UnknownCommonAttack","floor":5}],"player_experience":5143,"relics_obtained":[{"floor":2,"key":"Matryoshka"}],"event_choices":[{"damage_healed":0,"gold_gain":0,"player_choice":"Trade","damage_taken":0,"relics_obtained":["SsserpentHead"],"max_hp_gain":0,"max_hp_loss":0,"event_name":"FaceTrader","floor":3,"gold_loss":0}],"is_beta":false,"boss_relics":[],"items_purged_floors":[],"is_endless":false,"potions_floor_spawned":[5],"killed_by":"Lagavulin","ascension_level":0}}