{"host":"5fasz840ryq7obdf","time":1609429161,"event":{"mods":["AchievementEnabler","BaseMod","Bestiary","Better Altar","Better Skull","Better Third Choice","BetterRewards","Block Reminder","Colored Powertips","Curses Come First","Downfall","Highlight Path","Minty Spire (QoL Compilation)","Quick Restart","Relic Sorter","Relic Stats","Shop Mod","Spicy Shops","StSLib","SuperFastMode"],"gold_per_floor":[99,118,118,183,183,283,337,369,385,417,367,367,367,367],"floor_reached":12,"playtime":424,"items_purged":[],"score":97,"play_id":"c52d66f6-dee5-41b3-8917-d125501e2bda","local_time":"20201231153921","is_ascension_mode":true,"campfire_choices":[{"data":"Slimebound:Split","floor":1.0,"key":"SMITH"},{"data":"Slimebound:CorrosiveSpit","floor":11.0,"key":"SMITH"}],"circlet_count":0,"master_deck":["Slimebound:Strike_Slimebound","Slimebound:Strike_Slimebound","Slimebound:Strike_Slimebound","Slimebound:Tackle","Slimebound:Defend_Slimebound","Slimebound:Defend_Slimebound","Slimebound:Defend_Slimebound","Slimebound:Defend_Slimebound","Slimebound:Split+1","Slimebound:CorrosiveSpit+1","Slimebound:LeechLife","Slimebound:SplitAcid","Slimebound:SpikyOuterGoop","Slimebound:RejuvenatingLick","Slimebound:LevelUp","Slimebound:MassFeed"],"relics":["Slimebound:AbsorbEndCombat","Slimebound:GreedOozeRelic","Happy Flower","Boot","Bottled Lightning","Girya"],"acts_visited":["Exordium"],"potions_floor_usage":[12],"damage_taken":[{"damage":11.0,"enemies":"2 Louse","floor":2.0,"turns":2.0},{"damage":45.0,"enemies":"Gremlin Nob","floor":4.0,"turns":4.0},{"damage":34.0,"enemies":"Gremlin Nob","floor":8.0,"turns":4.0},{"damage":8.0,"enemies":"Small Slimes","floor":9.0,"turns":2.0},{"damage":37.0,"enemies":"3 Sentries","floor":10.0,"turns":4.0},{"damage":38,"enemies":"Lagavulin","floor":12,"turns":3}],"seed_played":"-4283105949737631912","potions_obtained":[{"floor":8.0,"key":"Slimebound:SpawnSlimePotion"},{"floor":10.0,"key":"Slimebound:SlimyTonguePotion"}],"is_trial":false,"path_per_floor":["R","M","?","?","?","?","T","E","M","E","R","E"],"character_chosen":"SLIMEBOUND","items_purchased":[],"campfire_rested":0,"item_purchase_floors":[],"current_hp_per_floor":[60,59,59,39,39,39,39,31,41,18,18,0,0,0],"gold":367,"neow_bonus":"THREE_RARE_CARDS","is_daily":false,"chose_seed":false,"campfire_upgraded":2,"win_rate":0.0,"timestamp":1609429161,"path_taken":["R","M","?","?","?","?","T","E","?","E","R","E"],"items_purchased_type":[],"build_version":"2020-12-22","purchased_purges":0,"victory":false,"max_hp_per_floor":[60,60,60,60,60,60,60,60,60,60,60,60,60,60],"relic_stats":{"Happy Flower":[4],"counters":[6,18],"Boot":[0],"obtain_stats":[{"Slimebound:GreedOozeRelic":3,"Girya":10,"Happy Flower":4,"Slimebound:AbsorbEndCombat":0,"Bottled Lightning":8,"Boot":7},{"Slimebound:GreedOozeRelic":1,"Girya":5,"Happy Flower":2,"Slimebound:AbsorbEndCombat":0,"Bottled Lightning":3,"Boot":2},{"Slimebound:GreedOozeRelic":1,"Girya":15,"Happy Flower":5,"Slimebound:AbsorbEndCombat":0,"Bottled Lightning":9,"Boot":5}]},"card_choices":[{"not_picked":["Slimebound:MinionMaster","Slimebound:CheckThePlaybook"],"picked":"Slimebound:LeechLife","floor":0.0},{"not_picked":["Slimebound:GoopSpray","Slimebound:RollThrough"],"picked":"Slimebound:SplitAcid","floor":2.0},{"not_picked":["Slimebound:FlameTackle","Slimebound:LivingWall"],"picked":"Slimebound:SpikyOuterGoop","floor":4.0},{"not_picked":["Slimebound:ComboTackle","Slimebound:SplitLeeching"],"picked":"Slimebound:RejuvenatingLick","floor":8.0},{"not_picked":["Slimebound:SamplingLick","Slimebound:DivideAndConquer"],"picked":"Slimebound:LevelUp","floor":9.0},{"not_picked":["Slimebound:GoopSpray","Slimebound:LeechingTouch"],"picked":"Slimebound:MassFeed","floor":10.0}],"player_experience":1339468,"relics_obtained":[{"floor":4.0,"key":"Happy Flower"},{"floor":7.0,"key":"Boot"},{"floor":8.0,"key":"Bottled Lightning"},{"floor":10.0,"key":"Girya"}],"event_choices":[{"cards_removed":["Shame"],"damage_healed":0.0,"max_hp_gain":0.0,"max_hp_loss":0.0,"gold_gain":0.0,"event_name":"Living Wall","player_choice":"Forget","floor":5.0,"gold_loss":0.0,"damage_taken":0.0}],"is_beta":false,"boss_relics":[],"items_purged_floors":[],"is_endless":false,"potions_floor_spawned":[8,10],"killed_by":"Lagavulin","ascension_level":3}}