{"host":"qfskrnw3pl1q86j0","time":1609439910,"event":{"mods":["BaseMod","Block Reminder","Hermit","Marisa????????","Minty Spire (QoL Compilation)","Quick Restart","Random Character Button","Relic Stats","StSLib","The Poker Player","slay the spire mod where everything is the same but ironclad has a cowboy hat"],"gold_per_floor":[115,66,85,85,99,99,126,141,141,66,77,77,43,53,53,156,156,174,191,191,40,60,60,60,60,60,159,159,173,173,191,191,290,290,305,305,322,341,216,216,266,284,284,131,148,148,148,160,160,160],"floor_reached":51,"playtime":1831,"items_purged":["Strike_P","Strike_P","Defend_P"],"score":724,"play_id":"49d4e66c-8a99-493a-ab22-acec8ed08c38","local_time":"20201231193830","is_ascension_mode":false,"campfire_choices":[{"data":"Eruption","floor":6.0,"key":"SMITH"},{"data":"DevaForm","floor":12.0,"key":"SMITH"},{"data":"SashWhip","floor":15.0,"key":"SMITH"},{"data":"Fasting2","floor":23.0,"key":"SMITH"},{"data":"Collect","floor":25.0,"key":"SMITH"},{"data":"EmptyFist","floor":28.0,"key":"SMITH"},{"data":"FollowUp","floor":30.0,"key":"SMITH"},{"data":"Tantrum","floor":32.0,"key":"SMITH"},{"data":"Protect","floor":40,"key":"SMITH"},{"floor":47,"key":"REST"},{"data":"Ragnarok","floor":49,"key":"SMITH"}],"circlet_count":0,"master_deck":["Strike_P+1","Defend_P","Defend_P","Eruption+1","Vigilance+1","Collect+1","DevaForm+1","Protect+1","FollowUp+1","SashWhip+1","BattleHymn","Tantrum+1","Fasting2+1","Judgement+1","Halt+1","EmptyFist+1","EmptyBody+1","EmptyFist+1","SpiritShield+1","Consecrate+1","Evaluate+1","Ragnarok+1","WreathOfFlame+1"],"relics":["PureWater","Shuriken","Toxic Egg 2","Runic Pyramid","Dream Catcher","Strawberry","Busted Crown","Peace Pipe","Kunai","Mango"],"acts_visited":["Exordium","TheCity","TheBeyond"],"potions_floor_usage":[41,42,48,50],"damage_taken":[{"damage":0.0,"enemies":"Small Slimes","floor":1.0,"turns":3.0},{"damage":5.0,"enemies":"Jaw Worm","floor":3.0,"turns":5.0},{"damage":0.0,"enemies":"Cultist","floor":5.0,"turns":4.0},{"damage":45.0,"enemies":"3 Sentries","floor":7.0,"turns":11.0},{"damage":0.0,"enemies":"Exordium Wildlife","floor":8.0,"turns":3.0},{"damage":2.0,"enemies":"3 Louse","floor":11.0,"turns":3.0},{"damage":5.0,"enemies":"Looter","floor":14.0,"turns":3.0},{"damage":0.0,"enemies":"Slime Boss","floor":16.0,"turns":4.0},{"damage":10.0,"enemies":"Chosen","floor":18.0,"turns":3.0},{"damage":7.0,"enemies":"Shell Parasite","floor":19.0,"turns":2.0},{"damage":0.0,"enemies":"Snecko","floor":22.0,"turns":3.0},{"damage":5.0,"enemies":"Shelled Parasite and Fungi","floor":29.0,"turns":3.0},{"damage":9.0,"enemies":"3 Cultists","floor":31.0,"turns":4.0},{"damage":16.0,"enemies":"Automaton","floor":33.0,"turns":7.0},{"damage":1.0,"enemies":"Orb Walker","floor":35.0,"turns":4.0},{"damage":3.0,"enemies":"3 Darklings","floor":37.0,"turns":5.0},{"damage":18,"enemies":"Maw","floor":38,"turns":5},{"damage":4,"enemies":"Mind Bloom Boss Battle","floor":41,"turns":5},{"damage":15,"enemies":"4 Shapes","floor":42,"turns":5},{"damage":4,"enemies":"Writhing Mass","floor":45,"turns":5},{"damage":5,"enemies":"Sphere and 2 Shapes","floor":48,"turns":4},{"damage":63,"enemies":"Awakened One","floor":50,"turns":9}],"seed_played":"-2398233361446973555","potions_obtained":[{"floor":3.0,"key":"FairyPotion"},{"floor":7.0,"key":"Strength Potion"},{"floor":11.0,"key":"ColorlessPotion"},{"floor":18.0,"key":"BlessingOfTheForge"},{"floor":19.0,"key":"Block Potion"},{"floor":38,"key":"LiquidMemories"},{"floor":42,"key":"Block Potion"}],"is_trial":false,"path_per_floor":["M","?","M","?","M","R","E","M","T","$","M","R","$","M","R","B",null,"M","M","?","$","M","R","?","R","T","?","R","M","R","M","R","B",null,"M","?","M","M","$","R","?","M","T","$","M","T","R","M","R","B",null],"character_chosen":"WATCHER","items_purchased":["Fasting2","EmptyFist","Ragnarok"],"campfire_rested":1,"item_purchase_floors":[13,21,44],"current_hp_per_floor":[51,51,46,32,32,32,17,17,17,17,15,15,15,10,10,10,72,62,55,55,55,55,55,55,55,62,62,62,57,57,48,48,32,79,78,78,75,57,57,57,53,38,38,38,34,48,75,70,70,7],"gold":160,"neow_bonus":"TRANSFORM_TWO_CARDS","is_daily":false,"chose_seed":false,"campfire_upgraded":10,"win_rate":0.0,"timestamp":1609439910,"path_taken":["M","?","M","?","M","R","E","M","T","$","M","R","?","?","R","BOSS","M","M","?","$","M","R","?","R","T","?","R","M","R","M","R","BOSS","M","?","M","M","$","R","?","M","T","$","M","?","R","?","R","BOSS"],"items_purchased_type":["Card","Card","Card"],"build_version":"2020-12-22","purchased_purges":3,"victory":true,"max_hp_per_floor":[72,72,72,72,72,72,72,72,72,72,72,72,72,72,72,72,72,72,72,72,72,72,72,72,72,79,79,79,79,79,79,79,79,79,79,79,79,79,79,79,79,79,79,79,79,93,93,93,93,93],"relic_stats":{"Peace Pipe":0,"Dream Catcher":1,"Busted Crown":16,"counters":[22,100],"Shuriken":[26],"Kunai":[6],"obtain_stats":[{"Peace Pipe":41,"Dream Catcher":20,"Busted Crown":34,"Shuriken":7,"Strawberry":26,"Mango":46,"Kunai":43,"PureWater":0,"Toxic Egg 2":9,"Runic Pyramid":17},{"Peace Pipe":18,"Dream Catcher":10,"Busted Crown":14,"Shuriken":4,"Strawberry":11,"Mango":20,"Kunai":19,"PureWater":0,"Toxic Egg 2":5,"Runic Pyramid":8},{"Peace Pipe":77,"Dream Catcher":41,"Busted Crown":58,"Shuriken":23,"Strawberry":44,"Mango":87,"Kunai":82,"PureWater":0,"Toxic Egg 2":26,"Runic Pyramid":36}]},"card_choices":[{"not_picked":["Prostrate","Halt"],"picked":"Protect","floor":1.0},{"not_picked":["Crescendo","ReachHeaven"],"picked":"FollowUp","floor":3.0},{"not_picked":["CrushJoints","Halt"],"picked":"SashWhip","floor":5.0},{"not_picked":["Evaluate","WaveOfTheHand"],"picked":"BattleHymn","floor":7.0},{"not_picked":["Swivel","Weave"],"picked":"Tantrum","floor":8.0},{"not_picked":["FollowUp","SignatureMove","FlurryOfBlows"],"picked":"SKIP","floor":11.0},{"not_picked":["ClearTheMind+1","Indignation+1","Vengeance+1"],"picked":"SKIP","floor":14.0},{"not_picked":["Brilliance","Blasphemy+1"],"picked":"Judgement+1","floor":16.0},{"not_picked":["CutThroughFate+1","FlyingSleeves","WindmillStrike"],"picked":"SKIP","floor":18.0},{"not_picked":["Crescendo+1","Blasphemy+1"],"picked":"Halt+1","floor":19.0},{"not_picked":["Nirvana","FollowUp+1","CarveReality+1"],"picked":"SKIP","floor":22.0},{"not_picked":["Perseverance+1","Meditate+1"],"picked":"EmptyFist+1","floor":29.0},{"not_picked":["ThirdEye+1","CarveReality+1","Prostrate+1"],"picked":"SKIP","floor":31.0},{"not_picked":["Vault+1","Blasphemy+1"],"picked":"SpiritShield+1","floor":33.0},{"not_picked":["Fasting2"],"picked":"SKIP","floor":35.0},{"not_picked":[],"picked":"Consecrate+1","floor":37.0},{"not_picked":[],"picked":"Evaluate+1","floor":38},{"not_picked":["FollowUp+1"],"picked":"SKIP","floor":42},{"not_picked":["WreathOfFlame+1"],"picked":"SKIP","floor":45},{"not_picked":[],"picked":"WreathOfFlame+1","floor":45},{"not_picked":["Halt+1"],"picked":"SKIP","floor":48}],"player_experience":891157,"relics_obtained":[{"floor":7.0,"key":"Shuriken"},{"floor":9.0,"key":"Toxic Egg 2"},{"floor":26.0,"key":"Strawberry"},{"floor":41,"key":"Peace Pipe"},{"floor":43,"key":"Kunai"},{"floor":46,"key":"Mango"}],"event_choices":[{"damage_healed":0.0,"max_hp_gain":0.0,"max_hp_loss":0.0,"gold_gain":0.0,"event_name":"World of Goop","player_choice":"Left Gold","floor":2.0,"gold_loss":49.0,"damage_taken":0.0},{"damage_healed":0.0,"max_hp_gain":0.0,"max_hp_loss":0.0,"gold_gain":0.0,"event_name":"Shining Light","player_choice":"Entered Light","floor":4.0,"gold_loss":0.0,"damage_taken":14.0,"cards_upgraded":["Strike_P","Vigilance"]},{"damage_healed":0.0,"max_hp_gain":0.0,"max_hp_loss":0.0,"gold_gain":0.0,"event_name":"The Mausoleum","player_choice":"Opened","floor":20.0,"gold_loss":0.0,"damage_taken":0.0,"relics_obtained":["Dream Catcher"]},{"damage_healed":0.0,"max_hp_gain":0.0,"max_hp_loss":0.0,"gold_gain":0.0,"event_name":"The Library","player_choice":"Read","floor":24.0,"gold_loss":0.0,"damage_taken":0.0,"cards_obtained":["EmptyBody"]},{"damage_healed":0.0,"max_hp_gain":0.0,"max_hp_loss":0.0,"gold_gain":99.0,"event_name":"Nest","player_choice":"Stole From Cult","floor":27.0,"gold_loss":0.0,"damage_taken":0.0},{"damage_healed":0.0,"max_hp_gain":0.0,"max_hp_loss":0.0,"gold_gain":0.0,"event_name":"Mysterious Sphere","player_choice":"Ignored","floor":36.0,"gold_loss":0.0,"damage_taken":0.0},{"damage_healed":0,"gold_gain":0,"player_choice":"Fight","damage_taken":0,"max_hp_gain":0,"max_hp_loss":0,"event_name":"MindBloom","floor":41,"gold_loss":0}],"is_beta":false,"boss_relics":[{"not_picked":["SacredBark","SlaversCollar"],"picked":"Runic Pyramid"},{"not_picked":["Pandora\u0027s Box","Philosopher\u0027s Stone"],"picked":"Busted Crown"}],"items_purged_floors":[10,21,39],"is_endless":false,"potions_floor_spawned":[3,7,11,18,19,38,42],"ascension_level":0}}