{"host":"cij6922spxtbkai3","time":1609409477,"event":{"mods":["2.2 Compatiblity","AchievementEnabler","BaseMod","Colored Map","DeckTracker","Highlight Path","Keyboard Shortcuts","Minty Spire (QoL Compilation)","Permanent Neow","Quick Restart","Rare Cards Sparkle","SuperFastMode","everything is the same but u backflip on backflip"],"gold_per_floor":[115,115,134,151,168,168,193,193,193,193,218,229,229,4,4,104,104,116,116,131,142,42,42,67,67,67,67,84,115,126,1,1,98,98,110,130,352,58,58,58,58],"floor_reached":40,"playtime":1579,"items_purged":["Strike_R","Strike_R","Defend_R","Bash"],"score":461,"play_id":"503a8f99-4b18-4e93-94ce-02a7aed219dc","local_time":"20201231191117","is_ascension_mode":true,"campfire_choices":[{"data":"Flex","floor":6.0,"key":"SMITH"},{"data":"Pummel","floor":13.0,"key":"SMITH"},{"floor":15.0,"key":"REST"},{"data":"Feed","floor":23.0,"key":"SMITH"},{"data":"Inflame","floor":25.0,"key":"SMITH"},{"data":"Inflame","floor":27.0,"key":"SMITH"},{"floor":32.0,"key":"REST"}],"circlet_count":0,"master_deck":["Flex+1","Pummel+1","Inflame+1","Flex","Inflame+1","Shrug It Off","Feed+1","Heavy Blade+1","Shrug It Off","Thunderclap","Impervious","Metallicize+1"],"relics":["Burning Blood","Self Forming Clay","Charon\u0027s Ashes","TungstenRod","Empty Cage","Nunchaku","Darkstone Periapt","Bronze Scales","Red Mask","SlaversCollar","Sling"],"acts_visited":["Exordium","TheCity","TheBeyond"],"potions_floor_usage":[40,40],"damage_taken":[{"damage":1.0,"enemies":"2 Louse","floor":1.0,"turns":3.0},{"damage":1.0,"enemies":"Cultist","floor":3.0,"turns":3.0},{"damage":5.0,"enemies":"Small Slimes","floor":4.0,"turns":3.0},{"damage":10.0,"enemies":"Looter","floor":5.0,"turns":3.0},{"damage":62.0,"enemies":"3 Sentries","floor":7.0,"turns":13.0},{"damage":25.0,"enemies":"Gremlin Nob","floor":11.0,"turns":4.0},{"damage":2.0,"enemies":"Blue Slaver","floor":12.0,"turns":3.0},{"damage":28.0,"enemies":"Hexaghost","floor":16.0,"turns":9.0},{"damage":26.0,"enemies":"2 Thieves","floor":18.0,"turns":4.0},{"damage":9.0,"enemies":"Spheric Guardian","floor":20.0,"turns":3.0},{"damage":4.0,"enemies":"Snecko","floor":21.0,"turns":4.0},{"damage":66.0,"enemies":"Book of Stabbing","floor":24.0,"turns":8.0},{"damage":14.0,"enemies":"Shelled Parasite and Fungi","floor":28.0,"turns":4.0},{"damage":2.0,"enemies":"Masked Bandits","floor":29.0,"turns":3.0},{"damage":0.0,"enemies":"Centurion and Healer","floor":30.0,"turns":3.0},{"damage":36.0,"enemies":"Automaton","floor":33.0,"turns":6.0},{"damage":18.0,"enemies":"Orb Walker","floor":35.0,"turns":3.0},{"damage":25.0,"enemies":"3 Shapes","floor":36.0,"turns":3.0},{"damage":56,"enemies":"Awakened One","floor":40,"turns":7}],"seed_played":"-8474112023134117565","potions_obtained":[{"floor":4.0,"key":"BloodPotion"},{"floor":11.0,"key":"EssenceOfSteel"},{"floor":12.0,"key":"Fire Potion"},{"floor":20.0,"key":"FairyPotion"},{"floor":30.0,"key":"Fire Potion"},{"floor":35.0,"key":"Weak Potion"}],"is_trial":false,"path_per_floor":["M","?","M","M","M","R","E","?","T","?","E","M","R","$","R","B",null,"M","?","M","M","$","R","E","R","T","R","M","?","M","$","R","B",null,"M","M","?","$","?","B"],"character_chosen":"IRONCLAD","items_purchased":["Flex","Inflame","Shrug It Off","Sling"],"campfire_rested":2,"item_purchase_floors":[14,14,14,38],"current_hp_per_floor":[61,61,66,67,63,63,23,49,49,42,23,27,27,27,51,29,80,63,63,60,62,62,62,30,30,30,30,22,26,32,32,56,26,83,71,56,56,56,56,0,0],"gold":58,"neow_bonus":"REMOVE_TWO","is_daily":false,"chose_seed":false,"campfire_upgraded":5,"win_rate":0.0,"timestamp":1609409477,"path_taken":["M","?","M","M","?","R","E","?","T","?","E","M","R","$","R","BOSS","M","?","M","M","$","R","E","R","T","R","?","?","M","$","R","BOSS","M","M","?","$","?","BOSS"],"items_purchased_type":["Card","Card","Card","Relic"],"build_version":"2020-12-22","purchased_purges":4,"victory":false,"max_hp_per_floor":[80,80,80,80,80,80,80,80,80,80,80,80,80,80,80,80,80,83,83,83,83,83,83,83,83,83,83,83,83,83,83,83,83,83,83,87,87,87,87,87,87],"card_choices":[{"not_picked":["Inflame","Shockwave"],"picked":"Flex","floor":1.0},{"not_picked":["Twin Strike","Reckless Charge","Sword Boomerang"],"picked":"SKIP","floor":3.0},{"not_picked":["Whirlwind","Anger","Rage"],"picked":"SKIP","floor":4.0},{"not_picked":["Evolve","Clothesline","Perfected Strike"],"picked":"SKIP","floor":5.0},{"not_picked":["Warcry","Fire Breathing","True Grit"],"picked":"SKIP","floor":7.0},{"not_picked":["Evolve","Flex"],"picked":"Pummel","floor":11.0},{"not_picked":["Shrug It Off","Dark Embrace"],"picked":"Inflame","floor":12.0},{"not_picked":["Fiend Fire","Immolate"],"picked":"Feed","floor":16.0},{"not_picked":["Shrug It Off+1","Metallicize"],"picked":"Heavy Blade+1","floor":18.0},{"not_picked":["True Grit","Sentinel"],"picked":"Shrug It Off","floor":20.0},{"not_picked":["Clash","Flame Barrier","Perfected Strike"],"picked":"SKIP","floor":21.0},{"not_picked":["Wild Strike","Immolate","Anger"],"picked":"SKIP","floor":24.0},{"not_picked":["Clothesline+1","Anger","True Grit"],"picked":"SKIP","floor":28.0},{"not_picked":["Flex","True Grit"],"picked":"Thunderclap","floor":29.0},{"not_picked":["Sword Boomerang","Reckless Charge","Dual Wield"],"picked":"SKIP","floor":30.0},{"not_picked":["Immolate","Double Tap"],"picked":"Impervious","floor":33.0},{"not_picked":["Thunderclap","Perfected Strike+1","Rage+1"],"picked":"SKIP","floor":35.0},{"not_picked":["Twin Strike","Rupture+1"],"picked":"Metallicize+1","floor":36.0}],"player_experience":14650,"relics_obtained":[{"floor":7.0,"key":"Self Forming Clay"},{"floor":9.0,"key":"Charon\u0027s Ashes"},{"floor":11.0,"key":"TungstenRod"},{"floor":19.0,"key":"Nunchaku"},{"floor":24.0,"key":"Darkstone Periapt"},{"floor":26.0,"key":"Bronze Scales"},{"floor":29.0,"key":"Red Mask"}],"event_choices":[{"cards_removed":["Defend_R"],"damage_healed":0.0,"max_hp_gain":0.0,"max_hp_loss":0.0,"gold_gain":0.0,"event_name":"Bonfire Elementals","player_choice":"Offered Basic","floor":2.0,"gold_loss":0.0,"damage_taken":0.0},{"damage_healed":26.0,"max_hp_gain":0.0,"max_hp_loss":0.0,"gold_gain":0.0,"event_name":"Big Fish","player_choice":"Banana","floor":8.0,"gold_loss":0.0,"damage_taken":0.0},{"cards_removed":["Defend_R"],"damage_healed":0.0,"max_hp_gain":0.0,"max_hp_loss":0.0,"gold_gain":0.0,"event_name":"Golden Wing","player_choice":"Card Removal","floor":10.0,"gold_loss":0.0,"damage_taken":7.0},{"damage_healed":0.0,"max_hp_gain":0.0,"max_hp_loss":0.0,"gold_gain":0.0,"event_name":"Wheel of Change","player_choice":"Relic","floor":19.0,"gold_loss":0.0,"damage_taken":0.0},{"damage_healed":0.0,"max_hp_gain":0.0,"max_hp_loss":0.0,"gold_gain":0.0,"event_name":"Masked Bandits","player_choice":"Fought Bandits","floor":29.0,"gold_loss":0.0,"damage_taken":0.0},{"damage_healed":0.0,"max_hp_gain":0.0,"max_hp_loss":0.0,"gold_gain":222.0,"event_name":"Tomb of Lord Red Mask","player_choice":"Wore Mask","floor":37.0,"gold_loss":0.0,"damage_taken":0.0},{"damage_healed":0.0,"max_hp_gain":0.0,"max_hp_loss":0.0,"gold_gain":0.0,"event_name":"SecretPortal","player_choice":"Took Portal","floor":39.0,"gold_loss":0.0,"damage_taken":0.0}],"is_beta":false,"boss_relics":[{"not_picked":["Fusion Hammer","Runic Pyramid"],"picked":"Empty Cage"},{"not_picked":["Calling Bell","Sozu"],"picked":"SlaversCollar"}],"items_purged_floors":[14,22,31,38],"is_endless":false,"potions_floor_spawned":[4,11,12,20,30,35],"killed_by":"Awakened One","ascension_level":1}}