{"host":"37dk0reb6x0du8wx","time":1609419807,"event":{"mods":["BaseMod","Colored Map","DeckTracker","Minty Spire (QoL Compilation)","Quick Restart","StSLib","SuperFastMode","The Dragon Tamer"],"gold_per_floor":[119,132,132,57,57,97,97,128,128,151,165,165,9,24,24,24,24],"floor_reached":16,"playtime":305,"items_purged":["Strike_B"],"score":149,"play_id":"674e6615-2791-49cb-91cb-02af8b179b6d","local_time":"20201231220327","is_ascension_mode":true,"campfire_choices":[{"floor":7,"key":"REST"},{"floor":12,"key":"REST"},{"floor":15,"key":"REST"}],"circlet_count":0,"master_deck":["Strike_B","Strike_B","Strike_B","Defend_B","Defend_B","Defend_B","Defend_B","Zap","Dualcast","Ball Lightning","Leap","Ball Lightning","Hyperbeam"],"relics":["Cracked Core","NeowsBlessing","CaptainsWheel","Golden Idol","Nunchaku","Bronze Scales","Bottled Flame","Blood Vial"],"acts_visited":["Exordium"],"potions_floor_usage":[8],"damage_taken":[{"damage":0,"enemies":"2 Louse","floor":1,"turns":1},{"damage":0,"enemies":"Cultist","floor":2,"turns":1},{"damage":0,"enemies":"Lagavulin","floor":6,"turns":2},{"damage":34,"enemies":"3 Sentries","floor":8,"turns":9},{"damage":12,"enemies":"Jaw Worm","floor":10,"turns":2},{"damage":18,"enemies":"Large Slime","floor":11,"turns":3},{"damage":15,"enemies":"Lots of Slimes","floor":14,"turns":3},{"damage":48,"enemies":"Slime Boss","floor":16,"turns":6}],"seed_played":"-4058563851553381883","potions_obtained":[{"floor":6,"key":"Regen Potion"},{"floor":8,"key":"FearPotion"},{"floor":10,"key":"Weak Potion"}],"is_trial":false,"path_per_floor":["M","M","?","$","?","E","R","E","T","M","M","R","$","M","R","B"],"character_chosen":"DEFECT","items_purchased":["Blood Vial"],"campfire_rested":3,"item_purchase_floors":[13],"current_hp_per_floor":[75,75,57,57,39,39,61,42,42,30,12,34,34,21,43,0,0],"gold":24,"neow_bonus":"THREE_ENEMY_KILL","is_daily":false,"chose_seed":false,"campfire_upgraded":0,"win_rate":0.0,"timestamp":1609419807,"path_taken":["M","M","?","$","?","E","R","E","T","M","M","R","$","M","R","BOSS"],"items_purchased_type":["Relic"],"build_version":"2020-12-22","purchased_purges":1,"victory":false,"max_hp_per_floor":[75,75,75,75,75,75,75,75,75,75,75,75,75,75,75,75,75],"card_choices":[{"not_picked":["Coolheaded","Self Repair"],"picked":"Ball Lightning","floor":1},{"not_picked":["Hologram","Streamline","Conserve Battery"],"picked":"SKIP","floor":2},{"not_picked":["Stack","Reinforced Body"],"picked":"Leap","floor":6},{"not_picked":["Chaos","Compile Driver"],"picked":"Ball Lightning","floor":8},{"not_picked":["Steam","Barrage","Cold Snap"],"picked":"SKIP","floor":10},{"not_picked":["Turbo","Redo","Beam Cell"],"picked":"SKIP","floor":11},{"not_picked":["Go for the Eyes","Gash"],"picked":"Hyperbeam","floor":14}],"player_experience":107224,"relics_obtained":[{"floor":6,"key":"Nunchaku"},{"floor":8,"key":"Bronze Scales"},{"floor":9,"key":"Bottled Flame"}],"event_choices":[{"damage_healed":0,"gold_gain":0,"player_choice":"Success","damage_taken":18,"relics_obtained":["CaptainsWheel"],"max_hp_gain":0,"max_hp_loss":0,"event_name":"Scrap Ooze","floor":3,"gold_loss":0},{"damage_healed":0,"gold_gain":0,"player_choice":"Take Damage","damage_taken":18,"relics_obtained":["Golden Idol"],"max_hp_gain":0,"max_hp_loss":0,"event_name":"Golden Idol","floor":5,"gold_loss":0}],"is_beta":false,"boss_relics":[],"items_purged_floors":[4],"is_endless":false,"potions_floor_spawned":[6,8,10],"killed_by":"Slime Boss","ascension_level":2}}