{"host":"9whf1n4a9wpiw119","time":1609414221,"event":{"mods":["Aspiration","BaseMod","Beaked The Cultist","Better Altar","Better Note","Better Skull","Better Third Choice","Challenge The Spire","Colored Map","Colored Powertips","Conspire","Emptier Cage","Energized Spire","GifTheSpireLib","Halation","Hermit","Highlight Path","Hubris","Infinite Spire","Marked Mod","Minty Spire (QoL Compilation)","Quick Restart","Rare Cards Sparkle","Relic Stats","Replay The Spire","Retaliation","Shop Mod","Spikes Relics","StSLib","Stuff the Spire","SuperFastMode","Synergy Search","The Construct"],"gold_per_floor":[119,134,147,97,97,127,38,63,63,81,116,134,134,134,153,153,255,255,272,272,272,272,284,315,315,341,341,356,59,69,69,84,84,181,181,199,254,272,272,272,272,286,286,366,379,405,35,47,77,77,77],"floor_reached":52,"playtime":3038,"items_purged":["hermit:Strike_Hermit","hermit:Defend_Hermit"],"score":741,"play_id":"3035708d-1b0c-46d2-bd02-5b908e159fb1","local_time":"20201231143021","is_ascension_mode":true,"campfire_choices":[{"floor":13.0,"key":"REST"},{"data":"DDmod:MulticlassingSkill","floor":16.0,"key":"SMITH"},{"data":"StuffTheSpire:BrainWave","floor":25.0,"key":"SMITH"},{"data":"hermit:FlashPowder","floor":31.0,"key":"SMITH"},{"data":"ReachHeaven","floor":33.0,"key":"SMITH"},{"data":"hermit:Gestalt","floor":41,"key":"SMITH"},{"floor":43,"key":"REST"},{"floor":50,"key":"REST"}],"circlet_count":0,"master_deck":["hermit:Strike_Hermit","hermit:Strike_Hermit","hermit:Defend_Hermit","hermit:Defend_Hermit","hermit:Defend_Hermit","hermit:Snapshot","hermit:Covet","FollowUp","FlyingSleeves","Pain","ReachHeaven+1","DDmod:MulticlassingSkill+1","hermit:Magnum+1","hermit:Gestalt+1","hermit:Vantage","hermit:OverwhelmingPower+1","hermit:Quickdraw+1","StuffTheSpire:BrainWave+1","Pain","hermit:Roughhouse+1","hermit:Cheat","hermit:GoldenBullet","DDmod:PotionAddictCard+1","hermit:CursedWeapon+1","hermit:FlashPowder+1","EmptyFist","Reaper+1","hermit:Brawl+1","hermit:FromBeyond+1","Master of Strategy+1","hermit:BlackWind+1"],"relics":["hermit:Momento","aspiration:Nostalgia","Replay:M_SmolderingBlood","WarpedTongs","StuffTheSpire:Gunfinga","aspiration:EmptySkull","Golden Egg","hubris:ScarierMask","hermit:Horseshoe","Nloth\u0027s Gift","infinitespire:Satchel","ReplayTheSpireMod:Lightbulb","SnailShell","BargainBundle","hubris:VirtuousBlindfold","PreservedInsect","halation:PinkSoulGem","Gremlin Horn","Replay:Mystery Machine","SpikesRelics:DaevaFist","halation:QuantumPhysicsTextbook","construct:LongRangeLance"],"acts_visited":["TheBeyond"],"potions_floor_usage":[42,46,49,51],"damage_taken":[{"damage":14.0,"enemies":"Small Slimes","floor":1.0,"turns":4.0},{"damage":2.0,"enemies":"Jaw Worm","floor":2.0,"turns":3.0},{"damage":0.0,"enemies":"Cultist","floor":3.0,"turns":3.0},{"damage":16.0,"enemies":"Gremlin Nob","floor":6.0,"turns":3.0},{"damage":7.0,"enemies":"3 Sentries","floor":8.0,"turns":5.0},{"damage":8.0,"enemies":"3 Louse","floor":10.0,"turns":3.0},{"damage":11.0,"enemies":"Replay:BlueRogue","floor":11.0,"turns":3.0},{"damage":16.0,"enemies":"Exordium Thugs","floor":12.0,"turns":3.0},{"damage":0.0,"enemies":"Exordium Wildlife","floor":15.0,"turns":2.0},{"damage":20.0,"enemies":"Slime Boss","floor":17.0,"turns":7.0},{"damage":1.0,"enemies":"Spheric Guardian","floor":19.0,"turns":4.0},{"damage":1.0,"enemies":"2 Thieves","floor":23.0,"turns":3.0},{"damage":25.0,"enemies":"Nightmare","floor":24.0,"turns":9.0},{"damage":0.0,"enemies":"Slavers","floor":26.0,"turns":4.0},{"damage":0.0,"enemies":"Snecko","floor":28.0,"turns":2.0},{"damage":6.0,"enemies":"Snake Plant","floor":30.0,"turns":3.0},{"damage":3.0,"enemies":"3 Cultists","floor":32.0,"turns":3.0},{"damage":49.0,"enemies":"Collector","floor":34.0,"turns":10.0},{"damage":4,"enemies":"3 Darklings","floor":36,"turns":5},{"damage":3,"enemies":"Orb Walker","floor":38,"turns":3},{"damage":10,"enemies":"Transient","floor":42,"turns":5},{"damage":5,"enemies":"Sphere and 2 Shapes","floor":45,"turns":2},{"damage":10,"enemies":"Nemesis","floor":46,"turns":5},{"damage":7,"enemies":"3 Darklings","floor":48,"turns":3},{"damage":15,"enemies":"beaked:SuperParasite","floor":49,"turns":4},{"damage":22,"enemies":"Replay:Hell Engine","floor":51,"turns":8}],"seed_played":"-8685622507878275281","potions_obtained":[{"floor":2.0,"key":"Fire Potion"},{"floor":6.0,"key":"Swift Potion"},{"floor":8.0,"key":"Reflective Coating"},{"floor":10.0,"key":"SpeedPotion"},{"floor":17.0,"key":"DistilledChaos"},{"floor":19.0,"key":"BlessingOfTheForge"},{"floor":26.0,"key":"Adrenaline Potion"},{"floor":32.0,"key":"Weak Potion"},{"floor":37,"key":"AttackPotion"},{"floor":37,"key":"Energy Potion"},{"floor":45,"key":"AttackPotion"},{"floor":48,"key":"hermit:Tonic"},{"floor":49,"key":"Energy Potion"}],"is_trial":false,"path_per_floor":["M","M","M","?","?","E","$","E","T","M","E","M","R","R","M","R","B",null,"M","AVR","?","?","M","NM","R","E","T","M","$","M","R","M","R","B",null,"M","?","M","?","?","R","M","R","T","M","E","$","M","E","R","B",null],"character_chosen":"HERMIT","items_purchased":["DDmod:MulticlassingSkill","BargainBundle","Fruit Juice","DDmod:PotionAddictCard","hermit:CursedWeapon","SpikesRelics:DaevaFist","Master of Strategy","Fire Potion"],"campfire_rested":3,"item_purchase_floors":[7,29,29,29,29,47,47,47],"current_hp_per_floor":[61,59,59,59,59,43,43,36,36,28,17,1,32,41,41,50,30,75,74,74,74,74,73,48,48,48,48,48,48,48,48,55,55,6,85,83,49,51,51,51,51,46,70,70,65,55,55,50,35,59,37],"gold":77,"neow_bonus":"NOSTALGIA","is_daily":false,"chose_seed":false,"campfire_upgraded":5,"win_rate":0.0,"timestamp":1609414221,"path_taken":["M","M","M","?","?","E","$","E","T","M","E","M","R","R","M","R","BOSS","M","AVR","?","?","M","NM","R","E","T","?","?","?","R","M","R","BOSS","M","?","M","?","?","R","?","R","T","M","E","$","M","E","R","BOSS"],"items_purchased_type":["Card","Relic","Potion","Card","Card","Relic","Card","Potion"],"build_version":"2020-12-22","purchased_purges":2,"victory":true,"max_hp_per_floor":[75,75,75,75,75,75,75,75,75,75,75,75,75,75,75,75,75,75,75,75,75,75,75,75,75,75,75,75,75,75,75,85,85,85,85,85,85,85,85,81,81,81,81,81,81,81,81,81,81,81,81],"relic_stats":{"Gremlin Horn":[4,4],"counters":[26,109],"PreservedInsect":110,"Nloth\u0027s Gift":7,"obtain_stats":[{"Golden Egg":11,"SnailShell":27,"BargainBundle":29,"Gremlin Horn":44,"halation:QuantumPhysicsTextbook":49,"aspiration:Nostalgia":0,"hubris:VirtuousBlindfold":35,"Eternal Feather":6,"PreservedInsect":37,"construct:LongRangeLance":51,"Replay:Mystery Machine":46,"WarpedTongs":5,"StuffTheSpire:Gunfinga":8,"aspiration:EmptySkull":9,"Replay:M_SmolderingBlood":0,"hubris:ScarierMask":18,"infinitespire:Satchel":24,"Nloth\u0027s Gift":22,"SpikesRelics:DaevaFist":47,"hermit:Horseshoe":20,"ReplayTheSpireMod:Lightbulb":26,"halation:PinkSoulGem":39,"hermit:Momento":0},{"Golden Egg":7,"SnailShell":14,"BargainBundle":15,"Gremlin Horn":21,"halation:QuantumPhysicsTextbook":25,"aspiration:Nostalgia":0,"hubris:VirtuousBlindfold":18,"Eternal Feather":4,"PreservedInsect":19,"construct:LongRangeLance":26,"Replay:Mystery Machine":23,"WarpedTongs":3,"StuffTheSpire:Gunfinga":5,"aspiration:EmptySkull":5,"Replay:M_SmolderingBlood":0,"hubris:ScarierMask":10,"infinitespire:Satchel":13,"Nloth\u0027s Gift":11,"SpikesRelics:DaevaFist":23,"hermit:Horseshoe":11,"ReplayTheSpireMod:Lightbulb":14,"halation:PinkSoulGem":20,"hermit:Momento":0},{"Golden Egg":24,"SnailShell":56,"BargainBundle":58,"Gremlin Horn":87,"halation:QuantumPhysicsTextbook":101,"aspiration:Nostalgia":0,"hubris:VirtuousBlindfold":74,"Eternal Feather":13,"PreservedInsect":79,"construct:LongRangeLance":109,"Replay:Mystery Machine":94,"WarpedTongs":10,"StuffTheSpire:Gunfinga":18,"aspiration:EmptySkull":18,"Replay:M_SmolderingBlood":0,"hubris:ScarierMask":36,"infinitespire:Satchel":52,"Nloth\u0027s Gift":40,"SpikesRelics:DaevaFist":94,"hermit:Horseshoe":40,"ReplayTheSpireMod:Lightbulb":56,"halation:PinkSoulGem":82,"hermit:Momento":0}],"WarpedTongs":[95]},"card_choices":[{"not_picked":["hermit:Glare","hermit:LuckOfTheDraw"],"picked":"FollowUp","floor":1.0},{"not_picked":["hermit:Dive","hermit:Snipe"],"picked":"FlyingSleeves","floor":2.0},{"not_picked":["hermit:Cheat","hermit:HoleUp","BowlingBash"],"picked":"SKIP","floor":3.0},{"not_picked":["hermit:Maintenance","hermit:Deadeye"],"picked":"ReachHeaven","floor":6.0},{"not_picked":["FlyingSleeves","Searing Blow","hermit:NoHoldsBarred"],"picked":"SKIP","floor":8.0},{"not_picked":["hermit:LowProfile","ForeignInfluence","hermit:Misfire"],"picked":"SKIP","floor":10.0},{"not_picked":["Uppercut","hermit:EyeOfTheStorm"],"picked":"hermit:Magnum","floor":11.0},{"not_picked":["hermit:LowProfile","Searing Blow"],"picked":"hermit:Gestalt","floor":12.0},{"not_picked":["hermit:Virtue","hermit:Manifest"],"picked":"hermit:Vantage","floor":15.0},{"not_picked":["hermit:RoundhouseKick","hermit:EternalForm"],"picked":"hermit:OverwhelmingPower","floor":17.0},{"not_picked":["hermit:CalledShot","hermit:Ricochet"],"picked":"hermit:Quickdraw+1","floor":19.0},{"not_picked":["Searing Blow","hermit:Roulette+1"],"picked":"hermit:Roughhouse","floor":23.0},{"not_picked":["hermit:Cheat","hermit:SprayPray+1","hermit:WideOpen+1"],"picked":"SKIP","floor":24.0},{"not_picked":["hermit:SprayPray+1","hermit:WideOpen+1"],"picked":"hermit:Cheat","floor":24.0},{"not_picked":["BowlingBash+1","hermit:Ricochet","hermit:Brawl"],"picked":"SKIP","floor":26.0},{"not_picked":["hermit:Malice","hermit:Midnight+1"],"picked":"hermit:GoldenBullet","floor":28.0},{"not_picked":["hermit:Deadeye","hermit:Headshot+1"],"picked":"hermit:FlashPowder","floor":30.0},{"not_picked":["Halt+1","hermit:TakeAim"],"picked":"EmptyFist","floor":32.0},{"not_picked":["hermit:Purgatory","hermit:Magnum"],"picked":"Reaper","floor":34.0},{"not_picked":["hermit:Desperado+1","hermit:Malice"],"picked":"hermit:Brawl+1","floor":36},{"not_picked":["hermit:FatalDesire","hermit:Quickdraw+1","hermit:Coalescence"],"picked":"SKIP","floor":38},{"not_picked":["hermit:SprayPray","hermit:Horror+1","hermit:HighCaliber+1"],"picked":"SKIP","floor":42},{"not_picked":["hermit:ShadowCloak","hermit:Headshot+1","hermit:CalledShot"],"picked":"SKIP","floor":45},{"not_picked":["hermit:RoundhouseKick","hermit:Roulette+1"],"picked":"hermit:FromBeyond","floor":46},{"not_picked":["hermit:Coalescence","hermit:LowProfile","hermit:Showdown+1"],"picked":"SKIP","floor":48},{"not_picked":["hermit:Scavenge","hermit:NoHoldsBarred"],"picked":"hermit:BlackWind","floor":49}],"player_experience":1068447,"relics_obtained":[{"floor":6.0,"key":"Eternal Feather"},{"floor":8.0,"key":"StuffTheSpire:Gunfinga"},{"floor":9.0,"key":"aspiration:EmptySkull"},{"floor":11.0,"key":"Golden Egg"},{"floor":24.0,"key":"infinitespire:Satchel"},{"floor":26.0,"key":"ReplayTheSpireMod:Lightbulb"},{"floor":27.0,"key":"SnailShell"},{"floor":37,"key":"PreservedInsect"},{"floor":44,"key":"Gremlin Horn"},{"floor":46,"key":"Replay:Mystery Machine"},{"floor":49,"key":"halation:QuantumPhysicsTextbook"}],"event_choices":[{"cards_removed":["hermit:Strike_Hermit"],"damage_healed":0.0,"max_hp_gain":0.0,"max_hp_loss":0.0,"gold_gain":0.0,"event_name":"The Cleric","player_choice":"Card Removal","floor":4.0,"gold_loss":50.0,"damage_taken":0.0},{"damage_healed":0.0,"max_hp_gain":0.0,"max_hp_loss":0.0,"gold_gain":0.0,"event_name":"Accursed Blacksmith","player_choice":"Rummage","floor":5.0,"gold_loss":0.0,"damage_taken":0.0,"relics_obtained":["WarpedTongs"],"cards_obtained":["Pain"]},{"damage_healed":0.0,"max_hp_gain":0.0,"max_hp_loss":0.0,"gold_gain":0.0,"event_name":"N\u0027loth","player_choice":"Traded Relic","floor":22.0,"relics_lost":["Eternal Feather"],"gold_loss":0.0,"damage_taken":0.0,"relics_obtained":["Nloth\u0027s Gift"]},{"damage_healed":0,"gold_gain":0,"player_choice":"Max HP","damage_taken":0,"max_hp_gain":0,"max_hp_loss":4,"event_name":"Winding Halls","floor":40,"gold_loss":0}],"is_beta":false,"boss_relics":[{"not_picked":["Replay:Drink Me","conspire:RunicOctahedron"],"picked":"hubris:ScarierMask"},{"not_picked":["Runic Dome","energizedSpire:EnergizedDie"],"picked":"hubris:VirtuousBlindfold"}],"items_purged_floors":[20,29],"is_endless":false,"potions_floor_spawned":[2,6,8,10,17,19,26,28,32,45,48,49],"ascension_level":4}}