{"host":"tw8gm4p1o2j6gfl4","time":1609448439,"event":{"mods":["Aspiration","BaseMod","BetterRewards","Colored Map","Colored Powertips","Curses Come First","Downfall","Hermit","Hubris","Infinite Spire","Lobotomy","Luminous","Minty Spire (QoL Compilation)","Quick Restart","Replay The Spire","StSLib","SuperFastMode","The Cursed","The Jungle","The Marked","Trackpad","[IsaacMod]????"],"gold_per_floor":[99,109,121,135,135,120,120,120,138,168,181,16,16,35,52,154,154,79,94,113,113,113,98,175,190,40,58,58,94,94,94,120,227,227,227,242,300,73,73,100,100,128,128,413,450,750,750,768,791,890,1190,1190,1190],"floor_reached":51,"playtime":3624,"items_purged":["hexamod:SixthSeal"],"score":877,"play_id":"3b526029-e6b6-4352-a172-14f68fe36f48","local_time":"20201231130039","is_ascension_mode":false,"campfire_choices":[{"floor":1.0,"key":"RECALL"},{"floor":13.0,"key":"REST"},{"data":"hexamod:TimeOfNeed","floor":18.0,"key":"SMITH"},{"data":"hexamod:GhostflameInferno","floor":26.0,"key":"SMITH"},{"floor":30,"key":"REST"},{"data":"hexamod:Float","floor":35,"key":"SMITH"},{"data":"hexamod:ThermalTransfer","floor":43,"key":"SMITH"}],"circlet_count":0,"master_deck":["hexamod:Strike+1","hexamod:Strike+1","hexamod:Strike+1","hexamod:Strike+1","hexamod:Defend+1","hexamod:Defend+1","hexamod:Defend+1","hexamod:Defend+1","hexamod:Sear+1","hexamod:Float+1","hexamod:GhostflameInferno+1","hexamod:RadiantFlame+1","hexamod:HauntingEcho+1","hexamod:BurningTouch+1","hexamod:TimeOfNeed+1","hexamod:NightmareGuise+1","hexamod:Rewind+1","hexamod:NightmareGuise+1","hexamod:Firestarter+1","hexamod:ThermalTransfer+1","hexamod:TimeOfNeed+1","hexamod:SixthSeal","hexamod:FirstSeal","hexamod:ThermalTransfer+1","hexamod:HauntingEcho+1","hexamod:SecondSeal","hexamod:SpectersWail+1","hexamod:Hexaguard+1","hexamod:SwordOfDarkness+1","hexamod:Firestarter+1","hexamod:FourthSeal","hexamod:BurningTouch+1","hexamod:HeatMetal+1","hexamod:SpectersWail+1","hexamod:NightmareStrike+1","hexamod:ThirdSeal","hexamod:GhostflameInferno","hexamod:ParanormalForm","Decay","Doubt","hubris:Gluttony"],"relics":["hexamod:SpiritBrand","HushsDoor","BelialBook","Boot","InkBottle","aspiration:ChemicalBlood","Replay:Baseball","hexamod:TheBrokenSeal","aspiration:FutureDiary","downfall:HeartBlessingRed","DoctorsRemote","Meat on the Bone","downfall:HeartBlessingGreen","downfall:HeartBlessingBlue","Enchiridion","D6","Molten Egg 2","Busted Crown","Bird Faced Urn","hubris:Icosahedron","Unceasing Top","HowToJump","Replay:Wax Seal","StoneCalendar","Replay:Ancient Bell","Replay:Rubber Ducky","Garlic","Old Coin"],"acts_visited":["Exordium","TheCity","TheBeyond","Exordium"],"potions_floor_usage":[29,37,37,37,45,45,50,50],"damage_taken":[{"damage":0.0,"enemies":"Jaw Worm","floor":2.0,"turns":4.0},{"damage":0.0,"enemies":"Cultist","floor":3.0,"turns":3.0},{"damage":10.0,"enemies":"infinitespire:Voidling","floor":4.0,"turns":3.0},{"damage":0.0,"enemies":"downfall:FleeingMerchant","floor":6.0,"turns":4.0},{"damage":2.0,"enemies":"Large Slime","floor":9.0,"turns":7.0},{"damage":17.0,"enemies":"Replay:BlueRogue","floor":10.0,"turns":6.0},{"damage":30.0,"enemies":"2 Fungi Beasts","floor":11.0,"turns":5.0},{"damage":3.0,"enemies":"downfall:FleeingMerchant","floor":12.0,"turns":4.0},{"damage":12.0,"enemies":"Blue Slaver","floor":14.0,"turns":5.0},{"damage":7.0,"enemies":"3 Louse","floor":15.0,"turns":3.0},{"damage":20.0,"enemies":"downfall:Ironclad","floor":16.0,"turns":9.0},{"damage":0.0,"enemies":"Shell Parasite","floor":19.0,"turns":3.0},{"damage":6.0,"enemies":"Cultist and Chosen","floor":20.0,"turns":6.0},{"damage":0.0,"enemies":"downfall:FleeingMerchant","floor":23.0,"turns":4.0},{"damage":7.0,"enemies":"Snecko","floor":25.0,"turns":5.0},{"damage":21.0,"enemies":"Snake Plant","floor":27.0,"turns":4.0},{"damage":0,"enemies":"Replay:Snechameleon","floor":29,"turns":4},{"damage":6,"enemies":"Centurion and Healer","floor":32,"turns":5},{"damage":2,"enemies":"downfall:Defect","floor":33,"turns":6},{"damage":0,"enemies":"Orb Walker","floor":36,"turns":3},{"damage":3,"enemies":"Mind Bloom Boss Battle","floor":37,"turns":4},{"damage":0,"enemies":"downfall:FleeingMerchant","floor":38,"turns":4},{"damage":14,"enemies":"3 Darklings","floor":40,"turns":5},{"damage":0,"enemies":"Giant Head","floor":42,"turns":6},{"damage":0,"enemies":"downfall:FleeingMerchant","floor":44,"turns":3},{"damage":29,"enemies":"Nightmare","floor":45,"turns":8},{"damage":13,"enemies":"Maw","floor":48,"turns":6},{"damage":14,"enemies":"4 Shapes","floor":49,"turns":5},{"damage":17,"enemies":"downfall:Watcher","floor":50,"turns":6}],"seed_played":"7818579959108938426","potions_obtained":[{"floor":4.0,"key":"Weak Potion"},{"floor":11.0,"key":"LiquidBronze"},{"floor":14.0,"key":"Reflective Coating"},{"floor":16.0,"key":"hexamod:EctoCoolerPotion"},{"floor":20.0,"key":"champ:CounterPotion"},{"floor":27.0,"key":"infinitespire:BlackPotion"},{"floor":40,"key":"sneckomod:MuddlingPotion"},{"floor":45,"key":"ColorlessPotion"},{"floor":45,"key":"Ancient Potion"},{"floor":45,"key":"AttackPotion"},{"floor":50,"key":"Weak Potion"}],"is_trial":false,"path_per_floor":["R","M","M","M","?","$","T","T","M","E","M","$","R","M","M","B",null,"R","M","M","AVR","?","$","T","M","R","M","?","E","R","T","M","B",null,"R","M","?","$","?","M","T","E","R","$","NM","?","AVR","M","M","B",null],"character_chosen":"THE_SPIRIT","items_purchased":["Replay:Baseball","hexamod:FourthSeal","PowerPotion","champ:CounterPotion","Weak Potion"],"campfire_rested":2,"item_purchase_floors":[12,38,38,38,38],"current_hp_per_floor":[70,70,70,60,60,60,60,60,58,41,11,15,36,31,24,72,80,80,80,80,80,80,80,80,80,90,76,60,67,90,90,90,90,90,90,90,90,90,90,89,89,90,90,90,78,78,78,86,87,79,90,90,90],"gold":1190,"neow_bonus":"RANDOM_COMMON_RELIC","is_daily":false,"chose_seed":false,"campfire_upgraded":4,"win_rate":0.0,"timestamp":1609448439,"path_taken":["R","M","M","M","?","$","T","?","M","E","?","$","R","M","M","BOSS","R","M","M","AVR","?","$","T","M","R","M","?","E","R","?","M","BOSS","R","M","?","$","?","M","T","E","R","$","NM","?","AVR","M","M","BOSS"],"items_purchased_type":["Relic","Card","Potion","Potion","Potion"],"build_version":"2020-12-22","purchased_purges":1,"victory":false,"max_hp_per_floor":[70,70,70,70,70,70,70,70,70,70,70,70,70,70,70,80,80,80,80,80,80,80,80,80,80,90,90,90,90,90,90,90,90,90,90,90,90,90,90,90,90,90,90,90,90,90,90,90,90,90,90,90,90],"card_choices":[{"not_picked":["hexamod:PhantomFireball","hexamod:ShieldOfDarkness"],"picked":"hexamod:GhostflameInferno","floor":2.0},{"not_picked":["hexamod:Haunt","hexamod:SpectralAdrenaline"],"picked":"hexamod:RadiantFlame","floor":3.0},{"not_picked":["hexamod:RadiantFlame","hexamod:AdvancingGuard"],"picked":"hexamod:FifthSeal","floor":4.0},{"not_picked":["hexamod:GhostShield","hexamod:FastForward"],"picked":"hexamod:HauntingEcho","floor":6.0},{"not_picked":["hexamod:SecondSeal","hexamod:FourthSeal"],"picked":"hexamod:SixthSeal","floor":9.0},{"not_picked":["hexamod:Firestarter","hexamod:InspiringFlames"],"picked":"hexamod:BurningTouch","floor":9.0},{"not_picked":["hexamod:FirstSeal","hexamod:SixthSeal"],"picked":"hexamod:ThirdSeal","floor":10.0},{"not_picked":["hexamod:FastForward","hexamod:CatchUp"],"picked":"hexamod:TimeOfNeed","floor":10.0},{"not_picked":["hexamod:SixthSeal","hexamod:ThirdSeal"],"picked":"hexamod:FirstSeal","floor":11.0},{"not_picked":["hexamod:NecessarySacrifice","hexamod:GhostShield"],"picked":"hexamod:NightmareGuise","floor":11.0},{"not_picked":["hexamod:FirstSeal","hexamod:SixthSeal"],"picked":"hexamod:FourthSeal","floor":12.0},{"not_picked":["hexamod:SoulSteal","hexamod:HeatMetal"],"picked":"hexamod:Rewind","floor":12.0},{"not_picked":["hexamod:GhostflameBarrier","hexamod:ParanormalForm"],"picked":"hexamod:NightmareGuise","floor":12.0},{"not_picked":["hexamod:ThirdSeal","hexamod:SixthSeal"],"picked":"hexamod:SecondSeal","floor":14.0},{"not_picked":["hexamod:BacktrackSmack","hexamod:HeatCrush"],"picked":"hexamod:Firestarter","floor":14.0},{"not_picked":["hexamod:SwordOfDarkness","hexamod:Firestarter"],"picked":"hexamod:ThermalTransfer","floor":14.0},{"not_picked":["hexamod:ExtraCrispy","hexamod:Incineration","hexamod:NightmareStrike"],"picked":"SKIP","floor":15.0},{"not_picked":["hexamod:ParanormalForm","hexamod:GhostflameInferno"],"picked":"hexamod:TimeOfNeed","floor":16.0},{"not_picked":["hexamod:FourthSeal","hexamod:FirstSeal"],"picked":"hexamod:SixthSeal","floor":16.0},{"not_picked":["hexamod:NightmareStrike+1","hexamod:SoulSteal"],"picked":"hexamod:FirstSeal","floor":19.0},{"not_picked":["hexamod:RadiantFlame","hexamod:BacktrackSmack+1","hexamod:GhostShield"],"picked":"SKIP","floor":20.0},{"not_picked":["hexamod:Hexaguard","hexamod:RainOfEmbers"],"picked":"hexamod:ThermalTransfer+1","floor":23.0},{"not_picked":["hexamod:CatchUp","hexamod:GhostflameBarrier+1"],"picked":"hexamod:HauntingEcho","floor":25.0},{"not_picked":["hexamod:DynamicBlow+1","hexamod:NecessarySacrifice"],"picked":"hexamod:SecondSeal","floor":27.0},{"not_picked":["hexamod:NightmareGuise","hexamod:RetreatToShadows","hexamod:TurnItUp"],"picked":"SKIP","floor":29},{"not_picked":["hexamod:NightmareGuise+1","hexamod:SecondSeal"],"picked":"hexamod:SpectersWail+1","floor":32},{"not_picked":["hexamod:TurnItUp","hexamod:VolcanoVisage"],"picked":"hexamod:SixthSeal","floor":33},{"not_picked":[],"picked":"hexamod:Hexaguard+1","floor":36},{"not_picked":[],"picked":"hexamod:SwordOfDarkness+1","floor":37},{"not_picked":[],"picked":"hexamod:Firestarter+1","floor":38},{"not_picked":[],"picked":"hexamod:BurningTouch+1","floor":40},{"not_picked":[],"picked":"hexamod:HeatMetal+1","floor":42},{"not_picked":[],"picked":"hexamod:SpectersWail+1","floor":44},{"not_picked":[],"picked":"hexamod:NightmareStrike+1","floor":45},{"not_picked":["hexamod:ThermalTransfer+1"],"picked":"SKIP","floor":48},{"not_picked":[],"picked":"hexamod:ThirdSeal","floor":49},{"not_picked":[],"picked":"hexamod:GhostflameInferno","floor":50},{"not_picked":[],"picked":"hexamod:ParanormalForm","floor":50},{"not_picked":[],"picked":"Decay","floor":51},{"not_picked":[],"picked":"Doubt","floor":51},{"not_picked":[],"picked":"hubris:Gluttony","floor":51}],"player_experience":167473,"relics_obtained":[{"floor":8.0,"key":"InkBottle"},{"floor":10.0,"key":"aspiration:ChemicalBlood"},{"floor":24.0,"key":"Meat on the Bone"},{"floor":28.0,"key":"Enchiridion"},{"floor":29,"key":"D6"},{"floor":31,"key":"Molten Egg 2"},{"floor":37,"key":"Bird Faced Urn"},{"floor":41,"key":"Unceasing Top"},{"floor":42,"key":"HowToJump"},{"floor":45,"key":"Replay:Wax Seal"}],"event_choices":[{"damage_healed":0.0,"max_hp_gain":0.0,"max_hp_loss":0.0,"gold_gain":0.0,"event_name":"Transmorgrifier","player_choice":"Ignored","floor":22.0,"gold_loss":0.0,"damage_taken":0.0}],"is_beta":false,"boss_relics":[{"not_picked":["SacredBark","hubris:HollowSoul"],"picked":"aspiration:FutureDiary"},{"not_picked":[]},{"not_picked":["Runic Pyramid","Philosopher\u0027s Stone"],"picked":"Busted Crown"},{"not_picked":[]},{"not_picked":["Kintsugi","hubris:ScarierMask"],"picked":"Replay:Ancient Bell"},{"not_picked":["infinitespire:PuzzleCube","hexamod:MatchstickCase"],"picked":"Replay:Rubber Ducky"},{"not_picked":["Mummified Hand","Replay:Bottled Snecko"],"picked":"Garlic"},{"not_picked":["hubris:AstralHammer","hubris:MedicalManual"],"picked":"Old Coin"},{"not_picked":[]}],"items_purged_floors":[44],"is_endless":true,"potions_floor_spawned":[4,11,14,15,16,20,27,32,40,48,49,50],"ascension_level":0}}