{"host":"vmo6qas4tfa0p776","time":1609373249,"event":{"mods":["AchievementEnabler","BaseMod","Bestiary","Better Altar","Better Match","Better Note","Better Sensory Stone","Better Skull","Better Third Choice","Colored Map","Downfall","Minty Spire (QoL Compilation)","Relic Stats","Robot Space Explorer","Spicy Shops","StSLib","The Marked"],"gold_per_floor":[99,118,7,20,32,66,116,216,216,216,216],"floor_reached":10,"playtime":843,"items_purged":[],"score":66,"play_id":"83eb2ee7-9f03-4d1e-8f61-1062752546b7","local_time":"20201230190729","is_ascension_mode":false,"campfire_choices":[{"data":"sneckomod:SnekBite","floor":1,"key":"SMITH"}],"circlet_count":0,"master_deck":["sneckomod:Strike+1","sneckomod:Strike+1","sneckomod:Defend+1","sneckomod:Defend","sneckomod:TailWhip","sneckomod:SnekBite+1","sneckomod:Unknown","sneckomod:Unknown","sneckomod:UnknownExhaust","sneckomod:UnknownDexterity+1","expansioncontent:DecasProtection","sneckomod:PureSnecko","sneckomod:Nope","sneckomod:UnknownStrike","sneckomod:UnknownColorless","sneckomod:UnknownDexterity","Regret"],"relics":["sneckomod:SneckoSoul","Unceasing Top","Nunchaku","Happy Flower"],"acts_visited":["Exordium"],"potions_floor_usage":[6,6,8],"damage_taken":[{"damage":2,"enemies":"Small Slimes","floor":2,"turns":4},{"damage":2,"enemies":"downfall:FleeingMerchant","floor":3,"turns":4},{"damage":2,"enemies":"2 Louse","floor":4,"turns":2},{"damage":5,"enemies":"Cultist","floor":5,"turns":5},{"damage":12,"enemies":"Lagavulin","floor":6,"turns":6},{"damage":42,"enemies":"downfall:Heads","floor":8,"turns":6},{"damage":37,"enemies":"Gremlin Nob","floor":10,"turns":3}],"seed_played":"7921215093035974568","potions_obtained":[{"floor":4,"key":"EssenceOfSteel"},{"floor":5,"key":"Weak Potion"},{"floor":6,"key":"sneckomod:MuddlingPotion"}],"is_trial":false,"path_per_floor":["R","M","$","M","M","E","T","?","?","E"],"character_chosen":"THE_SNECKO","items_purchased":["expansioncontent:DecasProtection"],"campfire_rested":0,"item_purchase_floors":[3],"current_hp_per_floor":[63,62,61,59,54,43,43,24,24,0,0],"gold":216,"neow_bonus":"ONE_RARE_RELIC","is_daily":false,"chose_seed":false,"campfire_upgraded":1,"win_rate":0.0,"timestamp":1609373249,"path_taken":["R","M","$","M","M","E","T","?","?","E"],"items_purchased_type":["Card"],"build_version":"2020-12-22","purchased_purges":0,"victory":false,"max_hp_per_floor":[90,91,92,92,92,93,93,95,95,95,95],"relic_stats":{"Nunchaku":[2],"Happy Flower":[3],"counters":[7,30],"obtain_stats":[{"Nunchaku":6,"Happy Flower":7,"sneckomod:SneckoSoul":0,"Unceasing Top":0},{"Nunchaku":5,"Happy Flower":5,"sneckomod:SneckoSoul":0,"Unceasing Top":0},{"Nunchaku":21,"Happy Flower":21,"sneckomod:SneckoSoul":0,"Unceasing Top":0}],"Unceasing Top":[7]},"card_choices":[{"not_picked":["sneckomod:DiceCrush","sneckomod:DiceBlock"],"picked":"sneckomod:UnknownExhaust","floor":2},{"not_picked":["sneckomod:UnknownBlock","sneckomod:RainOfDice"],"picked":"sneckomod:UnknownDexterity","floor":3},{"not_picked":["sneckomod:RainOfDice","sneckomod:DiceBlock"],"picked":"sneckomod:PureSnecko","floor":4},{"not_picked":["sneckomod:UnknownStrike","sneckomod:UnknownUncommonPower"],"picked":"sneckomod:Nope","floor":5},{"not_picked":["sneckomod:SoulRoll","sneckomod:Unknown0Cost"],"picked":"sneckomod:UnknownStrike","floor":6},{"not_picked":["sneckomod:UnknownCommonSkill","sneckomod:Unknown1Cost"],"picked":"sneckomod:UnknownDexterity","floor":8}],"player_experience":208804,"relics_obtained":[{"floor":6,"key":"Nunchaku"},{"floor":7,"key":"Happy Flower"}],"event_choices":[],"is_beta":false,"boss_relics":[],"items_purged_floors":[],"is_endless":false,"potions_floor_spawned":[4,5,6],"killed_by":"Gremlin Nob","ascension_level":0}}