{"host":"vm8b3ptwl81uq21f","time":1609436319,"event":{"mods":["Aspiration","BaseMod","BetterRewards","Colored Map","Colored Powertips","Downfall","GifTheSpireLib","Googly Eyes","GungeonMod","Halation","Hubris","Infinite Spire","Minty Spire (QoL Compilation)","Quick Restart","Rare Cards Sparkle","Replay The Spire","Shop Mod","StSLib","Stuff the Spire","The Bug Knight","The IronCluck","[IsaacMod]????"],"gold_per_floor":[112,112,124,139,139,149,149,149,198,198,218,232,232,232],"floor_reached":13,"playtime":581,"items_purged":[],"score":77,"play_id":"9485e6bb-dc7a-466b-b99a-6c1b19893840","local_time":"20201231123839","is_ascension_mode":false,"campfire_choices":[{"data":"Neutralize","floor":8,"key":"SMITH"},{"data":"StuffTheSpire:Innocence","floor":10,"key":"SMITH"}],"circlet_count":0,"master_deck":["Strike_G","Strike_G","Strike_G","Strike_G","Strike_G","Defend_G","Defend_G","Defend_G","Defend_G","Defend_G","Survivor","Neutralize+1","Infinite Blades+1","Heel Hook","StuffTheSpire:Innocence+1","Cloak And Dagger","StuffTheSpire:Incantation","StuffTheSpire:Python","Distraction"],"relics":["Ring of the Snake","HushsDoor","hubris:DeckOfHolding","TheBean","PunchingBag","infinitespire:CursedDice","Omamori","Golden Idol","Bronze Scales"],"acts_visited":["Exordium"],"potions_floor_usage":[],"damage_taken":[{"damage":0,"enemies":"Small Slimes","floor":1,"turns":3},{"damage":1,"enemies":"2 Louse","floor":3,"turns":3},{"damage":0,"enemies":"Cultist","floor":4,"turns":3},{"damage":7,"enemies":"3 Louse","floor":6,"turns":2},{"damage":0,"enemies":"Exordium Wildlife","floor":11,"turns":4},{"damage":2,"enemies":"Gremlin Gang","floor":12,"turns":4},{"damage":8,"enemies":"3 Sentries","floor":13,"turns":6}],"seed_played":"150190788424959050","potions_obtained":[{"floor":1,"key":"Toxic Potion"},{"floor":6,"key":"SpeedPotion"},{"floor":11,"key":"Swift Potion"}],"is_trial":false,"path_per_floor":["M","?","M","M","?","M","?","R","T","R","M","M","E"],"character_chosen":"THE_SILENT","items_purchased":["hubris:DeckOfHolding","TheBean","Infinite Blades+1"],"campfire_rested":0,"item_purchase_floors":[0,0,0],"current_hp_per_floor":[44,37,36,36,24,17,17,17,17,17,17,15,7,7],"gold":232,"neow_bonus":"","is_daily":false,"chose_seed":false,"campfire_upgraded":2,"win_rate":0.0,"timestamp":1609436319,"path_taken":["M","?","M","M","?","?","?","R","T","R","M","?","E"],"items_purchased_type":["Relic","Relic","Card"],"build_version":"2020-12-22","purchased_purges":0,"victory":false,"max_hp_per_floor":[70,70,70,70,70,70,65,65,65,65,65,65,65,65],"card_choices":[{"not_picked":["Sucker Punch","ReplayTheSpireMod:Necrosis"],"picked":"Heel Hook","floor":1},{"not_picked":["Dash","Slice"],"picked":"Cloak And Dagger","floor":3},{"not_picked":["StuffTheSpire:Injection","StuffTheSpire:Sprint"],"picked":"StuffTheSpire:Incantation","floor":4},{"not_picked":["Tactician","Blur","Toxin Wave"],"picked":"SKIP","floor":6},{"not_picked":["Deadly Poison","hubris:SlightOfHand"],"picked":"StuffTheSpire:Python","floor":11},{"not_picked":["Toxin Wave","StuffTheSpire:Injection"],"picked":"Distraction","floor":12}],"player_experience":338189,"relics_obtained":[{"floor":9,"key":"Bronze Scales"}],"event_choices":[{"damage_healed":0,"gold_gain":0,"player_choice":"Success","damage_taken":12,"relics_obtained":["Omamori"],"max_hp_gain":0,"max_hp_loss":0,"event_name":"Scrap Ooze","floor":5,"gold_loss":0},{"damage_healed":0,"gold_gain":0,"player_choice":"Lose Max HP","damage_taken":0,"relics_obtained":["Golden Idol"],"max_hp_gain":0,"max_hp_loss":5,"event_name":"Golden Idol","floor":7,"gold_loss":0}],"is_beta":false,"boss_relics":[],"items_purged_floors":[],"is_endless":false,"potions_floor_spawned":[1,6,11],"killed_by":"3 Sentries","ascension_level":0}}