{"host":"2461dio7vetlq1z3","time":1609429708,"event":{"mods":["2.2 Compatiblity","AchievementEnabler","Aspiration","BaseMod","Better Third Choice","Friendly Minions","Hermit","Minty Spire (QoL Compilation)","Relic Stats","Spicy Shops","StSLib","Waifu the Spire"],"gold_per_floor":[111,71,84,103,116,149,74,100,171,171,199,218,218,245,245,318,318,334,259,22,32,55,55,55,67,92,92,110,26,26,26,26],"floor_reached":31,"playtime":926,"items_purged":["Strike_B"],"score":526,"play_id":"59001f1b-1758-469f-9682-8aa71342f04e","local_time":"20201231164828","is_ascension_mode":true,"campfire_choices":[{"floor":10,"key":"REST"},{"data":"Ball Lightning","floor":13,"key":"SMITH"},{"data":"White Noise","floor":15,"key":"SMITH"},{"data":"Biased Cognition","floor":23,"key":"SMITH"},{"floor":27,"key":"REST"},{"data":"Defragment","floor":30,"key":"SMITH"}],"circlet_count":0,"master_deck":["AscendersBane","Strike_B","Strike_B","Defend_B","Defend_B","Defend_B","Defend_B","Zap","Dualcast","Ball Lightning","Undo","Ball Lightning","Ball Lightning+1","Hologram","Capacitor","Amplify","White Noise+1","Hologram","Echo Form","Gash","Biased Cognition+1","Force Field","Conserve Battery+1","Genetic Algorithm","Turbo","Defragment+1"],"relics":["Cracked Core","aspiration:Nostalgia","Burning Blood","WingedGreaves","Bottled Flame","StrikeDummy","Pen Nib","Mango","aspiration:SecretTechniqueScroll","Ancient Tea Set","aspiration:RitualStick","Potion Belt"],"acts_visited":["TheCity"],"potions_floor_usage":[5,6,8,14,16,31],"damage_taken":[{"damage":6,"enemies":"Jaw Worm","floor":1,"turns":4},{"damage":1,"enemies":"Cultist","floor":3,"turns":3},{"damage":0,"enemies":"2 Louse","floor":4,"turns":3},{"damage":0,"enemies":"Exordium Wildlife","floor":5,"turns":4},{"damage":38,"enemies":"Gremlin Nob","floor":6,"turns":4},{"damage":17,"enemies":"3 Sentries","floor":8,"turns":4},{"damage":24,"enemies":"Lagavulin","floor":11,"turns":5},{"damage":5,"enemies":"2 Fungi Beasts","floor":12,"turns":3},{"damage":8,"enemies":"Gremlin Nob","floor":14,"turns":3},{"damage":33,"enemies":"Slime Boss","floor":16,"turns":7},{"damage":21,"enemies":"Chosen","floor":18,"turns":6},{"damage":0,"enemies":"Spheric Guardian","floor":21,"turns":3},{"damage":18,"enemies":"Centurion and Healer","floor":25,"turns":3},{"damage":11,"enemies":"Cultist and Chosen","floor":28,"turns":5},{"damage":49,"enemies":"Slavers","floor":31,"turns":2}],"seed_played":"-6316419713144193086","potions_obtained":[{"floor":2,"key":"Block Potion"},{"floor":2,"key":"DistilledChaos"},{"floor":6,"key":"FocusPotion"},{"floor":12,"key":"ColorlessPotion"},{"floor":14,"key":"Explosive Potion"},{"floor":25,"key":"Fire Potion"}],"is_trial":false,"path_per_floor":["M","?","M","M","M","E","$","E","T","R","E","M","R","E","R","B",null,"M","?","$","M","T","R","?","M","T","R","M","$","R","E"],"character_chosen":"DEFECT","items_purchased":["Biased Cognition","Force Field","Defragment"],"campfire_rested":2,"item_purchase_floors":[20,20,29],"current_hp_per_floor":[64,64,69,71,71,39,39,28,28,49,31,32,32,44,44,17,68,53,53,53,59,59,59,38,26,26,51,46,46,46,0,0],"gold":26,"neow_bonus":"NOSTALGIA","is_daily":false,"chose_seed":false,"campfire_upgraded":4,"win_rate":0.0,"timestamp":1609429708,"path_taken":["M","?","M","M","M","E","?","E","T","R","E","M","R","E","R","BOSS","M","?","$","M","?","R","?","M","T","R","M","$","R","E"],"items_purchased_type":["Card","Card","Card"],"build_version":"2020-12-22","purchased_purges":1,"victory":false,"max_hp_per_floor":[71,71,71,71,71,71,71,71,71,71,71,71,71,85,85,85,85,85,85,85,85,85,85,85,85,85,85,85,85,85,85,85],"relic_stats":{"counters":[15,59],"Pen Nib":[4],"obtain_stats":[{"Potion Belt":26,"Bottled Flame":8,"aspiration:Nostalgia":0,"Mango":14,"WingedGreaves":6,"Pen Nib":11,"aspiration:SecretTechniqueScroll":17,"Cracked Core":0,"StrikeDummy":9,"Ancient Tea Set":22,"Burning Blood":0,"aspiration:RitualStick":24},{"Potion Belt":13,"Bottled Flame":6,"aspiration:Nostalgia":0,"Mango":9,"WingedGreaves":5,"Pen Nib":7,"aspiration:SecretTechniqueScroll":10,"Cracked Core":0,"StrikeDummy":6,"Ancient Tea Set":12,"Burning Blood":0,"aspiration:RitualStick":12},{"Potion Belt":52,"Bottled Flame":22,"aspiration:Nostalgia":0,"Mango":33,"WingedGreaves":18,"Pen Nib":27,"aspiration:SecretTechniqueScroll":40,"Cracked Core":0,"StrikeDummy":22,"Ancient Tea Set":49,"Burning Blood":0,"aspiration:RitualStick":49}],"Burning Blood":74,"aspiration:RitualStick":[0]},"card_choices":[{"not_picked":["Stack","Fusion"],"picked":"Ball Lightning","floor":1},{"not_picked":["Cold Snap","Heatsinks"],"picked":"Undo","floor":3},{"not_picked":["Steam","Rebound"],"picked":"Ball Lightning","floor":4},{"not_picked":["Melter","Cold Snap"],"picked":"Ball Lightning","floor":5},{"not_picked":["Coolheaded","Heatsinks"],"picked":"Hologram","floor":6},{"not_picked":["Double Energy","aspiration:Polymerization"],"picked":"Capacitor","floor":8},{"not_picked":["Hello World","Hyperbeam"],"picked":"Amplify","floor":11},{"not_picked":["Coolheaded","Hologram"],"picked":"White Noise","floor":12},{"not_picked":["Gash","Fusion"],"picked":"Hologram","floor":14},{"not_picked":["All For One","Rainbow"],"picked":"Echo Form","floor":16},{"not_picked":["Barrage","Beam Cell"],"picked":"Gash","floor":18},{"not_picked":["Compile Driver","Go for the Eyes"],"picked":"Conserve Battery+1","floor":21},{"not_picked":["Rip and Tear","Ball Lightning"],"picked":"Genetic Algorithm","floor":25},{"not_picked":["Sweeping Beam","Rebound"],"picked":"Turbo","floor":28}],"player_experience":1043996,"relics_obtained":[{"floor":6,"key":"WingedGreaves"},{"floor":8,"key":"Bottled Flame"},{"floor":9,"key":"StrikeDummy"},{"floor":11,"key":"Pen Nib"},{"floor":14,"key":"Mango"},{"floor":22,"key":"Ancient Tea Set"},{"floor":26,"key":"Potion Belt"}],"event_choices":[{"damage_healed":0,"gold_gain":0,"player_choice":"Bought 3 Potions","damage_taken":0,"max_hp_gain":0,"max_hp_loss":0,"event_name":"The Woman in Blue","floor":2,"gold_loss":0},{"cards_removed":["Strike_B"],"damage_healed":0,"gold_gain":0,"player_choice":"Gave Gold","damage_taken":0,"max_hp_gain":0,"max_hp_loss":0,"event_name":"Beggar","floor":19,"gold_loss":75}],"is_beta":false,"boss_relics":[{"not_picked":["aspiration:IroncladSkillbook","aspiration:PoetsPen_weak"],"picked":"aspiration:SecretTechniqueScroll"}],"items_purged_floors":[7],"is_endless":false,"potions_floor_spawned":[3,6,12,14,25],"killed_by":"Slavers","ascension_level":20}}