{"host":"bz6gkvdcavhdnmlv","time":1609446030,"event":{"mods":["2.2 Compatiblity","Aspiration","BaseMod","BetterRewards","Block Reminder","CCEM","Clawfect","Colored Map","Conspire","Downfall","Energized Spire","GifTheSpireLib","Googly Eyes","Halation","Highlight Path","Hubris","Infinite Spire","Minty Spire (QoL Compilation)","Permanent Neow","Quick Restart","Replay The Spire","Spicy Shops","StSLib","Stuff the Spire","SuperFastMode","The Construct","The IronCluck","Unceasing Turn Reminder","everything is the same but u backflip on backflip"],"gold_per_floor":[10019,9671,9636,9636,9650,9650,9667,9667,9718,9739,9773,9773,9773,9817,9817,9937,9937,9954,9324,9423,9423,8975,8975,9000,9000,9073,9073,9073,9097,9097,9116,9116,9225,9225,9244,9264,9282,9287,9287],"floor_reached":38,"playtime":2147,"items_purged":["construct:AttackMode"],"score":524,"play_id":"536c7670-bc03-4732-9e12-15bd7ac6b59f","local_time":"20201231152030","is_ascension_mode":false,"campfire_choices":[{"data":"construct:Autoturret","floor":6,"key":"SMITH"},{"data":"construct:DefenseMode","floor":13,"key":"SMITH"},{"data":"construct:LaserCore","floor":23,"key":"SMITH"},{"data":"construct:GuardCore","floor":28,"key":"SMITH"},{"data":"construct:LaserCore","floor":30,"key":"SMITH"},{"data":"construct:Autoturret","floor":32,"key":"SMITH"}],"circlet_count":0,"master_deck":["construct:Strike_Gold","construct:Strike_Gold","construct:Strike_Gold","construct:Strike_Gold","construct:Strike_Gold","construct:Defend_Gold","construct:Defend_Gold","construct:Defend_Gold","construct:Defend_Gold","construct:Defend_Gold","construct:DefenseMode+1","construct:Autoturret+1","construct:Failsafe+1","construct:LaserCore+1","construct:Enhance","construct:ShieldBurst","construct:Autoturret+1","construct:Autoturret","construct:GuardCore+1","construct:LaserCore+1","construct:DefenseMode+1","construct:ScopeCore","construct:Autoturret","construct:ScopeCore"],"relics":["construct:Cogwheel","Orichalcum","Anchor","TungstenRod","Ice Cream","Calipers","PreservedInsect","Happy Flower","halation:IllGainedPizza","Replay:Mystery Machine","Regal Pillow","conspire:InfiniteJournal","TungstenRod","hubris:ToyBattleship","HandDrill","infinitespire:CheckeredPen"],"acts_visited":["Exordium","TheCity","TheBeyond"],"potions_floor_usage":[14,16,18,18,31,38],"damage_taken":[{"damage":2,"enemies":"Jaw Worm","floor":1,"turns":8},{"damage":0,"enemies":"2 Louse","floor":5,"turns":4},{"damage":0,"enemies":"Cultist","floor":7,"turns":6},{"damage":2,"enemies":"Exordium Wildlife","floor":10,"turns":5},{"damage":4,"enemies":"Gremlin Gang","floor":11,"turns":10},{"damage":3,"enemies":"3 Sentries","floor":14,"turns":9},{"damage":35,"enemies":"Hexaghost","floor":16,"turns":13},{"damage":1,"enemies":"Chosen","floor":18,"turns":8},{"damage":6,"enemies":"Spheric Guardian","floor":24,"turns":6},{"damage":0,"enemies":"Snake Plant","floor":29,"turns":5},{"damage":13,"enemies":"Shelled Parasite and Fungi","floor":31,"turns":5},{"damage":27,"enemies":"Champ","floor":33,"turns":7},{"damage":16,"enemies":"3 Darklings","floor":35,"turns":4},{"damage":15,"enemies":"3 Shapes","floor":36,"turns":4},{"damage":43,"enemies":"Transient","floor":37,"turns":5},{"damage":37,"enemies":"Jaw Worm Horde","floor":38,"turns":3}],"seed_played":"-5638592386853743212","potions_obtained":[{"floor":1,"key":"EssenceOfSteel"},{"floor":11,"key":"SteroidPotion"},{"floor":12,"key":"SkillPotion"},{"floor":12,"key":"EntropicBrew"},{"floor":18,"key":"SteroidPotion"},{"floor":24,"key":"BlessingOfTheForge"},{"floor":33,"key":"ColorlessPotion"}],"is_trial":false,"path_per_floor":["M","$","?","?","M","R","M","?","T","M","M","?","R","E","R_BF","B",null,"M","$","?","?","$","R","M","AVR","T","?","R","M","R","M","R_BF","B",null,"M","M","M","M"],"character_chosen":"THE_CONSTRUCT_MOD","items_purchased":["construct:Autoturret","PreservedInsect","Happy Flower","construct:Autoturret","construct:GuardCore","Regal Pillow","conspire:InfiniteJournal","TungstenRod","hubris:ToyBattleship"],"campfire_rested":0,"item_purchase_floors":[2,2,2,19,19,19,19,22,22],"current_hp_per_floor":[109,109,111,111,111,111,111,111,111,109,105,105,105,102,111,76,111,110,110,110,110,110,110,104,104,104,104,104,104,104,91,91,64,111,95,80,37,0,0],"gold":9287,"neow_bonus":"TWENTY_PERCENT_HP_BONUS","is_daily":false,"chose_seed":false,"campfire_upgraded":6,"win_rate":0.0,"timestamp":1609446030,"path_taken":["M","$","?","?","?","R","M","?","T","?","M","?","R","E","R_BF","BOSS","M","?","?","?","$","R","M","AVR","T","?","R","M","R","?","R_BF","BOSS","M","M","?","M"],"items_purchased_type":["Card","Relic","Relic","Card","Card","Relic","Relic","Relic","Relic"],"build_version":"2020-12-22","purchased_purges":1,"victory":false,"max_hp_per_floor":[111,111,111,111,111,111,111,111,111,111,111,111,111,111,111,111,111,111,111,111,111,111,111,111,111,111,111,111,111,111,111,111,111,111,111,111,111,111,111],"card_choices":[{"not_picked":["construct:Analyze","construct:ShiftStrike","construct:VentSteam"],"picked":"SKIP","floor":1},{"not_picked":["construct:ChargeShot","construct:SweepLaser"],"picked":"construct:SuppressiveFire","floor":5},{"not_picked":["construct:HardReboot","construct:ModeShift"],"picked":"construct:Failsafe","floor":7},{"not_picked":["construct:ScrapCannon","construct:Stasis"],"picked":"construct:Enhance","floor":10},{"not_picked":["construct:ShiftGuard","construct:SweepLaser","construct:ScrapCannon"],"picked":"SKIP","floor":11},{"not_picked":["construct:Anticipate","construct:UnbalancingBlast","construct:ModeShift"],"picked":"SKIP","floor":14},{"not_picked":["construct:PanicFire","construct:GatlingGun"],"picked":"construct:ShieldBurst","floor":16},{"not_picked":["construct:Forcefield","construct:Chainstrike","construct:SaveState"],"picked":"SKIP","floor":18},{"not_picked":["construct:SaveState+1","construct:Anticipate"],"picked":"construct:LaserCore","floor":24},{"not_picked":["construct:Construct_Overclock+1","construct:Electrocute+1"],"picked":"construct:ScopeCore","floor":29},{"not_picked":["construct:Forcefield","construct:ModeShift+1"],"picked":"construct:Autoturret","floor":31},{"not_picked":["construct:Versatility+1","construct:FierceBash","construct:Forcefield+1"],"picked":"SKIP","floor":35},{"not_picked":["construct:Accumulate+1","construct:Antimatter+1"],"picked":"construct:ScopeCore","floor":36},{"not_picked":["construct:Electrocute","construct:FierceBash+1","construct:Overcharge"],"picked":"SKIP","floor":37}],"player_experience":214088,"relics_obtained":[{"floor":9,"key":"halation:IllGainedPizza"},{"floor":14,"key":"Replay:Mystery Machine"},{"floor":26,"key":"infinitespire:CheckeredPen"}],"event_choices":[{"damage_healed":27,"gold_gain":0,"player_choice":"Healed","damage_taken":0,"max_hp_gain":0,"max_hp_loss":0,"event_name":"The Cleric","floor":3,"gold_loss":35},{"damage_healed":0,"gold_gain":0,"player_choice":"Ignored","damage_taken":0,"max_hp_gain":0,"max_hp_loss":0,"event_name":"Purifier","floor":4,"gold_loss":0},{"damage_healed":0,"gold_gain":0,"cards_transformed":["construct:SuppressiveFire"],"player_choice":"Transformed","damage_taken":0,"max_hp_gain":0,"max_hp_loss":0,"event_name":"Transmorgrifier","floor":8,"gold_loss":0,"cards_obtained":["construct:LaserCore"]},{"damage_healed":0,"gold_gain":0,"player_choice":"Got Potions","damage_taken":0,"max_hp_gain":0,"max_hp_loss":0,"event_name":"Lab","floor":12,"gold_loss":0},{"damage_healed":0,"gold_gain":99,"player_choice":"Stole From Cult","damage_taken":0,"max_hp_gain":0,"max_hp_loss":0,"event_name":"Nest","floor":20,"gold_loss":0},{"damage_healed":0,"gold_gain":0,"player_choice":"Ignored","damage_taken":0,"max_hp_gain":0,"max_hp_loss":0,"event_name":"Cursed Tome","floor":21,"gold_loss":0},{"damage_healed":0,"gold_gain":0,"player_choice":"Copied","damage_taken":0,"max_hp_gain":0,"max_hp_loss":0,"event_name":"Duplicator","floor":27,"gold_loss":0,"cards_obtained":["construct:DefenseMode"]}],"is_beta":false,"boss_relics":[{"not_picked":["hubris:CrackedHourglass","Calling Bell","ReplayTheSpireMod:DimensionalGlitch"]},{"not_picked":["aspiration:PoetsPen_weak","energizedSpire:DeadBattery","StuffTheSpire:Kangaroo"]}],"items_purged_floors":[19],"is_endless":false,"potions_floor_spawned":[1,11,14,18,24,33],"killed_by":"Jaw Worm Horde","ascension_level":0}}