{"host":"3qkmyeoym75lj4wn","time":1609427382,"event":{"mods":["2.2 Compatiblity","BaseMod","Block Reminder","Colored Powertips","Highlight Path","Minty Spire (QoL Compilation)","Permanent Neow","Potion Indicator Mod","Rare Cards Sparkle","Relic Stats","StSLib"],"gold_per_floor":[111,86,96,13,26,52,52,82,108,108,125,160,160,177,177,251,251,265,161,177,194,194,194],"floor_reached":22,"playtime":963,"items_purged":["Strike_B"],"score":512,"play_id":"dbe34f74-2620-45a8-9835-4647e9a68e11","local_time":"20201231150942","is_ascension_mode":true,"campfire_choices":[{"data":"Defragment","floor":7,"key":"SMITH"},{"data":"Coolheaded","floor":13,"key":"SMITH"},{"floor":15,"key":"REST"}],"circlet_count":0,"master_deck":["AscendersBane","Strike_B","Strike_B","Strike_B","Defend_B","Defend_B","Defend_B","Defend_B","Zap+1","Dualcast","Cold Snap","Coolheaded+1","Cold Snap","Defragment+1","Go for the Eyes","Defragment+1","Sunder","Cold Snap","Ball Lightning","Rainbow","Ball Lightning"],"relics":["Cracked Core","Tiny Chest","Ancient Tea Set","Potion Belt","Nunchaku","Inserter"],"acts_visited":["Exordium","TheCity"],"potions_floor_usage":[8,8,12,18,21],"damage_taken":[{"damage":1,"enemies":"Cultist","floor":1,"turns":4},{"damage":8,"enemies":"Small Slimes","floor":3,"turns":3},{"damage":6,"enemies":"Jaw Worm","floor":5,"turns":2},{"damage":6,"enemies":"Lagavulin","floor":6,"turns":9},{"damage":0,"enemies":"3 Sentries","floor":8,"turns":10},{"damage":0,"enemies":"3 Louse","floor":11,"turns":2},{"damage":0,"enemies":"Lagavulin","floor":12,"turns":8},{"damage":8,"enemies":"Large Slime","floor":14,"turns":5},{"damage":3,"enemies":"Slime Boss","floor":16,"turns":10},{"damage":6,"enemies":"3 Byrds","floor":18,"turns":2},{"damage":15,"enemies":"Shell Parasite","floor":20,"turns":5},{"damage":30,"enemies":"Snake Plant","floor":21,"turns":3},{"damage":29,"enemies":"Shelled Parasite and Fungi","floor":22,"turns":1}],"seed_played":"-4783401748178039665","potions_obtained":[{"floor":1,"key":"Block Potion"},{"floor":6,"key":"Fire Potion"},{"floor":8,"key":"GamblersBrew"},{"floor":12,"key":"CultistPotion"},{"floor":14,"key":"FocusPotion"},{"floor":16,"key":"LiquidBronze"},{"floor":20,"key":"LiquidMemories"}],"is_trial":false,"path_per_floor":["M","$","M","$","M","E","R","E","T","?","M","E","R","M","R","B",null,"M","$","M","M","M"],"character_chosen":"DEFECT","items_purchased":["Coolheaded","Defragment","Ball Lightning"],"campfire_rested":1,"item_purchase_floors":[2,4,19],"current_hp_per_floor":[63,63,55,55,49,43,43,43,43,43,43,43,43,35,56,53,67,61,61,46,16,0,0],"gold":194,"neow_bonus":"UPGRADE_CARD","is_daily":false,"chose_seed":false,"campfire_upgraded":2,"win_rate":0.0,"timestamp":1609427382,"path_taken":["M","$","M","?","M","E","R","E","T","?","M","E","R","?","R","BOSS","M","$","M","?","M"],"items_purchased_type":["Card","Card","Card"],"build_version":"2020-12-22","purchased_purges":1,"victory":false,"max_hp_per_floor":[71,71,71,71,71,71,71,71,71,71,71,71,71,71,71,71,71,71,71,71,71,71,71],"relic_stats":{"Nunchaku":[5],"Inserter":[5],"counters":[13,64],"Tiny Chest":0,"obtain_stats":[{"Potion Belt":9,"Nunchaku":12,"Inserter":17,"Tiny Chest":6,"Cracked Core":0,"Ancient Tea Set":8},{"Potion Belt":5,"Nunchaku":7,"Inserter":9,"Tiny Chest":4,"Cracked Core":0,"Ancient Tea Set":5},{"Potion Belt":28,"Nunchaku":38,"Inserter":53,"Tiny Chest":18,"Cracked Core":0,"Ancient Tea Set":28}]},"card_choices":[{"not_picked":["Double Energy","Conserve Battery"],"picked":"Cold Snap","floor":1},{"not_picked":["Doom and Gloom","Genetic Algorithm"],"picked":"Cold Snap","floor":3},{"not_picked":["Stack","Streamline"],"picked":"Go for the Eyes","floor":5},{"not_picked":["Creative AI","Aggregate"],"picked":"Defragment","floor":6},{"not_picked":["Gash","Stack"],"picked":"Sunder","floor":8},{"not_picked":["Barrage","Doom and Gloom"],"picked":"Cold Snap","floor":11},{"not_picked":["Hello World","Rebound","Leap"],"picked":"SKIP","floor":12},{"not_picked":["Stack","Fusion"],"picked":"Ball Lightning","floor":14},{"not_picked":["Meteor Strike","Multi-Cast"],"picked":"Rainbow","floor":16},{"not_picked":["Compile Driver","Doom and Gloom+1","Stack"],"picked":"SKIP","floor":18},{"not_picked":["Doom and Gloom","Beam Cell","Rebound+1"],"picked":"SKIP","floor":20},{"not_picked":["Aggregate","Rebound","Streamline"],"picked":"SKIP","floor":21}],"player_experience":1629191,"relics_obtained":[{"floor":6,"key":"Tiny Chest"},{"floor":8,"key":"Ancient Tea Set"},{"floor":9,"key":"Potion Belt"},{"floor":12,"key":"Nunchaku"}],"event_choices":[{"damage_healed":0,"gold_gain":0,"player_choice":"Upgraded","damage_taken":0,"max_hp_gain":0,"max_hp_loss":0,"event_name":"Upgrade Shrine","floor":10,"gold_loss":0,"cards_upgraded":["Defragment"]}],"is_beta":false,"boss_relics":[{"not_picked":["Ectoplasm","Runic Pyramid"],"picked":"Inserter"}],"items_purged_floors":[19],"is_endless":false,"potions_floor_spawned":[1,6,8,12,14,16,20],"killed_by":"Shelled Parasite and Fungi","ascension_level":20}}