{"host":"x4d6lk1isuf99bn5","time":1609415895,"event":{"mods":["Act Like it!","BaseMod","Chen","Colored Powertips","Defuse TimeMaze Blight","Gensokyo","Highlight Path","Koishi","Minty Spire (QoL Compilation)","Quick Restart","Reimu£®≤©¿ˆ¡È√Œ£©","Remilia£®¿Ÿ√◊¿Ú—«£©","Replay The Spire","Shop Mod","StSLib","The Administrix","The Servant 0.9.4","Waifu the Spire","Yakumo Yukari mod","Youmu£®ªÍ∆«—˝√Œ£©","Yuyuko"],"gold_per_floor":[110,110,110,110,128,128,153,153,153,153,173,255,276,301,301,422,422,438,438,463,313,349,393,412,412,412,110,110,110,98,226,235,355,355,605,605],"floor_reached":35,"playtime":1499,"items_purged":[],"score":388,"play_id":"2ac7b55a-fbb6-41c4-879c-71d55b882b63","local_time":"20201231195815","daily_mods":["Vintage","Heirloom","Flight"],"is_ascension_mode":false,"campfire_choices":[{"data":"Koishi:HauntingSlash","floor":6.0,"key":"SMITH"},{"floor":10.0,"key":"DIG"},{"floor":28,"key":"REST"},{"data":"Gensokyo:FourOfAKind","floor":29,"key":"SMITH"},{"floor":32,"key":"REST"}],"circlet_count":0,"master_deck":["Koishi:BasicStrike+1","Koishi:BasicStrike+1","Koishi:BasicStrike+1","Koishi:BasicStrike+1","Koishi:BasicDefend","Koishi:BasicDefend+1","Koishi:BasicDefend","Koishi:BasicDefend","Koishi:Provoke","Koishi:HauntingSlash+1","Gensokyo:FourOfAKind+1","Gensokyo:FourOfAKind","Gensokyo:FourOfAKind","Gensokyo:FourOfAKind","Koishi:DreadfulBlow+1","Gensokyo:MorningMist","UnstableMagic+1","Fluid Movement+1"],"relics":["Koishi:ImaginaryFriend","Replay:Multitool","CeramicFish","Golden Idol","Thread and Needle","Lantern","Singing Bowl","Pen Nib","Ginger","Replay:Bottled Eggs","Bag of Marbles","Toy Ornithopter","Velvet Choker","Koishi:BloodstainedWhiteRose","Pet Ghost","Oddly Smooth Stone","Dream Catcher","Bird Faced Urn","HornCleat","PrismaticShard","Omamori","Sozu"],"acts_visited":["Exordium","Gensokyo:Gensokyoer","Gensokyo:Gensokyoest"],"potions_floor_usage":[33,33,33],"damage_taken":[{"damage":1.0,"enemies":"Jaw Worm","floor":1.0,"turns":7.0},{"damage":0.0,"enemies":"Small Slimes","floor":5.0,"turns":4.0},{"damage":2.0,"enemies":"2 Louse","floor":7.0,"turns":4.0},{"damage":8.0,"enemies":"Large Slime","floor":11.0,"turns":9.0},{"damage":5.0,"enemies":"Exordium Wildlife","floor":13.0,"turns":5.0},{"damage":0.0,"enemies":"Lots of Slimes","floor":14.0,"turns":2.0},{"damage":47.0,"enemies":"Slime Boss","floor":16.0,"turns":13.0},{"damage":0.0,"enemies":"Gensokyo:2_Gloops","floor":18.0,"turns":5.0},{"damage":4.0,"enemies":"Gensokyo:Chomper","floor":20.0,"turns":4.0},{"damage":21,"enemies":"Gensokyo:Koishi","floor":23,"turns":6},{"damage":13,"enemies":"Gensokyo:Slime_Group","floor":24,"turns":4},{"damage":43,"enemies":"Gensokyo:Eternal_Rivals","floor":33,"turns":14},{"damage":10,"enemies":"Gensokyo:AncientGuardian","floor":35,"turns":6}],"seed_played":"1041679189101251497","potions_obtained":[{"floor":1.0,"key":"Toxic Potion"},{"floor":7.0,"key":"SneckoOil"},{"floor":13.0,"key":"Strength Potion"},{"floor":16.0,"key":"PowerPotion"},{"floor":18.0,"key":"AttackPotion"},{"floor":20.0,"key":"Elixir"},{"floor":33,"key":"Fruit Juice"}],"is_trial":true,"path_per_floor":["M","?","?","?","M","R","M","?","T","R","M","T","M","M","R","B",null,"M","$","M","$","?","E","M","?","T","$","R","R","COS","?","R","B",null,"M"],"character_chosen":"KOISHI","items_purchased":["Oddly Smooth Stone","PrismaticShard","Omamori"],"campfire_rested":2,"item_purchase_floors":[21,27,27],"current_hp_per_floor":[60,60,45,45,47,47,49,49,49,49,45,45,44,44,60,17,62,62,62,62,62,44,34,27,27,27,27,42,42,42,26,40,39,55,45,45],"gold":605,"neow_bonus":"","is_daily":false,"chose_seed":false,"campfire_upgraded":2,"win_rate":0.0,"timestamp":1609415895,"path_taken":["M","?","?","?","M","R","M","?","T","R","M","?","?","M","R","BOSS","M","?","?","$","?","E","?","?","T","$","R","R","COS","?","R","BOSS","M"],"items_purchased_type":["Relic","Relic","Relic"],"build_version":"2020-12-22","purchased_purges":0,"victory":false,"max_hp_per_floor":[60,60,60,60,60,60,60,60,60,60,60,60,60,60,60,62,62,62,62,62,62,44,44,44,44,44,44,46,46,46,48,48,55,55,55,55],"card_choices":[{"not_picked":["Koishi:SilentAndRestless","Koishi:MentalBreakdown","Koishi:SuperEgo"],"picked":"Singing Bowl","floor":16.0},{"not_picked":["Koishi:ReflexRadar","Koishi:FormlessExistence"],"picked":"Koishi:DreadfulBlow+1","floor":23},{"not_picked":["Mirror_FormAndEmptin_purple","FlyingSleeves+1","PathToVictory"],"picked":"Singing Bowl","floor":28},{"not_picked":["Blood for Blood+1","PhosphoricSlash","Anger"],"picked":"Singing Bowl","floor":31},{"not_picked":["AdministrixMod:ImmortalGrace+1","StateDuplicate_purple"],"picked":"Gensokyo:MorningMist","floor":31},{"not_picked":["FitfulNightmare","Misdirection"],"picked":"UnstableMagic+1","floor":31},{"not_picked":["AdministrixMod:BloodlessSapphire+1","Sweet of Phantom"],"picked":"Fluid Movement+1","floor":32},{"not_picked":["Full Inky Sakura","Thinking Ahead","CeilingFear"],"picked":"Singing Bowl","floor":33}],"player_experience":69476,"relics_obtained":[{"floor":1.0,"key":"CeramicFish"},{"floor":5.0,"key":"Thread and Needle"},{"floor":7.0,"key":"Lantern"},{"floor":9.0,"key":"Singing Bowl"},{"floor":10.0,"key":"Pen Nib"},{"floor":11.0,"key":"Ginger"},{"floor":12.0,"key":"Replay:Bottled Eggs"},{"floor":13.0,"key":"Bag of Marbles"},{"floor":14.0,"key":"Toy Ornithopter"},{"floor":18.0,"key":"Koishi:BloodstainedWhiteRose"},{"floor":20.0,"key":"Pet Ghost"},{"floor":23,"key":"Dream Catcher"},{"floor":24,"key":"Bird Faced Urn"},{"floor":26,"key":"HornCleat"}],"event_choices":[{"damage_healed":0.0,"max_hp_gain":0.0,"max_hp_loss":0.0,"gold_gain":0.0,"event_name":"Golden Idol","player_choice":"Take Damage","floor":3.0,"gold_loss":0.0,"damage_taken":15.0,"relics_obtained":["Golden Idol"]},{"damage_healed":0.0,"max_hp_gain":0.0,"max_hp_loss":0.0,"gold_gain":0.0,"event_name":"Liars Game","player_choice":"Ignored","floor":8.0,"gold_loss":0.0,"damage_taken":0.0}],"is_beta":false,"boss_relics":[{"not_picked":["Painkiller Herb","Honey Jar"],"picked":"Velvet Choker"},{"not_picked":["Black Star","RedLine:ReiMu"],"picked":"Sozu"}],"items_purged_floors":[],"is_endless":false,"potions_floor_spawned":[1,7,13,16,18,20,33],"killed_by":"Gensokyo:AncientGuardian","ascension_level":0}}