{"host":"873t0y8ybyo38pfq","time":1609446249,"event":{"mods":["BaseMod","Bestiary","Colored Map","Colored Powertips","Highlight Path","Minty Spire (QoL Compilation)","Quick Restart","RNG Fix","Rare Cards Sparkle","Relic Stats","StSLib"],"gold_per_floor":[115,115,115,40,40,69,69,103,172,207,207,227,246,257,257,331,331,342,24,24,74,88,114,114,142,166,199,249,269,30,30,30,104,104,119,119,168,193,212,244,244,274,274,309,309,340,340,350,350,350,350,350],"floor_reached":51,"playtime":3505,"items_purged":["Strike_B"],"score":1745,"play_id":"6188aa92-49c8-4d1c-a6f0-c386a4985e5d","local_time":"20201231152409","is_ascension_mode":true,"campfire_choices":[{"data":"Zap","floor":7,"key":"SMITH"},{"data":"Ball Lightning","floor":11,"key":"SMITH"},{"floor":15,"key":"REST"},{"floor":24,"key":"REST"},{"floor":32,"key":"REST"},{"floor":47,"key":"REST"},{"floor":49,"key":"RECALL"}],"circlet_count":0,"master_deck":["AscendersBane","Strike_B","Defend_B","Defend_B","Defend_B","Defend_B","Zap+1","Dualcast","Coolheaded","Go for the Eyes+1","Ball Lightning+1","Lockon","Conserve Battery","Compile Driver+1","Core Surge","CurseOfTheBell","Doom and Gloom","Rip and Tear","Beam Cell+1","Streamline","Sweeping Beam","Coolheaded+1","Steam","Necronomicurse","Leap","Streamline+1","All For One","Gash","Beam Cell","BootSequence","Gash","Gash","FTL+1","Go for the Eyes","Gash"],"relics":["Cracked Core","NeowsBlessing","Dream Catcher","Pantograph","InkBottle","Ornamental Fan","Calling Bell","Toy Ornithopter","Shuriken","CaptainsWheel","Orrery","Necronomicon","Whetstone","Singing Bowl","Bag of Preparation","PreservedInsect","Runic Pyramid","Gambling Chip","Dead Branch","Girya","DataDisk","Bronze Scales","Juzu Bracelet","Mummified Hand"],"acts_visited":["Exordium","TheCity","TheBeyond"],"potions_floor_usage":[10,16,23,25,29,37,37,46,50,51],"damage_taken":[{"damage":0,"enemies":"Cultist","floor":1,"turns":1},{"damage":0,"enemies":"Lagavulin","floor":6,"turns":1},{"damage":0,"enemies":"Gremlin Nob","floor":8,"turns":1},{"damage":39,"enemies":"3 Sentries","floor":10,"turns":11},{"damage":2,"enemies":"Small Slimes","floor":12,"turns":2},{"damage":7,"enemies":"Jaw Worm","floor":13,"turns":2},{"damage":19,"enemies":"Exordium Thugs","floor":14,"turns":3},{"damage":28,"enemies":"The Guardian","floor":16,"turns":11},{"damage":0,"enemies":"Chosen","floor":18,"turns":4},{"damage":7,"enemies":"Shell Parasite","floor":22,"turns":3},{"damage":28,"enemies":"Slavers","floor":23,"turns":4},{"damage":2,"enemies":"Gremlin Leader","floor":25,"turns":5},{"damage":28,"enemies":"Slavers","floor":27,"turns":4},{"damage":10,"enemies":"Centurion and Healer","floor":29,"turns":5},{"damage":16,"enemies":"Champ","floor":33,"turns":7},{"damage":36,"enemies":"3 Shapes","floor":35,"turns":9},{"damage":20,"enemies":"2 Orb Walkers","floor":37,"turns":3},{"damage":3,"enemies":"Mind Bloom Boss Battle","floor":38,"turns":4},{"damage":14,"enemies":"Orb Walker","floor":39,"turns":3},{"damage":4,"enemies":"Nemesis","floor":40,"turns":4},{"damage":11,"enemies":"Reptomancer","floor":42,"turns":4},{"damage":8,"enemies":"Nemesis","floor":44,"turns":3},{"damage":12,"enemies":"Reptomancer","floor":46,"turns":5},{"damage":10,"enemies":"4 Shapes","floor":48,"turns":3},{"damage":31,"enemies":"Awakened One","floor":50,"turns":10},{"damage":77,"enemies":"Time Eater","floor":51,"turns":8}],"seed_played":"-5184253417752848878","potions_obtained":[{"floor":8,"key":"PotionOfCapacity"},{"floor":12,"key":"BlessingOfTheForge"},{"floor":16,"key":"DistilledChaos"},{"floor":23,"key":"SkillPotion"},{"floor":27,"key":"Regen Potion"},{"floor":29,"key":"DuplicationPotion"},{"floor":38,"key":"SpeedPotion"},{"floor":40,"key":"Weak Potion"},{"floor":48,"key":"LiquidBronze"}],"is_trial":false,"path_per_floor":["M","?","?","?","$","E","R","E","T","E","R","M","M","M","R","B",null,"M","$","?","?","M","E","R","E","T","E","?","M","$","?","R","B",null,"M","?","?","?","M","E","?","E","T","E","?","E","R","M","R","B","B"],"character_chosen":"DEFECT","items_purchased":["Rip and Tear","Orrery","All For One","Energy Potion","Gash"],"campfire_rested":4,"item_purchase_floors":[19,19,30,30,30],"current_hp_per_floor":[64,69,69,69,69,69,69,69,69,30,30,28,21,2,24,21,62,62,62,41,34,27,4,26,31,31,5,5,16,16,32,58,67,80,46,46,36,58,44,42,42,31,31,23,23,18,45,35,35,34,0,0],"gold":350,"neow_bonus":"THREE_ENEMY_KILL","is_daily":false,"chose_seed":false,"campfire_upgraded":2,"win_rate":0.0,"timestamp":1609446249,"path_taken":["M","?","?","?","$","E","R","E","T","E","R","?","M","M","R","BOSS","M","$","?","?","?","E","R","E","T","E","?","M","$","?","R","BOSS","M","?","?","?","M","E","?","E","T","E","?","E","R","M","R","BOSS","BOSS"],"items_purchased_type":["Card","Relic","Card","Potion","Card"],"build_version":"2020-12-22","purchased_purges":1,"victory":false,"max_hp_per_floor":[71,76,76,76,76,76,76,76,76,76,76,76,76,76,76,76,76,76,76,76,76,76,76,76,78,78,80,80,82,82,82,84,84,84,86,86,86,86,86,88,88,88,88,88,88,90,90,90,90,90,90,90],"relic_stats":{"Singing Bowl":14,"counters":[26,120],"Dead Branch":[17],"PreservedInsect":238,"Bag of Preparation":[28],"Juzu Bracelet":0,"Whetstone":["Compile Driver","Go for the Eyes"],"Dream Catcher":4,"Ornamental Fan":[276],"Shuriken":[67],"Mummified Hand":[3],"Pantograph":125,"Gambling Chip":[32],"Bronze Scales":[105],"Necronomicon":[48],"obtain_stats":[{"Girya":40,"NeowsBlessing":0,"Singing Bowl":25,"Dead Branch":38,"PreservedInsect":27,"Bag of Preparation":26,"Juzu Bracelet":44,"Whetstone":23,"Calling Bell":17,"Dream Catcher":6,"CaptainsWheel":17,"DataDisk":41,"Ornamental Fan":10,"Shuriken":17,"Mummified Hand":46,"Pantograph":8,"Gambling Chip":37,"Bronze Scales":42,"Orrery":19,"Necronomicon":20,"Cracked Core":0,"InkBottle":9,"Toy Ornithopter":17,"Runic Pyramid":34},{"Girya":20,"NeowsBlessing":0,"Singing Bowl":12,"Dead Branch":18,"PreservedInsect":13,"Bag of Preparation":12,"Juzu Bracelet":22,"Whetstone":11,"Calling Bell":8,"Dream Catcher":2,"CaptainsWheel":8,"DataDisk":20,"Ornamental Fan":4,"Shuriken":8,"Mummified Hand":23,"Pantograph":3,"Gambling Chip":17,"Bronze Scales":21,"Orrery":9,"Necronomicon":9,"Cracked Core":0,"InkBottle":3,"Toy Ornithopter":8,"Runic Pyramid":15},{"Girya":87,"NeowsBlessing":0,"Singing Bowl":48,"Dead Branch":80,"PreservedInsect":52,"Bag of Preparation":48,"Juzu Bracelet":94,"Whetstone":43,"Calling Bell":32,"Dream Catcher":2,"CaptainsWheel":32,"DataDisk":87,"Ornamental Fan":14,"Shuriken":32,"Mummified Hand":99,"Pantograph":3,"Gambling Chip":76,"Bronze Scales":91,"Orrery":36,"Necronomicon":36,"Cracked Core":0,"InkBottle":3,"Toy Ornithopter":32,"Runic Pyramid":64}],"InkBottle":[45],"Toy Ornithopter":40},"card_choices":[{"not_picked":["Auto Shields","Go for the Eyes"],"picked":"Coolheaded","floor":1},{"not_picked":["Sunder","Auto Shields","Hologram"],"picked":"SKIP","floor":6},{"not_picked":["Coolheaded","Auto Shields"],"picked":"Go for the Eyes","floor":8},{"not_picked":["Scrape","Loop"],"picked":"Ball Lightning","floor":10},{"not_picked":["Steam Power","Sunder"],"picked":"Lockon","floor":12},{"not_picked":["Undo","Sweeping Beam"],"picked":"Conserve Battery","floor":13},{"not_picked":["Double Energy","Undo"],"picked":"Compile Driver","floor":14},{"not_picked":["Buffer","Multi-Cast"],"picked":"Core Surge","floor":16},{"not_picked":["Go for the Eyes","Ball Lightning"],"picked":"Doom and Gloom","floor":18},{"not_picked":["Gash","Rebound"],"picked":"Beam Cell+1","floor":19},{"not_picked":["Go for the Eyes","Hello World"],"picked":"Streamline","floor":19},{"not_picked":["Go for the Eyes","Gash"],"picked":"Sweeping Beam","floor":19},{"not_picked":["Compile Driver","White Noise"],"picked":"Coolheaded+1","floor":19},{"not_picked":["Rainbow","Chaos"],"picked":"Steam","floor":19},{"not_picked":["Genetic Algorithm","Double Energy"],"picked":"Leap","floor":22},{"not_picked":["Redo+1","Stack"],"picked":"Streamline+1","floor":23},{"not_picked":["Redo","Ball Lightning"],"picked":"Glacier","floor":24},{"not_picked":["Chaos","Coolheaded","Sweeping Beam"],"picked":"Singing Bowl","floor":25},{"not_picked":["Chill","Compile Driver+1","Tempest"],"picked":"Singing Bowl","floor":27},{"not_picked":["Aggregate","Biased Cognition","Compile Driver+1"],"picked":"Singing Bowl","floor":29},{"not_picked":["Compile Driver+1","Darkness+1","Hello World"],"picked":"Singing Bowl","floor":32},{"not_picked":["Multi-Cast","Creative AI"],"picked":"Meteor Strike","floor":33},{"not_picked":["Skim+1","Go for the Eyes","Hologram+1"],"picked":"Singing Bowl","floor":35},{"not_picked":["White Noise+1","Sunder+1"],"picked":"Beam Cell","floor":37},{"not_picked":["Consume+1","Redo"],"picked":"BootSequence","floor":38},{"not_picked":["Compile Driver","Streamline"],"picked":"Gash","floor":39},{"not_picked":["Machine Learning","Melter+1","Cold Snap"],"picked":"Singing Bowl","floor":40},{"not_picked":["Sweeping Beam","Reprogram"],"picked":"Gash","floor":42},{"not_picked":["Sunder+1","Coolheaded+1"],"picked":"FTL+1","floor":44},{"not_picked":["Sweeping Beam","Force Field","FTL"],"picked":"Singing Bowl","floor":46},{"not_picked":["Stack","Streamline"],"picked":"Go for the Eyes","floor":47},{"not_picked":["Aggregate","Skim"],"picked":"Gash","floor":48}],"player_experience":1451960,"relics_obtained":[{"floor":6,"key":"Dream Catcher"},{"floor":8,"key":"Pantograph"},{"floor":9,"key":"InkBottle"},{"floor":10,"key":"Ornamental Fan"},{"floor":17,"key":"Toy Ornithopter"},{"floor":17,"key":"Shuriken"},{"floor":17,"key":"CaptainsWheel"},{"floor":20,"key":"Necronomicon"},{"floor":23,"key":"Whetstone"},{"floor":25,"key":"Singing Bowl"},{"floor":26,"key":"Bag of Preparation"},{"floor":27,"key":"PreservedInsect"},{"floor":37,"key":"Gambling Chip"},{"floor":38,"key":"Dead Branch"},{"floor":40,"key":"Girya"},{"floor":42,"key":"Bronze Scales"},{"floor":44,"key":"Juzu Bracelet"},{"floor":46,"key":"Mummified Hand"}],"event_choices":[{"damage_healed":0,"gold_gain":0,"player_choice":"Donut","damage_taken":0,"max_hp_gain":5,"max_hp_loss":0,"event_name":"Big Fish","floor":2,"gold_loss":0},{"cards_removed":["Strike_B"],"damage_healed":0,"gold_gain":0,"player_choice":"Offered Basic","damage_taken":0,"max_hp_gain":0,"max_hp_loss":0,"event_name":"Bonfire Elementals","floor":3,"gold_loss":0},{"cards_removed":["Strike_B"],"damage_healed":0,"gold_gain":0,"player_choice":"Card Removal","damage_taken":0,"max_hp_gain":0,"max_hp_loss":0,"event_name":"The Cleric","floor":4,"gold_loss":75},{"damage_healed":0,"gold_gain":0,"player_choice":"Obtained Book","damage_taken":21,"max_hp_gain":0,"max_hp_loss":0,"event_name":"Cursed Tome","floor":20,"gold_loss":0},{"damage_healed":0,"gold_gain":50,"player_choice":"Touch","damage_taken":7,"max_hp_gain":0,"max_hp_loss":0,"event_name":"FaceTrader","floor":21,"gold_loss":0},{"damage_healed":0,"gold_gain":50,"player_choice":"Stole From Cult","damage_taken":0,"max_hp_gain":0,"max_hp_loss":0,"event_name":"Nest","floor":28,"gold_loss":0},{"damage_healed":16,"gold_gain":0,"player_choice":"Heal","damage_taken":0,"max_hp_gain":0,"max_hp_loss":0,"event_name":"The Library","floor":31,"gold_loss":0},{"damage_healed":0,"gold_gain":0,"player_choice":"Ignored","damage_taken":0,"max_hp_gain":0,"max_hp_loss":0,"event_name":"SecretPortal","floor":36,"gold_loss":0},{"damage_healed":0,"gold_gain":0,"player_choice":"Fight","damage_taken":0,"max_hp_gain":0,"max_hp_loss":0,"event_name":"Mysterious Sphere","floor":37,"gold_loss":0},{"damage_healed":0,"gold_gain":0,"player_choice":"Fight","damage_taken":0,"max_hp_gain":0,"max_hp_loss":0,"event_name":"MindBloom","floor":38,"gold_loss":0},{"cards_removed":["Meteor Strike"],"damage_healed":0,"gold_gain":0,"player_choice":"Gave Card","damage_taken":0,"relics_obtained":["DataDisk"],"max_hp_gain":0,"max_hp_loss":0,"event_name":"WeMeetAgain","floor":41,"gold_loss":0},{"cards_removed":["Glacier"],"damage_healed":0,"gold_gain":0,"player_choice":"Removed Skill","damage_taken":0,"max_hp_gain":0,"max_hp_loss":0,"event_name":"Falling","floor":45,"gold_loss":0}],"is_beta":false,"boss_relics":[{"not_picked":["Busted Crown","Snecko Eye"],"picked":"Calling Bell"},{"not_picked":["FrozenCore","Astrolabe"],"picked":"Runic Pyramid"}],"items_purged_floors":[19],"is_endless":false,"potions_floor_spawned":[8,12,16,23,27,29,33,35,38,40,48],"killed_by":"Time Eater","ascension_level":20}}