{"host":"novohdx135h0xyrr","time":1609444889,"event":{"mods":["BaseMod","Colored Map","Colored Powertips","Highlight Path","Minty Spire (QoL Compilation)"],"gold_per_floor":[115,23,33,33,44,44,58,6,6,6,35,51,51,51,51,155,155,169,84,84,9,9,38,38,48,72,89,89,89],"floor_reached":28,"playtime":3300,"items_purged":["Defend_P"],"score":236,"play_id":"b70355b4-a80f-40e3-8d3b-e357e97b39de","local_time":"20201231120129","is_ascension_mode":false,"campfire_choices":[{"data":"Eruption","floor":6.0,"key":"SMITH"},{"data":"Vigilance","floor":13.0,"key":"SMITH"},{"data":"EmptyBody","floor":15.0,"key":"SMITH"},{"data":"Vault","floor":24,"key":"SMITH"}],"circlet_count":0,"master_deck":["Strike_P","Strike_P","Strike_P","Strike_P","Defend_P","Defend_P","Eruption+1","Vigilance+1","EmptyBody+1","Consecrate","DeceiveReality","Evaluate","Vault+1","JustLucky","EmptyBody+1","CutThroughFate","CutThroughFate"],"relics":["PureWater","NeowsBlessing","Mummified Hand","Frozen Egg 2","Tiny Chest","SlaversCollar","Torii","PreservedInsect","Ancient Tea Set","Bag of Preparation"],"acts_visited":["Exordium","TheCity"],"potions_floor_usage":[23,23,25],"damage_taken":[{"damage":0.0,"enemies":"Small Slimes","floor":1.0,"turns":1.0},{"damage":0.0,"enemies":"Cultist","floor":3.0,"turns":1.0},{"damage":0.0,"enemies":"Jaw Worm","floor":5.0,"turns":1.0},{"damage":7.0,"enemies":"2 Fungi Beasts","floor":7.0,"turns":3.0},{"damage":5.0,"enemies":"3 Sentries","floor":11.0,"turns":7.0},{"damage":2.0,"enemies":"Blue Slaver","floor":12.0,"turns":5.0},{"damage":49.0,"enemies":"The Guardian","floor":16.0,"turns":18.0},{"damage":0,"enemies":"Spheric Guardian","floor":18,"turns":4},{"damage":17,"enemies":"Slavers","floor":23,"turns":11},{"damage":7,"enemies":"Shell Parasite","floor":25,"turns":13},{"damage":13,"enemies":"Snecko","floor":27,"turns":7},{"damage":44,"enemies":"Sentry and Sphere","floor":28,"turns":7}],"seed_played":"8494472294070805136","potions_obtained":[{"floor":7.0,"key":"BottledMiracle"},{"floor":16.0,"key":"Regen Potion"},{"floor":18,"key":"LiquidMemories"},{"floor":23,"key":"LiquidMemories"}],"is_trial":false,"path_per_floor":["M","?","M","?","M","R","M","$","T","T","E","M","R","?","R","B",null,"M","?","?","$","T","E","R","M","T","M","M"],"character_chosen":"WATCHER","items_purchased":["SkillPotion"],"campfire_rested":0,"item_purchase_floors":[8],"current_hp_per_floor":[72,72,72,72,72,72,65,65,65,65,60,58,58,51,51,2,72,72,72,59,59,59,57,57,50,50,37,0,0],"gold":89,"neow_bonus":"THREE_ENEMY_KILL","is_daily":false,"chose_seed":false,"campfire_upgraded":4,"win_rate":0.0,"timestamp":1609444889,"path_taken":["M","?","?","?","?","R","M","?","T","?","E","M","R","?","R","BOSS","M","?","?","$","?","E","R","M","T","M","M"],"items_purchased_type":["Potion"],"build_version":"2020-12-22","purchased_purges":1,"victory":false,"max_hp_per_floor":[72,72,72,72,72,72,72,72,72,72,72,72,72,72,72,72,72,72,72,77,77,77,77,77,77,77,77,77,77],"card_choices":[{"not_picked":["Consecrate","CarveReality"],"picked":"EmptyBody","floor":1.0},{"not_picked":["FollowUp","BattleHymn"],"picked":"Consecrate","floor":3.0},{"not_picked":["CrushJoints","InnerPeace"],"picked":"DeceiveReality","floor":5.0},{"not_picked":["Protect","PathToVictory","BowlingBash"],"picked":"SKIP","floor":7.0},{"not_picked":["Fasting2+1","PathToVictory"],"picked":"Evaluate","floor":11.0},{"not_picked":["JustLucky","FollowUp","Wallop"],"picked":"SKIP","floor":12.0},{"not_picked":["LessonLearned","Devotion+1"],"picked":"Vault","floor":16.0},{"not_picked":["BowlingBash","WreathOfFlame+1"],"picked":"JustLucky","floor":18},{"not_picked":["ClearTheMind","ThirdEye"],"picked":"EmptyBody+1","floor":23},{"not_picked":["ThirdEye","FlyingSleeves+1"],"picked":"CutThroughFate","floor":25},{"not_picked":["Vengeance","Prostrate"],"picked":"CutThroughFate","floor":27}],"player_experience":150730,"relics_obtained":[{"floor":10.0,"key":"Frozen Egg 2"},{"floor":11.0,"key":"Tiny Chest"},{"floor":22,"key":"PreservedInsect"},{"floor":23,"key":"Ancient Tea Set"},{"floor":26,"key":"Bag of Preparation"}],"event_choices":[{"damage_healed":0.0,"max_hp_gain":0.0,"max_hp_loss":0.0,"gold_gain":0.0,"event_name":"WeMeetAgain","player_choice":"Paid Gold","floor":2.0,"gold_loss":92.0,"damage_taken":0.0,"relics_obtained":["Mummified Hand"]},{"cards_removed":["Iron Wave"],"damage_healed":0.0,"max_hp_gain":0.0,"max_hp_loss":0.0,"gold_gain":0.0,"event_name":"NoteForYourself","player_choice":"Took Card","floor":4.0,"gold_loss":0.0,"damage_taken":0.0,"cards_obtained":["Iron Wave"]},{"cards_removed":["Defend_P"],"damage_healed":0.0,"max_hp_gain":0.0,"max_hp_loss":0.0,"gold_gain":0.0,"event_name":"Golden Wing","player_choice":"Card Removal","floor":14.0,"gold_loss":0.0,"damage_taken":7.0},{"damage_healed":0,"gold_gain":0,"player_choice":"Obtained Relic","damage_taken":0,"relics_obtained":["Torii"],"max_hp_gain":0,"max_hp_loss":0,"event_name":"Addict","floor":19,"gold_loss":85},{"damage_healed":0,"gold_gain":0,"player_choice":"Shed Blood","damage_taken":18,"max_hp_gain":5,"max_hp_loss":0,"event_name":"Forgotten Altar","floor":20,"gold_loss":0}],"is_beta":false,"boss_relics":[{"not_picked":["Runic Pyramid","Tiny House"],"picked":"SlaversCollar"}],"items_purged_floors":[21],"is_endless":false,"potions_floor_spawned":[7,16,18,23],"killed_by":"Sentry and Sphere","ascension_level":0}}