{"host":"78zdngn0u28jm0pp","time":1609387548,"event":{"mods":["BaseMod","Jorbs\u0027s Wanderer Trilogy","Minty Spire (QoL Compilation)","Permanent Neow","Quick Restart","Relic Stats","StSLib","Unceasing Turn Reminder"],"gold_per_floor":[118,118,43,60,60,103,103,103,103,117,151,151,14,54,54,54,54],"floor_reached":16,"playtime":941,"items_purged":[],"score":282,"play_id":"f3fa2303-8b49-45c3-aa13-330c19d91ce2","local_time":"20201230210548","is_ascension_mode":true,"campfire_choices":[{"data":"Neutralize","floor":8,"key":"SMITH"},{"data":"1","floor":12,"key":"LIFT"},{"data":"Cloak And Dagger","floor":15,"key":"SMITH"}],"circlet_count":0,"master_deck":["AscendersBane","Strike_G","Strike_G","Strike_G","Defend_G","Defend_G","Defend_G","Defend_G","Defend_G","Survivor","Neutralize+1","Finisher","Adrenaline","All Out Attack","Cloak And Dagger+1","Dash"],"relics":["Ring of the Snake","NeowsBlessing","Golden Idol","PreservedInsect","Pear","Girya","Letter Opener","Mercury Hourglass"],"acts_visited":["Exordium"],"potions_floor_usage":[14,16,16],"damage_taken":[{"damage":0,"enemies":"Small Slimes","floor":1,"turns":1},{"damage":0,"enemies":"Jaw Worm","floor":4,"turns":1},{"damage":0,"enemies":"Gremlin Nob","floor":6,"turns":1},{"damage":1,"enemies":"2 Louse","floor":10,"turns":3},{"damage":25,"enemies":"3 Sentries","floor":11,"turns":9},{"damage":9,"enemies":"Gremlin Nob","floor":14,"turns":3},{"damage":32,"enemies":"Hexaghost","floor":16,"turns":9}],"seed_played":"-8424487193757940808","potions_obtained":[{"floor":6,"key":"EssenceOfSteel"},{"floor":11,"key":"Weak Potion"},{"floor":14,"key":"DistilledChaos"}],"is_trial":false,"path_per_floor":["M","?","?","M","?","E","?","R","T","M","E","R","$","E","R","B"],"character_chosen":"THE_SILENT","items_purchased":["Dash","Poison Potion"],"campfire_rested":0,"item_purchase_floors":[13,13],"current_hp_per_floor":[59,52,52,52,52,52,62,62,62,61,36,36,36,27,27,0,0],"gold":54,"neow_bonus":"THREE_ENEMY_KILL","is_daily":false,"chose_seed":false,"campfire_upgraded":2,"win_rate":0.0,"timestamp":1609387548,"path_taken":["M","?","?","?","?","E","?","R","T","?","E","R","$","E","R","BOSS"],"items_purchased_type":["Card","Potion"],"build_version":"2020-12-22","purchased_purges":0,"victory":false,"max_hp_per_floor":[66,66,66,66,60,60,70,70,70,70,70,70,70,70,70,70,70],"relic_stats":{"counters":[7,27],"Golden Idol":27,"PreservedInsect":56,"Letter Opener":[5],"obtain_stats":[{"Girya":9,"Pear":7,"NeowsBlessing":0,"Golden Idol":5,"PreservedInsect":6,"Letter Opener":11,"Ring of the Snake":0,"Mercury Hourglass":14},{"Girya":3,"Pear":3,"NeowsBlessing":0,"Golden Idol":2,"PreservedInsect":3,"Letter Opener":5,"Ring of the Snake":0,"Mercury Hourglass":6},{"Girya":3,"Pear":3,"NeowsBlessing":0,"Golden Idol":2,"PreservedInsect":3,"Letter Opener":15,"Ring of the Snake":0,"Mercury Hourglass":18}],"Ring of the Snake":[14],"Mercury Hourglass":[24]},"card_choices":[{"not_picked":["Bane","Cloak And Dagger"],"picked":"Finisher","floor":1},{"not_picked":["Tactician","Underhanded Strike","Escape Plan"],"picked":"SKIP","floor":4},{"not_picked":["Noxious Fumes","Flying Knee"],"picked":"Adrenaline","floor":6},{"not_picked":["Bane","Well Laid Plans"],"picked":"All Out Attack","floor":10},{"not_picked":["Infinite Blades","Grand Finale"],"picked":"Cloak And Dagger","floor":11},{"not_picked":["Choke","Crippling Poison","Deadly Poison"],"picked":"SKIP","floor":14}],"player_experience":745233,"relics_obtained":[{"floor":6,"key":"PreservedInsect"},{"floor":9,"key":"Girya"},{"floor":11,"key":"Letter Opener"},{"floor":14,"key":"Mercury Hourglass"}],"event_choices":[{"cards_removed":["Strike_G"],"damage_healed":0,"gold_gain":0,"player_choice":"Card Removal","damage_taken":7,"max_hp_gain":0,"max_hp_loss":0,"event_name":"Golden Wing","floor":2,"gold_loss":0},{"cards_removed":["Strike_G"],"damage_healed":0,"gold_gain":0,"player_choice":"Card Removal","damage_taken":0,"max_hp_gain":0,"max_hp_loss":0,"event_name":"The Cleric","floor":3,"gold_loss":75},{"damage_healed":0,"gold_gain":0,"player_choice":"Lose Max HP","damage_taken":0,"relics_obtained":["Golden Idol"],"max_hp_gain":0,"max_hp_loss":6,"event_name":"Golden Idol","floor":5,"gold_loss":0},{"damage_healed":0,"gold_gain":0,"player_choice":"Gave Potion","damage_taken":0,"relics_obtained":["Pear"],"max_hp_gain":0,"max_hp_loss":0,"event_name":"WeMeetAgain","floor":7,"gold_loss":0}],"is_beta":false,"boss_relics":[],"items_purged_floors":[],"is_endless":false,"potions_floor_spawned":[6,11,14],"killed_by":"Hexaghost","ascension_level":20}}