{"host":"bf9sa99gaumonoeu","time":1609456301,"event":{"mods":["AchievementEnabler","Act Like it!","BaseMod","Colored Map","Colored Powertips","Downfall","Friendly Minions","Gensokyo","Hermit","Jorbs\u0027s Wanderer Trilogy","Marisa????????","Minty Spire (QoL Compilation)","Remilia??????","Replay The Spire","Shop Mod","StSLib","The Animator","The Bug Knight","The Cursed","The Disciple","The Hierophant","The Senshi","The Servant 0.9.4"],"gold_per_floor":[379,406,406,47,70,70,122,147,223,223,223,246,289,319,319,446,446,467,513,513,535,566,611,611,650,674,764,764,801,827,827,827,956,956,976,8,8,8,34,95,95,40,66,66,66,86,113,113,113,119,119,119,19,59,71],"floor_reached":56,"playtime":9050,"items_purged":["stsjorbsmod:Strike_Wanderer","animator:Strike","animator:Strike+1"],"score":1302,"play_id":"29c54da5-bb63-4ccb-a67f-91f354016e7b","local_time":"20201231211141","is_ascension_mode":true,"campfire_choices":[{"data":"animator:Chris","floor":6,"key":"SMITH"},{"floor":11,"key":"REST"},{"floor":15,"key":"REST"},{"data":"animator:AcuraShin","floor":24,"key":"SMITH"},{"data":"animator:Guy","floor":28,"key":"SMITH"},{"data":"animator:Alexander","floor":32,"key":"SMITH"},{"floor":41,"key":"RECALL"},{"data":"animator:MadokaKaname","floor":45,"key":"SMITH"},{"data":"animator:HinaKagiyama","floor":49,"key":"SMITH"},{"data":"animator:ChaikaTrabant","floor":52,"key":"SMITH"}],"circlet_count":0,"master_deck":["animator:Strike_Fate","animator:Defend_Fate","animator:Defend","animator:Defend+1","animator:Alexander+1","animator:Rider","stsjorbsmod:EyeOfTheStorm+1","animator:Chris+1","animator:Yuuichirou","animator:Viivi","animator:KyokoSakura","animator:Lancer","animator:Layla","animator:Mitsurugi","animator:AcuraShin+1","animator:RinTohsaka","animator:YunYun","animator:ChaikaBohdan","animator:Alexander","animator:Caster","animator:LizardPriest+1","animator:Guy+1","animator:ChaikaTrabant+1","animator:Layla","RitualDagger","animator:MadokaKaname+1","animator:Curse_Nutcracker","Voices","animator:Caster+1","animator:Magilou+1","animator:EmiyaShirou+1","animator:EmiyaShirou+1","animator:SakuraMatou","animator:HinaKagiyama+1","animator:Curse_Dizziness","animator:HomuraAkemi","animator:Kyubey","animator:SayakaMiki","animator:AcuraTooru+1"],"relics":["animator:LivingPicture","animator:TheMissingPiece","Anchor","animator:WizardHat","Gremlin Food","Divine Protection","Golden Idol","animator:OldCoffin","Coffee Dripper","Replay:Baseball","Bronze Scales","ReplayTheSpireMod:Shallot","animator:WornHelmet","HollowMod:LifeEnderRelic","Eternal Feather","Replay:Ancient Bell","Tiny Chest","The Courier","Du-Vu Doll","Lantern","BargainBundle","Replay:Bottled Eggs","Toy Ornithopter","Peace Pipe","Orichalcum","Darkstone Periapt","Pet Ghost","MealTicket","theSenshi:FeatherClipsRelic"],"acts_visited":["Exordium","TheCity","TheBeyond","TheEnding"],"potions_floor_usage":[7,7,7,19,22,27,29,33,40,55],"damage_taken":[{"damage":0,"enemies":"Small Slimes","floor":1,"turns":4},{"damage":7,"enemies":"Jaw Worm","floor":2,"turns":6},{"damage":0,"enemies":"2 Louse","floor":5,"turns":2},{"damage":10,"enemies":"Lagavulin","floor":7,"turns":6},{"damage":0,"enemies":"Looter","floor":12,"turns":2},{"damage":11,"enemies":"Gremlin Nob","floor":13,"turns":4},{"damage":0,"enemies":"Exordium Thugs","floor":14,"turns":6},{"damage":12,"enemies":"Fading Forest","floor":16,"turns":11},{"damage":0,"enemies":"Spheric Guardian","floor":18,"turns":1},{"damage":3,"enemies":"2 Thieves","floor":19,"turns":4},{"damage":0,"enemies":"3 Cultists","floor":21,"turns":4},{"damage":8,"enemies":"Shelled Parasite and Fungi","floor":22,"turns":4},{"damage":0,"enemies":"Gremlin Leader","floor":23,"turns":5},{"damage":1,"enemies":"Book of Stabbing","floor":25,"turns":4},{"damage":4,"enemies":"animator:HornedBat","floor":27,"turns":7},{"damage":8,"enemies":"Replay:Snechameleon","floor":29,"turns":5},{"damage":0,"enemies":"Cultist and Chosen","floor":30,"turns":3},{"damage":0,"enemies":"Automaton","floor":33,"turns":6},{"damage":9,"enemies":"3 Darklings","floor":35,"turns":3},{"damage":8,"enemies":"3 Shapes","floor":39,"turns":3},{"damage":24,"enemies":"Reptomancer","floor":40,"turns":5},{"damage":7,"enemies":"Giant Head","floor":42,"turns":8},{"damage":0,"enemies":"Spire Growth","floor":46,"turns":4},{"damage":21,"enemies":"Transient","floor":47,"turns":6},{"damage":33,"enemies":"Replay:Hell Engine","floor":50,"turns":8},{"damage":28,"enemies":"Shield and Spear","floor":54,"turns":6},{"damage":60,"enemies":"The Heart","floor":55,"turns":8}],"seed_played":"7605401528104149392","potions_obtained":[{"floor":1,"key":"SteroidPotion"},{"floor":5,"key":"Adrenaline Potion"},{"floor":13,"key":"Block Potion"},{"floor":18,"key":"champ:CounterPotion"},{"floor":19,"key":"Fire Potion"},{"floor":25,"key":"hexamod:EctoCoolerPotion"},{"floor":30,"key":"PowerPotion"},{"floor":40,"key":"CultistPotion"}],"is_trial":false,"path_per_floor":["M","M","?","$","M","R","E","T","T","?","R","M","E","M","R","B",null,"M","M","?","M","M","E","R","E","T","E","R","E","M","?","R","B",null,"M","$","?","?","M","E","R","E","T","T","R","M","M","?","R","B",null,"R","$","E","B",null],"character_chosen":"THE_ANIMATOR","items_purchased":["Anchor","Fruit Juice","animator:Viivi","Lantern","BargainBundle","SkillPotion","GamblersBrew","SpeedPotion","animator:Magilou","animator:EmiyaShirou","Replay:Bottled Eggs","Toy Ornithopter","Peace Pipe","animator:SakuraMatou","Orichalcum"],"campfire_rested":2,"item_purchase_floors":[4,4,4,36,36,36,36,36,36,36,36,36,36,36,36],"current_hp_per_floor":[66,59,52,52,52,52,47,47,47,30,51,51,40,41,62,60,72,73,70,70,70,62,62,62,61,61,57,57,49,49,43,58,59,74,65,65,65,65,57,50,71,68,68,68,75,77,56,56,77,48,81,81,81,65,28],"gold":71,"neow_bonus":"TWO_FIFTY_GOLD","is_daily":false,"chose_seed":false,"campfire_upgraded":7,"win_rate":0.0,"timestamp":1609456301,"path_taken":["M","M","?","$","M","R","E","?","T","?","R","M","E","M","R","BOSS","M","M","?","M","M","E","R","E","T","E","R","E","M","?","R","BOSS","M","$","?","?","?","E","R","E","T","?","R","M","M","?","R","BOSS","R","$","E","BOSS"],"items_purchased_type":["Relic","Potion","Card","Relic","Relic","Potion","Potion","Potion","Card","Card","Relic","Relic","Relic","Card","Relic"],"build_version":"2020-12-22","purchased_purges":3,"victory":true,"max_hp_per_floor":[66,66,66,66,66,66,71,71,71,71,71,71,71,72,72,72,72,73,73,73,73,73,73,73,73,73,73,73,73,73,73,73,74,74,74,74,74,74,74,74,74,75,75,75,75,77,77,77,77,81,81,81,81,81,81],"card_choices":[{"not_picked":["animator:SayakaMiki","animator:Vanir"],"picked":"animator:Chris","floor":1},{"not_picked":["animator:Yoichi","animator:HighElfArcher"],"picked":"animator:Yuuichirou","floor":2},{"not_picked":["animator:Spearman","animator:Gillette"],"picked":"animator:KyokoSakura","floor":5},{"not_picked":["animator:Archer","animator:Rider"],"picked":"animator:Lancer","floor":7},{"not_picked":["animator:GoblinSlayer","animator:SayakaMiki","animator:CowGirl"],"picked":"SKIP","floor":12},{"not_picked":["animator:AcuraAkari","animator:KyokoSakura"],"picked":"animator:Layla","floor":13},{"not_picked":["animator:SayakaMiki","animator:OrikoMikuni"],"picked":"animator:Mitsurugi","floor":14},{"not_picked":["animator:Saitama","animator:Guren"],"picked":"animator:AcuraShin","floor":16},{"not_picked":["animator:Lancer","animator:Rider"],"picked":"animator:RinTohsaka","floor":18},{"not_picked":["animator:YuiTsuruno","animator:Verdia"],"picked":"animator:YunYun","floor":19},{"not_picked":["animator:Alexander","animator:Wiz"],"picked":"animator:ChaikaBohdan","floor":21},{"not_picked":["animator:Mikaela","animator:Illya"],"picked":"animator:Alexander","floor":22},{"not_picked":["animator:Alexander","animator:Rider"],"picked":"animator:Caster","floor":23},{"not_picked":["animator:Kazuma+1","animator:Illya+1"],"picked":"animator:LizardPriest+1","floor":25},{"not_picked":["animator:Spearman","animator:Rider"],"picked":"animator:Guy","floor":27},{"not_picked":["animator:Priestess","animator:NagisaMomoe"],"picked":"animator:ChaikaTrabant","floor":29},{"not_picked":["animator:Guy","animator:Gillette"],"picked":"animator:Layla","floor":30},{"not_picked":["animator:GoblinSlayer","animator:Boros"],"picked":"animator:MadokaKaname","floor":33},{"not_picked":["Shame","Regret"],"picked":"animator:Curse_Nutcracker","floor":34},{"not_picked":["Replay:Sluggish","Wrath_TH"],"picked":"ReplayTheSpireMod:IOU","floor":34},{"not_picked":["SwitchThreat","Shame"],"picked":"Voices","floor":34},{"not_picked":["animator:YuiTsuruno","animator:Kazuma"],"picked":"animator:Caster+1","floor":35},{"not_picked":["animator:Melzalgald","animator:CowGirl+1","animator:Shinoa"],"picked":"SKIP","floor":39},{"not_picked":["animator:Tatsumaki","animator:Berserker+1"],"picked":"animator:Kyubey","floor":40},{"not_picked":["animator:OrikoMikuni","animator:YachiyoNanami"],"picked":"animator:SayakaMiki","floor":42},{"not_picked":["animator:Verdia+1","animator:Kazuma+1","animator:KrulTepes"],"picked":"SKIP","floor":46},{"not_picked":["animator:ShinjiMatou","animator:Lancer+1"],"picked":"animator:AcuraTooru+1","floor":47},{"not_picked":["animator:Geryuganshoop+1","animator:AcuraTooru+1","animator:Chris+1"],"picked":"SKIP","floor":54}],"player_experience":638594,"relics_obtained":[{"floor":7,"key":"animator:WizardHat"},{"floor":8,"key":"Gremlin Food"},{"floor":9,"key":"Divine Protection"},{"floor":13,"key":"animator:OldCoffin"},{"floor":23,"key":"Bronze Scales"},{"floor":25,"key":"ReplayTheSpireMod:Shallot"},{"floor":26,"key":"animator:WornHelmet"},{"floor":27,"key":"HollowMod:LifeEnderRelic"},{"floor":29,"key":"Eternal Feather"},{"floor":40,"key":"Darkstone Periapt"},{"floor":42,"key":"Pet Ghost"},{"floor":44,"key":"MealTicket"},{"floor":54,"key":"theSenshi:FeatherClipsRelic"}],"event_choices":[{"cards_removed":["animator:Defend"],"damage_healed":0,"gold_gain":0,"player_choice":"Card Removal","damage_taken":7,"max_hp_gain":0,"max_hp_loss":0,"event_name":"Golden Wing","floor":3,"gold_loss":0},{"damage_healed":0,"gold_gain":0,"player_choice":"Take Damage","damage_taken":17,"relics_obtained":["Golden Idol"],"max_hp_gain":0,"max_hp_loss":0,"event_name":"Golden Idol","floor":10,"gold_loss":0},{"damage_healed":0,"gold_gain":0,"player_choice":"Opened","damage_taken":0,"relics_obtained":["Replay:Baseball"],"max_hp_gain":0,"max_hp_loss":0,"event_name":"The Mausoleum","floor":20,"gold_loss":0},{"damage_healed":0,"gold_gain":0,"player_choice":"Joined the Cult","damage_taken":6,"max_hp_gain":0,"max_hp_loss":0,"event_name":"Nest","floor":31,"gold_loss":0,"cards_obtained":["RitualDagger"]},{"damage_healed":0,"gold_gain":0,"cards_transformed":["animator:Strike"],"player_choice":"Transformed","damage_taken":0,"max_hp_gain":0,"max_hp_loss":0,"event_name":"Transmorgrifier","floor":38,"gold_loss":0,"cards_obtained":["animator:HomuraAkemi"]},{"damage_healed":0,"gold_gain":0,"player_choice":"Ignored","damage_taken":0,"max_hp_gain":0,"max_hp_loss":0,"event_name":"The Moai Head","floor":48,"gold_loss":0}],"is_beta":false,"boss_relics":[{"not_picked":["animator:CursedBlade","Kintsugi"],"picked":"Coffee Dripper"},{"not_picked":["Honey Jar","animator:HolyGrailRelic"],"picked":"Replay:Ancient Bell"},{"not_picked":["Smiling Mask","HollowMod:PaleOreRelic"],"picked":"Tiny Chest"},{"not_picked":["InkBottle","Paper Crane"],"picked":"The Courier"},{"not_picked":["Old Coin","TungstenRod"],"picked":"Du-Vu Doll"}],"items_purged_floors":[4,36,53],"is_endless":false,"potions_floor_spawned":[1,5,13,18,19,25,30,39,40],"ascension_level":2}}