{"host":"mttmnrdvbvzz8cuy","time":1609410671,"event":{"mods":["BaseMod","Bestiary","Better Altar","Better Note","Better Sensory Stone","Better Skull","BetterRewards","Colored Map","Colored Powertips","Minty Spire (QoL Compilation)","StSLib"],"gold_per_floor":[112,112,125,140,159,193,204,224,248,312,277,277,358,376,376,480,480,492,509,131,147,160,160,186,186,186,206,206,28,42,59,59,158,158,170,182,48,48,48,48],"floor_reached":39,"playtime":10099,"items_purged":["Strike_G","Strike_G"],"score":409,"play_id":"ae139cae-0471-42ba-b994-39217277d68c","local_time":"20201231213111","is_ascension_mode":false,"campfire_choices":[{"floor":15,"key":"REST"},{"floor":23,"key":"REST"},{"floor":28,"key":"REST"},{"data":"Night Terror","floor":32,"key":"SMITH"}],"circlet_count":0,"master_deck":["Strike_G","Strike_G","Strike_G","Defend_G","Defend_G","Defend_G","Defend_G+1","Defend_G","Survivor","Neutralize","PiercingWail+1","Iron Wave","Poisoned Stab","Backflip","Finisher","A Thousand Cuts+1","Blade Dance","Terror","Backflip","Prepared","Night Terror+1","Acrobatics+1","Blade Dance","Backstab+1","Backstab","Infinite Blades","Choke","Caltrops","Burst","Calculated Gamble+1","Finisher+1"],"relics":["Philosopher\u0027s Stone","Orichalcum","Tiny Chest","Omamori","HornCleat","WristBlade","OrangePellets","MealTicket","Nunchaku","Gremlin Horn","Calling Bell","Toy Ornithopter","Molten Egg 2","Gambling Chip"],"acts_visited":["Exordium","TheCity","TheBeyond"],"potions_floor_usage":[14,16,16,33,33,38],"damage_taken":[{"damage":3,"enemies":"2 Louse","floor":1,"turns":3},{"damage":5,"enemies":"Cultist","floor":3,"turns":4},{"damage":1,"enemies":"Jaw Worm","floor":4,"turns":3},{"damage":4,"enemies":"2 Fungi Beasts","floor":5,"turns":4},{"damage":19,"enemies":"3 Sentries","floor":6,"turns":11},{"damage":0,"enemies":"Blue Slaver","floor":7,"turns":3},{"damage":7,"enemies":"Exordium Wildlife","floor":8,"turns":4},{"damage":20,"enemies":"Lagavulin Event","floor":10,"turns":5},{"damage":0,"enemies":"Gremlin Gang","floor":14,"turns":1},{"damage":6,"enemies":"Slime Boss","floor":16,"turns":8},{"damage":24,"enemies":"Spheric Guardian","floor":18,"turns":5},{"damage":16,"enemies":"2 Thieves","floor":19,"turns":3},{"damage":7,"enemies":"Sentry and Sphere","floor":21,"turns":3},{"damage":13,"enemies":"Cultist and Chosen","floor":22,"turns":5},{"damage":12,"enemies":"Slavers","floor":24,"turns":5},{"damage":2,"enemies":"Snecko","floor":27,"turns":4},{"damage":12,"enemies":"Shelled Parasite and Fungi","floor":30,"turns":5},{"damage":0,"enemies":"3 Cultists","floor":31,"turns":3},{"damage":7,"enemies":"Champ","floor":33,"turns":7},{"damage":47,"enemies":"3 Darklings","floor":35,"turns":5},{"damage":0,"enemies":"3 Shapes","floor":36,"turns":3},{"damage":19,"enemies":"Transient","floor":38,"turns":5},{"damage":27,"enemies":"Writhing Mass","floor":39,"turns":1}],"seed_played":"-8377334261302989321","potions_obtained":[{"floor":6,"key":"Explosive Potion"},{"floor":7,"key":"SteroidPotion"},{"floor":10,"key":"FearPotion"},{"floor":16,"key":"DistilledChaos"},{"floor":21,"key":"LiquidBronze"},{"floor":22,"key":"SmokeBomb"},{"floor":30,"key":"CunningPotion"}],"is_trial":false,"path_per_floor":["M","?","M","M","M","E","M","M","T","?","?","?","T","M","R","B",null,"M","M","$","M","M","R","E","?","T","M","R","$","M","M","R","B",null,"M","M","$","M","M"],"character_chosen":"THE_SILENT","items_purchased":["OrangePellets","MealTicket","Choke","Finisher+1","BlessingOfTheForge"],"campfire_rested":3,"item_purchase_floors":[20,20,29,37,37],"current_hp_per_floor":[67,67,62,61,57,38,38,31,31,11,28,14,14,14,35,29,70,46,30,30,23,10,31,19,19,19,17,38,53,41,41,41,34,70,23,23,38,24,0,0],"gold":48,"neow_bonus":"BOSS_RELIC","is_daily":false,"chose_seed":false,"campfire_upgraded":1,"win_rate":0.0,"timestamp":1609410671,"path_taken":["M","?","M","M","M","E","?","M","T","?","?","?","?","M","R","BOSS","M","M","$","M","M","R","E","?","T","?","R","$","M","M","R","BOSS","M","M","$","M","M"],"items_purchased_type":["Relic","Relic","Card","Card","Potion"],"build_version":"2020-12-22","purchased_purges":2,"victory":false,"max_hp_per_floor":[70,70,70,70,70,70,70,70,70,70,70,70,70,70,70,70,70,70,70,70,70,70,70,70,70,70,70,70,70,70,70,70,70,70,70,70,70,70,70,70],"card_choices":[{"not_picked":["Quick Slash","All Out Attack"],"picked":"PiercingWail","floor":1},{"not_picked":["Dash","PiercingWail"],"picked":"Poisoned Stab","floor":3},{"not_picked":["Acrobatics","Slice"],"picked":"Backflip","floor":4},{"not_picked":["Backflip","Catalyst"],"picked":"Finisher","floor":5},{"not_picked":["Adrenaline","Tactician"],"picked":"A Thousand Cuts","floor":6},{"not_picked":["Prepared","Slice"],"picked":"Blade Dance","floor":7},{"not_picked":["Deadly Poison","Slice"],"picked":"Terror","floor":8},{"not_picked":["Heel Hook","Dagger Spray"],"picked":"Backflip","floor":10},{"not_picked":["Dagger Spray","Slice"],"picked":"Prepared","floor":14},{"not_picked":["Venomology","Glass Knife"],"picked":"Night Terror","floor":16},{"not_picked":["Sucker Punch+1","Dagger Spray"],"picked":"Acrobatics+1","floor":18},{"not_picked":["Sucker Punch+1","Bane+1","Blur"],"picked":"SKIP","floor":19},{"not_picked":["Dodge and Roll","Dagger Spray+1"],"picked":"Blade Dance","floor":21},{"not_picked":["Sucker Punch","Skewer"],"picked":"Backstab+1","floor":22},{"not_picked":["Backflip","Bouncing Flask"],"picked":"Backstab","floor":24},{"not_picked":["Well Laid Plans","Backflip"],"picked":"Infinite Blades","floor":27},{"not_picked":["Dagger Spray","Backflip"],"picked":"Caltrops","floor":30},{"not_picked":["Backflip","Dagger Spray+1","Heel Hook"],"picked":"SKIP","floor":31},{"not_picked":["Die Die Die","After Image"],"picked":"Burst","floor":33},{"not_picked":["Dodge and Roll+1","Escape Plan"],"picked":"Calculated Gamble+1","floor":35},{"not_picked":["Dagger Throw+1","Sucker Punch+1","Backflip"],"picked":"SKIP","floor":36}],"player_experience":145185,"relics_obtained":[{"floor":6,"key":"Orichalcum"},{"floor":9,"key":"Tiny Chest"},{"floor":10,"key":"Omamori"},{"floor":13,"key":"HornCleat"},{"floor":24,"key":"Nunchaku"},{"floor":26,"key":"Gremlin Horn"},{"floor":34,"key":"Toy Ornithopter"},{"floor":34,"key":"Molten Egg 2"},{"floor":34,"key":"Gambling Chip"}],"event_choices":[{"cards_removed":["PiercingWail"],"damage_healed":0,"gold_gain":0,"player_choice":"Take \u0026 Give","damage_taken":0,"max_hp_gain":0,"max_hp_loss":0,"event_name":"betterNote:BetterNote","floor":2,"gold_loss":0,"cards_obtained":["Iron Wave"]},{"damage_healed":0,"gold_gain":0,"player_choice":"Searched \u00271\u0027 times","damage_taken":0,"max_hp_gain":0,"max_hp_loss":0,"event_name":"Dead Adventurer","floor":10,"gold_loss":0},{"damage_healed":17,"gold_gain":0,"player_choice":"Healed","damage_taken":0,"max_hp_gain":0,"max_hp_loss":0,"event_name":"The Cleric","floor":11,"gold_loss":35},{"damage_healed":0,"gold_gain":0,"player_choice":"Entered Light","damage_taken":14,"max_hp_gain":0,"max_hp_loss":0,"event_name":"Shining Light","floor":12,"gold_loss":0,"cards_upgraded":["Defend_G","PiercingWail"]},{"damage_healed":0,"gold_gain":0,"player_choice":"Upgraded","damage_taken":0,"max_hp_gain":0,"max_hp_loss":0,"event_name":"Upgrade Shrine","floor":25,"gold_loss":0,"cards_upgraded":["A Thousand Cuts"]}],"is_beta":false,"boss_relics":[{"not_picked":["Velvet Choker","Astrolabe"],"picked":"WristBlade"},{"not_picked":["SlaversCollar","Fusion Hammer"],"picked":"Calling Bell"}],"items_purged_floors":[20,29],"is_endless":false,"potions_floor_spawned":[6,7,10,16,21,22,24,30,31,38],"killed_by":"Writhing Mass","ascension_level":0}}