{"host":"na09lpbrez4gbfiz","time":1609455904,"event":{"mods":["Act Like it!","BaseMod","BetterRewards","Colored Map","Colored Powertips","DeckTracker","Googly Eyes","Highlight Path","Minty Spire (QoL Compilation)","Quick Restart","Spicy Shops","StSLib","SuperFastMode","Synergy Search"],"gold_per_floor":[430,11,28,28,28,45,45,80,80,105,130,143,68,68,93,93,93,93],"floor_reached":16,"playtime":407,"items_purged":["Strike_R"],"score":183,"play_id":"b05a033b-ea32-47f5-876e-10ae409357f1","local_time":"20210101000504","is_ascension_mode":true,"campfire_choices":[{"floor":6,"key":"REST"},{"data":"Pummel","floor":8,"key":"SMITH"},{"floor":13,"key":"REST"},{"floor":15,"key":"REST"}],"circlet_count":0,"master_deck":["AscendersBane","Strike_R","Strike_R+1","Strike_R","Strike_R","Defend_R","Defend_R","Defend_R","Defend_R","Bash","Demon Form+1","Pummel+1","Rage","Heavy Blade"],"relics":["Burning Blood","Juzu Bracelet","Turnip","Vajra","Anchor","Omamori"],"acts_visited":["Exordium"],"potions_floor_usage":[7,14],"damage_taken":[{"damage":15,"enemies":"Cultist","floor":1,"turns":5},{"damage":14,"enemies":"Small Slimes","floor":2,"turns":3},{"damage":3,"enemies":"2 Louse","floor":5,"turns":3},{"damage":44,"enemies":"Gremlin Nob","floor":7,"turns":5},{"damage":20,"enemies":"Lagavulin","floor":10,"turns":6},{"damage":5,"enemies":"Exordium Thugs","floor":11,"turns":4},{"damage":32,"enemies":"Gremlin Nob","floor":14,"turns":4},{"damage":50,"enemies":"The Guardian","floor":16,"turns":9}],"seed_played":"-3337781090642043924","potions_obtained":[{"floor":5,"key":"Regen Potion"},{"floor":10,"key":"Strength Potion"}],"is_trial":false,"path_per_floor":["M","M","?","?","M","R","E","R","T","E","M","$","R","E","R","B"],"character_chosen":"IRONCLAD","items_purchased":[],"campfire_rested":3,"item_purchase_floors":[],"current_hp_per_floor":[73,63,55,55,39,42,66,40,40,40,26,27,27,51,25,49,0,0],"gold":93,"neow_bonus":"THREE_RARE_CARDS","is_daily":false,"chose_seed":false,"campfire_upgraded":1,"win_rate":0.0,"timestamp":1609455904,"path_taken":["M","?","?","?","M","R","E","R","T","E","M","$","R","E","R","BOSS"],"items_purchased_type":[],"build_version":"2020-12-22","purchased_purges":1,"victory":false,"max_hp_per_floor":[85,80,80,80,80,80,80,80,80,80,80,80,80,80,80,80,80,80],"card_choices":[{"not_picked":["Exhume","Reaper"],"picked":"Demon Form","floor":0},{"not_picked":["Twin Strike","Second Wind","Whirlwind"],"picked":"SKIP","floor":1},{"not_picked":["Clothesline","Hemokinesis"],"picked":"Rampage","floor":2},{"not_picked":["Sentinel","Burning Pact","Havoc"],"picked":"SKIP","floor":5},{"not_picked":["Evolve","Sentinel"],"picked":"Pummel","floor":7},{"not_picked":["Immolate","Entrench"],"picked":"Rage","floor":10},{"not_picked":["Disarm","Second Wind","Perfected Strike"],"picked":"SKIP","floor":11},{"not_picked":["Pommel Strike","Sword Boomerang"],"picked":"Heavy Blade","floor":14}],"player_experience":251046,"relics_obtained":[{"floor":7,"key":"Turnip"},{"floor":9,"key":"Vajra"},{"floor":10,"key":"Anchor"},{"floor":14,"key":"Omamori"}],"event_choices":[{"cards_removed":["Rampage"],"damage_healed":0,"gold_gain":0,"player_choice":"Gave Card","damage_taken":0,"relics_obtained":["Juzu Bracelet"],"max_hp_gain":0,"max_hp_loss":0,"event_name":"WeMeetAgain","floor":3,"gold_loss":0},{"damage_healed":0,"gold_gain":0,"player_choice":"Entered Light","damage_taken":16,"max_hp_gain":0,"max_hp_loss":0,"event_name":"Shining Light","floor":4,"gold_loss":0,"cards_upgraded":["Demon Form","Strike_R"]}],"is_beta":false,"boss_relics":[],"items_purged_floors":[12],"is_endless":false,"potions_floor_spawned":[5,10],"killed_by":"The Guardian","ascension_level":11}}