{"host":"2xqcnyceei4ojw3j","time":1609429009,"event":{"mods":["2.2 Compatiblity","AchievementEnabler","AlwaysNeverKeys","BaseMod","Better Altar","Better Match","Better Note","Better Sensory Stone","Better Skull","BetterRewards","Custom Start","Evolution","Hermit","Jedi Mod","Minty Spire (QoL Compilation)","Quick Restart","Rare Cards Sparkle","Spicy Shops","StSLib","The Hierophant","??????REMEMod"],"gold_per_floor":[114,128,128,142,142,171,183,195,242,258,258,23,23,55,55,207,207,240,240,33,6,6],"floor_reached":21,"playtime":1087,"items_purged":["Decay"],"score":339,"play_id":"f54f3cda-cc42-4833-8161-c20ddaab5c21","local_time":"20201231133649","is_ascension_mode":false,"campfire_choices":[{"floor":11,"key":"REST"},{"data":"Seeing Red","floor":13,"key":"SMITH"},{"data":"Seeing Red","floor":15,"key":"SMITH"}],"circlet_count":0,"master_deck":["Strike_R","Strike_R","Strike_R","Strike_R","Strike_R","Defend_R","Defend_R","Defend_R","Defend_R","Bash","Bludgeon","Twin Strike","REME_Scribble","jedi:fear","Seeing Red+1","Clash","Blind","Seeing Red+1","jedi:harder","CurseOfTheBell","Clash+1","jedi:fear","Rupture"],"relics":["Burning Blood","EVO:Axolotl","REME_ComplimentaryCards","Sling","Gambling Chip","jedi:shrinkray","jedi:crownofsimplicity","REME_ArchaeologicalTools","Calling Bell","Strawberry","jedi:Pinwheel","Ginger"],"acts_visited":["Exordium","TheCity"],"potions_floor_usage":[6,7,8,14],"damage_taken":[{"damage":7,"enemies":"2 Louse","floor":1,"turns":3},{"damage":6,"enemies":"Cultist","floor":2,"turns":3},{"damage":10,"enemies":"Small Slimes","floor":4,"turns":3},{"damage":24,"enemies":"3 Sentries","floor":6,"turns":6},{"damage":22,"enemies":"Gremlin Gang","floor":7,"turns":5},{"damage":17,"enemies":"Exordium Thugs","floor":8,"turns":4},{"damage":2,"enemies":"Large Slime","floor":10,"turns":4},{"damage":2,"enemies":"Gremlin Nob","floor":14,"turns":2},{"damage":60,"enemies":"The Guardian","floor":16,"turns":9},{"damage":7,"enemies":"Shell Parasite","floor":18,"turns":4},{"damage":4,"enemies":"2 Thieves","floor":21,"turns":2}],"seed_played":"-1636825088456148266","potions_obtained":[{"floor":1,"key":"BlessingOfTheForge"},{"floor":2,"key":"Weak Potion"},{"floor":6,"key":"BlessingOfTheForge"},{"floor":8,"key":"Strength Potion"},{"floor":16,"key":"BloodPotion"}],"is_trial":false,"path_per_floor":["M","M","$","M","?","E","M","M","T","M","R","$","R","E","R","B",null,"M","?","$","M"],"character_chosen":"IRONCLAD","items_purchased":["Sling","Twin Strike","jedi:crownofsimplicity","Blind","jedi:fear","Rupture"],"campfire_rested":1,"item_purchase_floors":[0,0,12,12,20,20],"current_hp_per_floor":[79,79,79,77,77,61,47,38,38,44,71,71,71,77,77,25,101,102,102,102,100,100],"gold":6,"neow_bonus":"","is_daily":false,"chose_seed":false,"campfire_upgraded":2,"win_rate":0.0,"timestamp":1609429009,"path_taken":["M","M","$","M","?","E","?","M","T","M","R","$","R","E","R","BOSS","M","?","$","M"],"items_purchased_type":["Relic","Card","Relic","Card","Card","Card"],"build_version":"2020-12-22","purchased_purges":1,"victory":false,"max_hp_per_floor":[80,80,80,82,82,84,86,88,88,90,90,90,90,92,92,94,101,103,103,103,105,105],"card_choices":[{"not_picked":["Combust","Feel No Pain","Metallicize"],"picked":"SKIP","floor":1},{"not_picked":["Dropkick","jedi:fear"],"picked":"REME_Scribble","floor":2},{"not_picked":["Armaments","Headbutt"],"picked":"jedi:fear","floor":4},{"not_picked":["True Grit","Fiend Fire","Clothesline"],"picked":"SKIP","floor":6},{"not_picked":["Thunderclap","Body Slam"],"picked":"Seeing Red","floor":7},{"not_picked":["Wild Strike","Body Slam","Headbutt"],"picked":"SKIP","floor":8},{"not_picked":["Searing Blow","Warcry"],"picked":"Clash","floor":10},{"not_picked":["Sword Boomerang","Thunderclap"],"picked":"Seeing Red","floor":14},{"not_picked":["REME_TheLastStrike","Immolate"],"picked":"jedi:harder","floor":16},{"not_picked":["Perfected Strike","Feel No Pain"],"picked":"Clash+1","floor":18}],"player_experience":100467,"relics_obtained":[{"floor":6,"key":"Gambling Chip"},{"floor":9,"key":"jedi:shrinkray"},{"floor":14,"key":"REME_ArchaeologicalTools"},{"floor":17,"key":"Strawberry"},{"floor":17,"key":"jedi:Pinwheel"},{"floor":17,"key":"Ginger"}],"event_choices":[{"damage_healed":0,"gold_gain":0,"player_choice":"Bought 0 Potions","damage_taken":0,"max_hp_gain":0,"max_hp_loss":0,"event_name":"The Woman in Blue","floor":5,"gold_loss":0},{"damage_healed":0,"gold_gain":0,"player_choice":"Cursed","damage_taken":0,"max_hp_gain":0,"max_hp_loss":0,"event_name":"Wheel of Change","floor":19,"gold_loss":0,"cards_obtained":["Decay"]}],"is_beta":false,"boss_relics":[{"not_picked":["jedi:battlestandard","Pandora\u0027s Box"],"picked":"Calling Bell"}],"items_purged_floors":[20],"is_endless":false,"potions_floor_spawned":[1,2,6,8,16],"killed_by":"2 Thieves","ascension_level":0}}