{"host":"sav7uxregyirlf69","time":1609423673,"event":{"mods":["AchievementEnabler","BaseMod","Colored Map","DeckTracker","Keyboard Shortcuts","Minty Spire (QoL Compilation)","READ ME - Guardian Mod","StSLib","SuperFastMode"],"gold_per_floor":[115,115,134,147,147,147,179,179,206,206,234,234,247,258,258,336,336,348,362,362,322,80,113,126,126,201,44,0,0,0,17,17,90,90,101,101,101,116,116,116,136,136,162,190,190,221,240,251,251,251,251,251,251,68,103,103],"floor_reached":57,"playtime":2260,"items_purged":["Strike_G","Defend_G"],"score":3001,"play_id":"96051711-a6b3-4443-87ff-01dda98cbb48","local_time":"20201231230753","is_ascension_mode":true,"campfire_choices":[{"floor":6.0,"key":"REST"},{"data":"Bouncing Flask","floor":10.0,"key":"SMITH"},{"data":"Neutralize","floor":15.0,"key":"SMITH"},{"floor":30,"key":"REST"},{"data":"Noxious Fumes","floor":32,"key":"SMITH"},{"data":"Reflex","floor":40,"key":"SMITH"},{"data":"Footwork","floor":42,"key":"SMITH"},{"data":"Backflip","floor":45,"key":"SMITH"},{"floor":49,"key":"RECALL"},{"floor":53,"key":"REST"}],"circlet_count":0,"master_deck":["AscendersBane","Defend_G","Defend_G","Survivor","Neutralize+1","Noxious Fumes+1","Bouncing Flask+1","Footwork+1","Backflip+1","Reflex+1","After Image","PiercingWail+1","Malaise+1","Prepared+1","Acrobatics+1","Tactician+1"],"relics":["Ring of the Snake","Pen Nib","Akabeko","Art of War","Paper Crane","Singing Bowl","Philosopher\u0027s Stone","ClockworkSouvenir","Toxic Egg 2","Medical Kit","Nloth\u0027s Gift","Empty Cage","CeramicFish","Juzu Bracelet","Vajra","Nunchaku"],"acts_visited":["Exordium","TheCity","TheBeyond","TheEnding"],"potions_floor_usage":[16,19,23,33,50,55,56,56],"damage_taken":[{"damage":9.0,"enemies":"Small Slimes","floor":1.0,"turns":5.0},{"damage":0.0,"enemies":"Cultist","floor":3.0,"turns":4.0},{"damage":10.0,"enemies":"2 Louse","floor":4.0,"turns":4.0},{"damage":16.0,"enemies":"Lagavulin","floor":7.0,"turns":6.0},{"damage":33.0,"enemies":"Gremlin Nob","floor":11.0,"turns":4.0},{"damage":0.0,"enemies":"2 Fungi Beasts","floor":13.0,"turns":4.0},{"damage":0.0,"enemies":"Blue Slaver","floor":14.0,"turns":3.0},{"damage":11,"enemies":"The Guardian","floor":16,"turns":10},{"damage":0,"enemies":"Spheric Guardian","floor":18,"turns":3},{"damage":0,"enemies":"2 Thieves","floor":19,"turns":4},{"damage":40,"enemies":"Book of Stabbing","floor":23,"turns":7},{"damage":0,"enemies":"Snecko","floor":24,"turns":5},{"damage":0,"enemies":"Snake Plant","floor":31,"turns":5},{"damage":17,"enemies":"Champ","floor":33,"turns":14},{"damage":0,"enemies":"3 Darklings","floor":35,"turns":7},{"damage":0,"enemies":"Orb Walker","floor":38,"turns":6},{"damage":3,"enemies":"Spire Growth","floor":41,"turns":7},{"damage":0,"enemies":"Nemesis","floor":44,"turns":9},{"damage":10,"enemies":"Reptomancer","floor":46,"turns":9},{"damage":0,"enemies":"Maw","floor":47,"turns":7},{"damage":5,"enemies":"Writhing Mass","floor":48,"turns":4},{"damage":34,"enemies":"Time Eater","floor":50,"turns":15},{"damage":5,"enemies":"Awakened One","floor":51,"turns":6},{"damage":0,"enemies":"Shield and Spear","floor":55,"turns":3},{"damage":17,"enemies":"The Heart","floor":56,"turns":7}],"seed_played":"7946485776254518467","potions_obtained":[{"floor":4.0,"key":"Regen Potion"},{"floor":7.0,"key":"FearPotion"},{"floor":13.0,"key":"ColorlessPotion"},{"floor":16,"key":"CunningPotion"},{"floor":18,"key":"DistilledChaos"},{"floor":19,"key":"EssenceOfSteel"},{"floor":21,"key":"LiquidBronze"},{"floor":21,"key":"Ancient Potion"},{"floor":24,"key":"GhostInAJar"},{"floor":33,"key":"Swift Potion"},{"floor":48,"key":"PowerPotion"},{"floor":55,"key":"Weak Potion"}],"is_trial":false,"path_per_floor":["M","?","M","M","?","R","E","?","T","R","E","T","M","M","R","B",null,"M","M","?","?","$","E","M","?","T","$","?","?","R","M","R","B",null,"M","?","?","M","?","R","M","R","T","E","R","E","M","M","R","B","B",null,"R","$","E","B",null],"character_chosen":"THE_SILENT","items_purchased":["ClockworkSouvenir","Medical Kit","LiquidBronze"],"campfire_rested":3,"item_purchase_floors":[22,27,54],"current_hp_per_floor":[49,49,49,39,28,52,36,29,29,29,10,10,12,14,14,3,64,66,68,42,42,42,4,4,4,4,4,4,4,32,34,34,17,77,77,77,77,77,73,73,72,72,72,74,74,66,66,63,63,29,24,89,111,111,113,96],"gold":103,"neow_bonus":"ONE_RARE_RELIC","is_daily":false,"chose_seed":false,"campfire_upgraded":6,"win_rate":0.0,"timestamp":1609423673,"path_taken":["M","?","M","?","?","R","E","?","T","R","E","?","?","M","R","BOSS","M","M","?","?","$","E","?","?","T","?","?","?","R","M","R","BOSS","M","?","?","?","?","R","M","R","T","E","R","E","M","M","R","BOSS","BOSS","R","$","E","BOSS"],"items_purchased_type":["Relic","Relic","Potion"],"build_version":"2020-12-22","purchased_purges":2,"victory":true,"max_hp_per_floor":[80,80,80,80,80,80,80,80,80,80,80,80,82,84,84,84,84,86,88,93,93,93,95,95,95,95,95,95,95,95,97,97,97,97,97,97,97,97,103,103,105,105,105,107,107,109,109,111,111,111,111,111,111,111,113,113],"card_choices":[{"not_picked":["Slice","PiercingWail"],"picked":"Noxious Fumes","floor":1.0},{"not_picked":["Underhanded Strike","Deadly Poison"],"picked":"Bouncing Flask","floor":3.0},{"not_picked":["Deadly Poison","Underhanded Strike"],"picked":"Footwork","floor":4.0},{"not_picked":["Venomology","Outmaneuver"],"picked":"Backflip","floor":7.0},{"not_picked":["Dagger Spray","Bane"],"picked":"Reflex","floor":11.0},{"not_picked":["Deadly Poison","Dagger Spray","Footwork"],"picked":"Singing Bowl","floor":13.0},{"not_picked":["Eviscerate","Endless Agony","Deadly Poison"],"picked":"Singing Bowl","floor":14.0},{"not_picked":["Bullet Time","Night Terror"],"picked":"After Image","floor":16},{"not_picked":["Dodge and Roll","Dagger Throw","Dash"],"picked":"Singing Bowl","floor":18},{"not_picked":["Heel Hook","Underhanded Strike","Riddle With Holes+1"],"picked":"Singing Bowl","floor":19},{"not_picked":["Noxious Fumes","Dash","Accuracy"],"picked":"Singing Bowl","floor":23},{"not_picked":["Deadly Poison+1","Dodge and Roll+1"],"picked":"PiercingWail+1","floor":24},{"not_picked":["Dash","Terror+1","Accuracy"],"picked":"Singing Bowl","floor":31},{"not_picked":["Glass Knife","Night Terror+1"],"picked":"Malaise+1","floor":33},{"not_picked":["All Out Attack+1","Choke"],"picked":"Prepared+1","floor":35},{"not_picked":["Poisoned Stab","Quick Slash"],"picked":"Acrobatics+1","floor":38},{"not_picked":["Forethought+1","Dramatic Entrance","Enlightenment+1"],"picked":"Singing Bowl","floor":39},{"not_picked":["Enlightenment+1","Swift Strike","Metamorphosis+1"],"picked":"Singing Bowl","floor":39},{"not_picked":["Jack Of All Trades+1","Good Instincts+1","Discovery+1"],"picked":"Singing Bowl","floor":39},{"not_picked":["All Out Attack+1","Quick Slash","Doppelganger+1"],"picked":"Singing Bowl","floor":41},{"not_picked":["Skewer","Endless Agony+1","Terror+1"],"picked":"Singing Bowl","floor":44},{"not_picked":["Burst+1","Slice","Distraction+1"],"picked":"Singing Bowl","floor":46},{"not_picked":["Riddle With Holes","Skewer"],"picked":"Tactician+1","floor":47},{"not_picked":["Prepared+1","Deflect+1","Sucker Punch"],"picked":"Singing Bowl","floor":48},{"not_picked":["Slice","Backstab","Dodge and Roll+1"],"picked":"Singing Bowl","floor":55}],"player_experience":1080136,"relics_obtained":[{"floor":7.0,"key":"Akabeko"},{"floor":9.0,"key":"Art of War"},{"floor":11.0,"key":"Paper Crane"},{"floor":12.0,"key":"Singing Bowl"},{"floor":23,"key":"Toxic Egg 2"},{"floor":43,"key":"CeramicFish"},{"floor":44,"key":"Juzu Bracelet"},{"floor":46,"key":"Vajra"},{"floor":55,"key":"Nunchaku"}],"event_choices":[{"cards_removed":["Strike_G"],"damage_healed":0.0,"max_hp_gain":0.0,"max_hp_loss":0.0,"gold_gain":0.0,"event_name":"Purifier","player_choice":"Purged","floor":2.0,"gold_loss":0.0,"damage_taken":0.0},{"damage_healed":0.0,"max_hp_gain":0.0,"max_hp_loss":0.0,"gold_gain":0.0,"event_name":"Scrap Ooze","player_choice":"Success","floor":5.0,"gold_loss":0.0,"damage_taken":11.0,"relics_obtained":["Pen Nib"]},{"cards_removed":["Strike_G"],"damage_healed":0.0,"max_hp_gain":0.0,"max_hp_loss":0.0,"gold_gain":0.0,"event_name":"Golden Wing","player_choice":"Card Removal","floor":8.0,"gold_loss":0.0,"damage_taken":7.0},{"damage_healed":0,"gold_gain":0,"player_choice":"Shed Blood","damage_taken":31,"max_hp_gain":5,"max_hp_loss":0,"event_name":"Forgotten Altar","floor":20,"gold_loss":0},{"damage_healed":0,"gold_gain":0,"player_choice":"Bought 3 Potions","damage_taken":0,"max_hp_gain":0,"max_hp_loss":0,"event_name":"The Woman in Blue","floor":21,"gold_loss":0},{"cards_removed":["Defend_G"],"damage_healed":0,"gold_gain":0,"player_choice":"Elegance","damage_taken":0,"max_hp_gain":0,"max_hp_loss":0,"event_name":"Back to Basics","floor":25,"gold_loss":0},{"damage_healed":0,"gold_gain":0,"player_choice":"Paid Fearfully","damage_taken":0,"max_hp_gain":0,"max_hp_loss":0,"event_name":"Masked Bandits","floor":28,"gold_loss":44},{"damage_healed":0,"gold_gain":0,"player_choice":"Traded Relic","damage_taken":0,"relics_obtained":["Nloth\u0027s Gift"],"max_hp_gain":0,"max_hp_loss":0,"event_name":"N\u0027loth","floor":29,"relics_lost":["Mango"],"gold_loss":0},{"damage_healed":0,"gold_gain":0,"player_choice":"Ignored","damage_taken":0,"max_hp_gain":0,"max_hp_loss":0,"event_name":"Mysterious Sphere","floor":36,"gold_loss":0},{"cards_removed":["Defend_G"],"damage_healed":0,"gold_gain":0,"player_choice":"Removed Skill","damage_taken":0,"max_hp_gain":0,"max_hp_loss":0,"event_name":"Falling","floor":37,"gold_loss":0},{"damage_healed":0,"gold_gain":0,"player_choice":"Memory 3","damage_taken":10,"max_hp_gain":0,"max_hp_loss":0,"event_name":"SensoryStone","floor":39,"gold_loss":0}],"is_beta":false,"boss_relics":[{"not_picked":["SlaversCollar","Tiny House"],"picked":"Philosopher\u0027s Stone"},{"not_picked":["Black Star","Ring of the Serpent"],"picked":"Empty Cage"}],"items_purged_floors":[22,54],"is_endless":false,"potions_floor_spawned":[4,7,13,16,18,19,24,33,35,46,47,48,55],"ascension_level":20}}