{"host":"at64dhdf9kc8hjax","time":1609443770,"event":{"mods":["Act Like it!","BaseMod","Dota2Spire","Friendly Minions","Gensokyo","Highlight Path","Minty Spire (QoL Compilation)","Quick Restart","RumiaBox-露米娅的神秘盒子","Spicy Shops","StSLib","SuperFastMode","【遗物卡牌】REMEMod"],"gold_per_floor":[110,60,73,83,98,98,111,126,126,126,141,216,216,227,227,329,329,340,353,382,398,398,410,420,454,454,454,474,485,485,499,499,599,599,610,620,895,911,929,929,945,960,985,985,999,58,92,111,111,111,111],"floor_reached":50,"playtime":4970,"items_purged":["Regret"],"score":910,"play_id":"cb04ee3f-eb12-406b-8d6c-06d8d80913ab","local_time":"20210101034250","is_ascension_mode":true,"campfire_choices":[{"data":"Neutralize","floor":6.0,"key":"SMITH"},{"data":"Prepared","floor":10.0,"key":"SMITH"},{"data":"Dagger Spray","floor":13.0,"key":"SMITH"},{"data":"Survivor","floor":15.0,"key":"SMITH"},{"data":"Prepared","floor":27.0,"key":"SMITH"},{"data":"Tactician","floor":30.0,"key":"SMITH"},{"data":"Corpse Explosion","floor":32.0,"key":"SMITH"},{"data":"Adrenaline","floor":40.0,"key":"SMITH"},{"data":"Underhanded Strike","floor":44.0,"key":"SMITH"},{"data":"REME_HeartOfCthun","floor":49,"key":"SMITH"}],"circlet_count":0,"master_deck":["AscendersBane","Strike_G","Strike_G","Strike_G","Defend_G","Defend_G","Defend_G","Defend_G","Survivor+1","Neutralize+1","REME_GreenPollution","Escape Plan","Dagger Spray+1","Backstab","After Image","Prepared+1","Acrobatics","Corpse Explosion+1","Underhanded Strike+1","Acrobatics","Prepared+1","Tactician+1","Adrenaline+1","Concentrate+1","REME_GreenPollution","Parasite","REME_HeartOfCthun+1","Underhanded Strike+1"],"relics":["Ring of the Snake","REME_ComplimentaryCards","Meat on the Bone","HoveringKite","Red Mask","Torii","GodSword7","Coffee Dripper","Bronze Scales","MagicDraw2","Dota2Spire:Mjollnir","Lee\u0027s Waffle","The Specimen"],"acts_visited":["Exordium","TheCity","TheBeyond"],"potions_floor_usage":[49,50,50],"damage_taken":[{"damage":0.0,"enemies":"2 Louse","floor":1.0,"turns":5.0},{"damage":1.0,"enemies":"Small Slimes","floor":3.0,"turns":5.0},{"damage":0.0,"enemies":"Jaw Worm","floor":4.0,"turns":6.0},{"damage":1.0,"enemies":"Blue Slaver","floor":5.0,"turns":5.0},{"damage":1.0,"enemies":"Red Slaver","floor":7.0,"turns":4.0},{"damage":0.0,"enemies":"Lots of Slimes","floor":8.0,"turns":1.0},{"damage":4.0,"enemies":"Large Slime","floor":11.0,"turns":5.0},{"damage":0.0,"enemies":"Exordium Wildlife","floor":14.0,"turns":3.0},{"damage":0.0,"enemies":"The Guardian","floor":16.0,"turns":10.0},{"damage":0.0,"enemies":"Shell Parasite","floor":18.0,"turns":8.0},{"damage":0.0,"enemies":"Chosen","floor":19.0,"turns":8.0},{"damage":0.0,"enemies":"Masked Bandits","floor":20.0,"turns":3.0},{"damage":8.0,"enemies":"Sentry and Sphere","floor":21.0,"turns":5.0},{"damage":9.0,"enemies":"Snake Plant","floor":23.0,"turns":5.0},{"damage":10.0,"enemies":"Shelled Parasite and Fungi","floor":24.0,"turns":5.0},{"damage":0.0,"enemies":"Gremlin Leader","floor":25.0,"turns":5.0},{"damage":7.0,"enemies":"Centurion and Healer","floor":28.0,"turns":2.0},{"damage":6.0,"enemies":"Sentry and Sphere","floor":29.0,"turns":3.0},{"damage":0.0,"enemies":"Cultist and Chosen","floor":31.0,"turns":5.0},{"damage":14.0,"enemies":"Champ","floor":33.0,"turns":9.0},{"damage":1.0,"enemies":"Orb Walker","floor":35.0,"turns":3.0},{"damage":6.0,"enemies":"3 Shapes","floor":36.0,"turns":2.0},{"damage":14.0,"enemies":"Maw","floor":38.0,"turns":7.0},{"damage":8.0,"enemies":"Sphere and 2 Shapes","floor":39.0,"turns":4.0},{"damage":1.0,"enemies":"4 Shapes","floor":41.0,"turns":2.0},{"damage":0.0,"enemies":"Writhing Mass","floor":42.0,"turns":4.0},{"damage":0.0,"enemies":"3 Darklings","floor":45.0,"turns":2.0},{"damage":15,"enemies":"Nemesis","floor":47,"turns":6},{"damage":1,"enemies":"Jaw Worm Horde","floor":48,"turns":2},{"damage":164,"enemies":"Time Eater","floor":50,"turns":10}],"seed_played":"-8256000174151507402","potions_obtained":[{"floor":1.0,"key":"Explosive Potion"},{"floor":8.0,"key":"EntropicBrew"},{"floor":16.0,"key":"Strength Potion"},{"floor":19.0,"key":"SteroidPotion"},{"floor":21.0,"key":"Poison Potion"},{"floor":23.0,"key":"BlessingOfTheForge"},{"floor":36.0,"key":"Energy Potion"},{"floor":38.0,"key":"DistilledChaos"},{"floor":47,"key":"Fruit Juice"}],"is_trial":false,"path_per_floor":["M","?","M","M","M","R","M","M","T","R","M","?","R","M","R","B",null,"M","M","?","M","?","M","M","E","T","R","M","M","R","M","R","B",null,"M","M","?","M","M","R","M","M","T","R","M","$","E","M","R","B"],"character_chosen":"THE_SILENT","items_purchased":["MagicDraw2","Dota2Spire:Mjollnir","Lee\u0027s Waffle","REME_HeartOfCthun"],"campfire_rested":0,"item_purchase_floors":[46,46,46,46],"current_hp_per_floor":[45,45,44,44,43,43,42,42,42,42,38,27,27,39,39,39,62,62,62,62,54,41,44,46,46,46,46,39,45,45,45,45,43,67,66,60,60,46,38,38,49,49,49,49,49,82,67,66,71,0,0],"gold":111,"neow_bonus":"REMOVE_TWO","is_daily":false,"chose_seed":false,"campfire_upgraded":10,"win_rate":0.0,"timestamp":1609443770,"path_taken":["M","?","M","M","M","R","M","M","T","R","M","?","R","M","R","BOSS","M","M","?","M","?","M","M","E","T","R","M","M","R","M","R","BOSS","M","M","?","?","M","R","M","M","T","R","M","$","E","?","R","BOSS"],"items_purchased_type":["Relic","Relic","Relic","Card"],"build_version":"2020-12-22","purchased_purges":1,"victory":false,"max_hp_per_floor":[70,70,70,70,70,70,70,70,70,70,70,70,70,70,70,70,70,70,70,70,70,75,75,75,75,75,75,75,75,75,75,75,75,75,75,75,75,75,75,75,75,75,75,75,75,82,82,82,87,87,87],"card_choices":[{"not_picked":["Sucker Punch","Cloak And Dagger","Finisher"],"picked":"SKIP","floor":1.0},{"not_picked":["Sucker Punch","PiercingWail"],"picked":"Escape Plan","floor":3.0},{"not_picked":["Setup","Flying Knee"],"picked":"Dagger Spray","floor":4.0},{"not_picked":["Sucker Punch","Well Laid Plans"],"picked":"Backstab","floor":5.0},{"not_picked":["Flying Knee","Backflip"],"picked":"After Image","floor":7.0},{"not_picked":["Calculated Gamble","Poisoned Stab"],"picked":"Prepared","floor":8.0},{"not_picked":["Quick Slash","Flying Knee","Bane"],"picked":"SKIP","floor":11.0},{"not_picked":["Predator","Dagger Throw"],"picked":"Acrobatics","floor":14.0},{"not_picked":["Glass Knife","Bullet Time"],"picked":"Corpse Explosion","floor":16.0},{"not_picked":["Deflect","Predator","Cloak And Dagger"],"picked":"SKIP","floor":18.0},{"not_picked":["Distraction","Backstab"],"picked":"Underhanded Strike","floor":19.0},{"not_picked":["Predator","Quick Slash"],"picked":"Acrobatics","floor":21.0},{"not_picked":["Terror","Leg Sweep"],"picked":"Prepared","floor":23.0},{"not_picked":["Acrobatics+1","Quick Slash","Flying Knee+1"],"picked":"SKIP","floor":24.0},{"not_picked":["Distraction+1","Accuracy","Blade Dance+1"],"picked":"SKIP","floor":25.0},{"not_picked":["Dodge and Roll","Infinite Blades","Poisoned Stab"],"picked":"SKIP","floor":28.0},{"not_picked":["Poisoned Stab","Doppelganger"],"picked":"Tactician","floor":29.0},{"not_picked":["Heel Hook","Blade Dance","Caltrops+1"],"picked":"SKIP","floor":31.0},{"not_picked":["Wraith Form v2","Corpse Explosion"],"picked":"Adrenaline","floor":33.0},{"not_picked":["Slice","Leg Sweep+1","Choke+1"],"picked":"SKIP","floor":35.0},{"not_picked":["Dagger Throw","PiercingWail"],"picked":"Concentrate+1","floor":36.0},{"not_picked":["Caltrops+1","Terror"],"picked":"REME_GreenPollution","floor":38.0},{"not_picked":["Dagger Spray+1","Bane+1","Backstab+1"],"picked":"SKIP","floor":39.0},{"not_picked":["All Out Attack","Outmaneuver","Blade Dance"],"picked":"SKIP","floor":41.0},{"not_picked":["Blade Dance+1","Setup+1","Flechettes+1"],"picked":"SKIP","floor":42.0},{"not_picked":["Corpse Explosion","Outmaneuver+1","Heel Hook"],"picked":"SKIP","floor":45.0},{"not_picked":["Infinite Blades+1","Blur","All Out Attack+1"],"picked":"SKIP","floor":47},{"not_picked":["Bane+1","Caltrops"],"picked":"Underhanded Strike+1","floor":48}],"player_experience":211086,"relics_obtained":[{"floor":9.0,"key":"Meat on the Bone"},{"floor":20.0,"key":"Red Mask"},{"floor":25.0,"key":"Torii"},{"floor":26.0,"key":"GodSword7"},{"floor":43.0,"key":"Bronze Scales"},{"floor":47,"key":"The Specimen"}],"event_choices":[{"cards_removed":["Defend_G"],"damage_healed":0.0,"max_hp_gain":0.0,"max_hp_loss":0.0,"gold_gain":0.0,"event_name":"The Cleric","player_choice":"Card Removal","floor":2.0,"gold_loss":50.0,"damage_taken":0.0},{"damage_healed":0.0,"max_hp_gain":0.0,"max_hp_loss":0.0,"gold_gain":75.0,"event_name":"World of Goop","player_choice":"Gather Gold","floor":12.0,"gold_loss":0.0,"damage_taken":11.0},{"damage_healed":0.0,"max_hp_gain":0.0,"max_hp_loss":0.0,"gold_gain":0.0,"event_name":"Masked Bandits","player_choice":"Fought Bandits","floor":20.0,"gold_loss":0.0,"damage_taken":0.0},{"damage_healed":0.0,"max_hp_gain":5.0,"max_hp_loss":0.0,"gold_gain":0.0,"event_name":"Forgotten Altar","player_choice":"Shed Blood","floor":22.0,"gold_loss":0.0,"damage_taken":18.0},{"damage_healed":0.0,"max_hp_gain":0.0,"max_hp_loss":0.0,"gold_gain":275.0,"event_name":"Golden Shrine","player_choice":"Desecrate","floor":37.0,"gold_loss":0.0,"damage_taken":0.0,"cards_obtained":["Regret"]}],"is_beta":false,"boss_relics":[{"not_picked":["EasyGame_NEW","Pandora\u0027s Box"],"picked":"HoveringKite"},{"not_picked":["Black Star","Astrolabe"],"picked":"Coffee Dripper"}],"items_purged_floors":[46],"is_endless":false,"potions_floor_spawned":[1,8,16,19,21,23,24,31,36,38,41,47],"killed_by":"Time Eater","ascension_level":10}}