{"host":"tr12w2fixbnujl15","time":1609445615,"event":{"mods":["2.2 Compatiblity","Astrologer","BaseMod","Better Skull","BetterRewards","Colored Powertips","Hubris","Infinite Spire","Jorbs\u0027s Wanderer Trilogy","Luminous","Minty Spire (QoL Compilation)","Quick Restart","Reimu??????","Replay The Spire","Robot Space Explorer","StSLib","SuperFastMode","Td1madao Mod","The Administrix","The Animator","The Death Knight","The Exalted","The Necromancer","The Sage","The Senshi","The Spell Scribe","TheArtist","WarShipGirlsR/????R mod"],"gold_per_floor":[114,133,133,14,24,55,130,140,163,141,167,181,181,13,13,116,116,136,156,108,108,121,140,140,152,152,152,204,216,228,239,239,254,254,358,358,391,450,301,301,301],"floor_reached":40,"playtime":1289,"items_purged":[],"score":600,"play_id":"f408491c-a816-4a9e-8b91-a274b8e4cfb2","local_time":"20201231151335","is_ascension_mode":false,"campfire_choices":[{"floor":13,"key":"REST"},{"floor":15,"key":"REST"},{"floor":24,"key":"REST"}],"circlet_count":0,"master_deck":["Strike_W+1","Strike_W+1","Strike_W+1","Strike_W+1","Defend_W+1","Defend_W+1","Defend_W+1","Defend_W+1","Negative_Energy_Arrows","Bone_Wall","Bone_Armory","Summon_Lich","Thousand_Bone_Knives","Uncharnel+1","Negative_Energy_Javelin","Death_Knell","hubris:EnhanceAbility","ReplayTheSpireMod:Private Reserves","Master of Strategy","Pandemic","Hellfire","Slay_Living","Negative_Energy_Mist","Reap_The_Weak","Summon_Undead_Army","Bone_Bullets","Skeleton_Dragon","Epidemic","Finger_Of_Death","Consume_Illness+1","Negative_Energy_Mist","Bone_Shift+1","Stop_Heart+1","Siphon_Strength","Life_Tap","infinitespire:Starlight","Grasp_Heart","Summon_Death_Knight","Negative_Energy_Shield+1","Bone_Spikes+1","Stop_Heart"],"relics":["Vampire_Amulet","Bromod:ArcaneMomentum","Bromod:ArcaneNullifier","hubris:CuriousFeather","Bromod:ArcaneTempo","ReplayTheSpireMod:ShopPack","Centennial Puzzle","Lantern","Bromod:ArcaneAwakening","Boot","hubris:ScarierMask","Ancient Tea Set","Girya","Bromod:ArcaneEnergize","infinitespire:EvilPickle","Fusion Hammer","ReplayFunnel","Membership Card"],"acts_visited":["Exordium","TheCity","TheBeyond"],"potions_floor_usage":[16,16,23,29,35],"damage_taken":[{"damage":0,"enemies":"2 Louse","floor":1,"turns":2},{"damage":6,"enemies":"Cultist","floor":2,"turns":3},{"damage":0,"enemies":"Small Slimes","floor":5,"turns":3},{"damage":22,"enemies":"Gremlin Nob","floor":6,"turns":4},{"damage":6,"enemies":"Blue Slaver","floor":8,"turns":2},{"damage":3,"enemies":"Lagavulin","floor":11,"turns":6},{"damage":8,"enemies":"Looter","floor":12,"turns":3},{"damage":24,"enemies":"Hexaghost","floor":16,"turns":8},{"damage":15,"enemies":"2 Thieves","floor":18,"turns":4},{"damage":34,"enemies":"Shell Parasite","floor":19,"turns":7},{"damage":11,"enemies":"Centurion and Healer","floor":22,"turns":3},{"damage":12,"enemies":"Shelled Parasite and Fungi","floor":23,"turns":3},{"damage":3,"enemies":"Snecko","floor":25,"turns":4},{"damage":13,"enemies":"Snake Plant","floor":29,"turns":3},{"damage":0,"enemies":"Cultist and Chosen","floor":30,"turns":4},{"damage":7,"enemies":"Centurion and Healer","floor":31,"turns":3},{"damage":0,"enemies":"Chosen and Byrds","floor":33,"turns":4},{"damage":27,"enemies":"Pondfish","floor":35,"turns":7},{"damage":15,"enemies":"Orb Walker","floor":37,"turns":4},{"damage":0,"enemies":"3 Darklings","floor":40,"turns":1}],"seed_played":"-5610307573975964422","potions_obtained":[{"floor":1,"key":"SneckoOil"},{"floor":2,"key":"Milkshake"},{"floor":12,"key":"Block Potion"},{"floor":16,"key":"sagemod:Wine"},{"floor":22,"key":"Explosive Potion"},{"floor":23,"key":"SteroidPotion"},{"floor":30,"key":"ZuzhouPotion:ReiMu"},{"floor":33,"key":"DuplicationPotion"},{"floor":37,"key":"Dexterity Potion"},{"floor":38,"key":"BlessingOfTheForge"}],"is_trial":false,"path_per_floor":["M","M","?","$","M","E","?","M","T","$","E","M","R","$","R","B",null,"M","M","$","?","M","M","R","M","PTL","PTL","T","M","M","M","AVR","M","R","B",null,"M","?","$","M"],"character_chosen":"NECROMANCER","items_purchased":["Bone_Armory","Bromod:ArcaneMomentum","Bromod:ArcaneNullifier","Summon_Lich","Thousand_Bone_Knives","ReplayTheSpireMod:ShopPack","Negative_Energy_Mist","Boot","Bone_Bullets","PowerPotion","Membership Card"],"campfire_rested":3,"item_purchase_floors":[0,0,0,0,0,4,10,14,14,20,39],"current_hp_per_floor":[75,71,71,71,75,55,44,40,40,40,39,33,55,55,75,53,75,62,30,30,30,21,11,33,32,32,32,32,21,23,18,18,20,42,32,75,62,44,44,44,44],"gold":301,"neow_bonus":"","is_daily":false,"chose_seed":false,"campfire_upgraded":0,"win_rate":0.0,"timestamp":1609445615,"path_taken":["M","M","?","?","M","E","?","M","T","$","E","M","R","?","R","BOSS","M","?","$","?","M","M","R","M","PTL","PTL","T","M","M","M","AVR","M","R","BOSS","M","?","$","M"],"items_purchased_type":["Card","Relic","Relic","Card","Card","Relic","Card","Relic","Card","Potion","Relic"],"build_version":"2020-12-22","purchased_purges":0,"victory":false,"max_hp_per_floor":[75,75,75,75,75,75,75,75,75,75,75,75,75,75,75,75,75,75,75,75,75,75,75,75,75,75,75,75,75,75,75,75,75,75,75,75,75,75,75,75,75],"card_choices":[{"not_picked":["Finger_Of_Death","Flesh_Made_Foul"],"picked":"Negative_Energy_Javelin","floor":1},{"not_picked":["Bone_Bullets","Negative_Energy_Burst"],"picked":"Death_Knell","floor":2},{"not_picked":["Replay:Dark Deal","Chrysalis"],"picked":"hubris:EnhanceAbility","floor":4},{"not_picked":["Secret Technique","Finesse"],"picked":"ReplayTheSpireMod:Private Reserves","floor":4},{"not_picked":["Replay:Parry","Dark Shackles"],"picked":"Master of Strategy","floor":4},{"not_picked":["Death_March_Dance","Epidemic"],"picked":"Pandemic","floor":5},{"not_picked":["Toxic_Smoke_Screen","Spectral_Walk"],"picked":"Hellfire","floor":6},{"not_picked":["Chill_Blood","Pandemic"],"picked":"Slay_Living","floor":8},{"not_picked":["Negative_Energy_Sphere","Consume_Illness"],"picked":"Reap_The_Weak","floor":11},{"not_picked":["Whirlwind_of_Bones","Consume_Illness"],"picked":"Summon_Undead_Army","floor":12},{"not_picked":["Hellfire","Blood_Magic"],"picked":"Skeleton_Dragon","floor":16},{"not_picked":["Negative_Energy_Javelin","Death_Coil+1"],"picked":"Epidemic","floor":18},{"not_picked":["Blood_for_Blood","Death_March_Dance"],"picked":"Finger_Of_Death","floor":19},{"not_picked":["Thousand_Bone_Knives","Uncharnel"],"picked":"Consume_Illness+1","floor":22},{"not_picked":["Shackles_Of_Pain","Bone_Shift"],"picked":"Negative_Energy_Mist","floor":23},{"not_picked":["Negative_Energy_Sphere","Bone_Bullets"],"picked":"Bone_Shift+1","floor":25},{"not_picked":["Scare","Negative_Energy_Mist+1"],"picked":"Stop_Heart+1","floor":29},{"not_picked":["Consume_Illness","Thousand_Bone_Knives"],"picked":"Siphon_Strength","floor":30},{"not_picked":["Bone_Spikes","Finger_Of_Death"],"picked":"Life_Tap","floor":31},{"not_picked":["Slay_Living","Life_Drain"],"picked":"Grasp_Heart","floor":33},{"not_picked":["Cloudkill","Negative_Energy_Bomb"],"picked":"Summon_Death_Knight","floor":35},{"not_picked":["Bone_Shift+1","Death_March_Dance+1"],"picked":"Negative_Energy_Shield+1","floor":37},{"not_picked":["Death_March_Dance+1","Shackles_Of_Pain+1"],"picked":"Bone_Spikes+1","floor":38},{"not_picked":["Death_Coil","Summon_Undead_Army+1"],"picked":"Stop_Heart","floor":38}],"player_experience":21215,"relics_obtained":[{"floor":6,"key":"Centennial Puzzle"},{"floor":9,"key":"Lantern"},{"floor":11,"key":"Bromod:ArcaneAwakening"},{"floor":28,"key":"Ancient Tea Set"},{"floor":38,"key":"ReplayFunnel"}],"event_choices":[{"damage_healed":0,"gold_gain":0,"player_choice":"Gave Potion","damage_taken":0,"relics_obtained":["Bromod:ArcaneTempo"],"max_hp_gain":0,"max_hp_loss":0,"event_name":"WeMeetAgain","floor":3,"gold_loss":0},{"damage_healed":0,"gold_gain":75,"player_choice":"Gather Gold","damage_taken":11,"max_hp_gain":0,"max_hp_loss":0,"event_name":"World of Goop","floor":7,"gold_loss":0},{"damage_healed":0,"gold_gain":0,"player_choice":"Simplicity","damage_taken":0,"max_hp_gain":0,"max_hp_loss":0,"event_name":"Back to Basics","floor":21,"gold_loss":0,"cards_upgraded":["Strike_W","Strike_W","Strike_W","Strike_W","Defend_W","Defend_W","Defend_W","Defend_W"]}],"is_beta":false,"boss_relics":[{"not_picked":["Bromod:ArcaneBarrier","Painkiller Herb"],"picked":"hubris:ScarierMask"},{"not_picked":["Calling Bell","SacredBark"],"picked":"Fusion Hammer"}],"items_purged_floors":[],"is_endless":false,"potions_floor_spawned":[1,2,12,16,22,23,30,31,33,37],"killed_by":"3 Darklings","ascension_level":0}}