{"host":"3jjxuhjpio8e4zkv","time":1609374258,"event":{"mods":["BaseMod","Colored Map","Highlight Path","Minty Spire (QoL Compilation)","Permanent Neow","Relic Stats","StSLib"],"gold_per_floor":[212,212,223,238,238,238,270,270,296,321,321,340,350,0,0,76,76,0,19,19,30,45,45,73,16,16,45,64,64,64,89,89,163,163,174,17,17,28,28,28],"floor_reached":39,"playtime":2090,"items_purged":["Strike_G","Strike_G"],"score":919,"play_id":"9a899c16-5028-4f7c-9457-366eeb320fab","local_time":"20201230192418","is_ascension_mode":true,"campfire_choices":[{"data":"Finisher","floor":6,"key":"SMITH"},{"data":"Poisoned Stab","floor":8,"key":"SMITH"},{"floor":15,"key":"REST"},{"floor":23,"key":"REST"},{"floor":30,"key":"REST"},{"data":"Footwork","floor":32,"key":"SMITH"}],"circlet_count":0,"master_deck":["AscendersBane","Strike_G","Defend_G","Defend_G","Defend_G","Defend_G","Defend_G","Survivor","Neutralize","Finisher+1","Poisoned Stab+1","Calculated Gamble","Leg Sweep","Dash","Skewer","After Image","Blur","After Image","Well Laid Plans","Footwork+1","Wraith Form v2","Unload","Deadly Poison+1","Caltrops+1","Poisoned Stab+1","Footwork","Blur","Tools of the Trade","Backflip","Blur"],"relics":["Ring of the Snake","Regal Pillow","Vajra","Mummified Hand","SlaversCollar","Dream Catcher","Bottled Lightning","Mango","Gremlin Horn","Fusion Hammer"],"acts_visited":["Exordium","TheCity","TheBeyond"],"potions_floor_usage":[7,7,7,10,12,16,16,27,33,39],"damage_taken":[{"damage":2,"enemies":"2 Louse","floor":1,"turns":4},{"damage":12,"enemies":"Jaw Worm","floor":3,"turns":3},{"damage":0,"enemies":"Small Slimes","floor":4,"turns":2},{"damage":37,"enemies":"3 Sentries","floor":7,"turns":15},{"damage":23,"enemies":"Lagavulin","floor":10,"turns":5},{"damage":1,"enemies":"Looter","floor":12,"turns":4},{"damage":3,"enemies":"Exordium Wildlife","floor":13,"turns":3},{"damage":9,"enemies":"The Guardian","floor":16,"turns":15},{"damage":17,"enemies":"2 Thieves","floor":18,"turns":5},{"damage":14,"enemies":"Chosen","floor":19,"turns":7},{"damage":13,"enemies":"Centurion and Healer","floor":21,"turns":9},{"damage":4,"enemies":"Snecko","floor":22,"turns":9},{"damage":1,"enemies":"Book of Stabbing","floor":24,"turns":5},{"damage":20,"enemies":"Slavers","floor":27,"turns":7},{"damage":11,"enemies":"Cultist and Chosen","floor":28,"turns":7},{"damage":10,"enemies":"Colosseum Slavers","floor":29,"turns":7},{"damage":6,"enemies":"Book of Stabbing","floor":31,"turns":6},{"damage":22,"enemies":"Automaton","floor":33,"turns":16},{"damage":8,"enemies":"Orb Walker","floor":35,"turns":4},{"damage":8,"enemies":"3 Darklings","floor":38,"turns":8},{"damage":68,"enemies":"Jaw Worm Horde","floor":39,"turns":4}],"seed_played":"-514627575003483164","potions_obtained":[{"floor":1,"key":"EntropicBrew"},{"floor":4,"key":"Block Potion"},{"floor":10,"key":"FearPotion"},{"floor":13,"key":"GamblersBrew"},{"floor":22,"key":"Ancient Potion"},{"floor":24,"key":"SkillPotion"},{"floor":31,"key":"EssenceOfSteel"},{"floor":33,"key":"DuplicationPotion"}],"is_trial":false,"path_per_floor":["M","?","M","M","?","R","E","R","T","E","?","M","M","$","R","B",null,"M","M","?","M","M","R","E","$","T","E","M","?","R","E","R","B",null,"M","$","?","M","M"],"character_chosen":"THE_SILENT","items_purchased":["After Image","Blur","BlessingOfTheForge","Poison Potion","Fire Potion","Backflip"],"campfire_rested":3,"item_purchase_floors":[14,14,14,14,25,36],"current_hp_per_floor":[57,57,45,45,50,50,28,28,28,5,5,4,1,1,37,28,60,43,29,29,16,12,48,47,47,47,41,30,20,60,54,54,32,72,64,64,64,56,0,0],"gold":28,"neow_bonus":"HUNDRED_GOLD","is_daily":false,"chose_seed":false,"campfire_upgraded":3,"win_rate":0.0,"timestamp":1609374258,"path_taken":["M","?","M","M","?","R","E","R","T","E","?","M","M","$","R","BOSS","M","M","?","M","M","R","E","$","T","E","M","?","R","E","R","BOSS","M","$","?","M","M"],"items_purchased_type":["Card","Card","Potion","Potion","Potion","Card"],"build_version":"2020-12-22","purchased_purges":2,"victory":false,"max_hp_per_floor":[66,66,66,66,71,71,71,71,71,71,71,71,71,71,71,71,71,71,71,71,71,71,71,71,71,71,85,85,85,85,85,85,85,85,85,85,85,85,85,85],"relic_stats":{"Regal Pillow":45,"Dream Catcher":1,"Gremlin Horn":[7,7],"counters":[21,145],"Mummified Hand":[82],"obtain_stats":[{"SlaversCollar":17,"Regal Pillow":7,"Dream Catcher":24,"Gremlin Horn":31,"Mummified Hand":10,"Vajra":9,"Mango":27,"Fusion Hammer":34,"Bottled Lightning":26,"Ring of the Snake":0},{"SlaversCollar":8,"Regal Pillow":4,"Dream Catcher":13,"Gremlin Horn":17,"Mummified Hand":5,"Vajra":4,"Mango":14,"Fusion Hammer":18,"Bottled Lightning":13,"Ring of the Snake":0},{"SlaversCollar":51,"Regal Pillow":24,"Dream Catcher":86,"Gremlin Horn":113,"Mummified Hand":29,"Vajra":24,"Mango":93,"Fusion Hammer":129,"Bottled Lightning":86,"Ring of the Snake":0}],"Ring of the Snake":[42]},"card_choices":[{"not_picked":["Calculated Gamble","Dagger Spray"],"picked":"Finisher","floor":1},{"not_picked":["Choke","Bouncing Flask"],"picked":"Poisoned Stab","floor":3},{"not_picked":["PiercingWail","Dagger Throw"],"picked":"Calculated Gamble","floor":4},{"not_picked":["PiercingWail","Night Terror"],"picked":"Leg Sweep","floor":7},{"not_picked":["PiercingWail","Tactician"],"picked":"Dash","floor":10},{"not_picked":["Flying Knee","Outmaneuver","Poisoned Stab"],"picked":"SKIP","floor":12},{"not_picked":["Blade Dance","Outmaneuver"],"picked":"Skewer","floor":13},{"not_picked":["Storm of Steel","Bullet Time"],"picked":"After Image","floor":16},{"not_picked":["Poisoned Stab","Backflip"],"picked":"Well Laid Plans","floor":18},{"not_picked":["Setup+1","Dagger Spray"],"picked":"Footwork","floor":19},{"not_picked":["Flying Knee","Setup"],"picked":"Deadly Poison+1","floor":21},{"not_picked":["Well Laid Plans","Catalyst"],"picked":"Caltrops+1","floor":22},{"not_picked":["Quick Slash","Slice+1"],"picked":"Poisoned Stab+1","floor":24},{"not_picked":["Unload","Outmaneuver"],"picked":"Footwork","floor":27},{"not_picked":["Deadly Poison","Poisoned Stab","Calculated Gamble"],"picked":"SKIP","floor":28},{"not_picked":["Bane","Caltrops"],"picked":"Blur","floor":31},{"not_picked":["Unload","After Image"],"picked":"Tools of the Trade","floor":33},{"not_picked":["Setup","Endless Agony+1","Outmaneuver"],"picked":"SKIP","floor":35},{"not_picked":["Prepared","Skewer"],"picked":"Blur","floor":38}],"player_experience":1143243,"relics_obtained":[{"floor":7,"key":"Regal Pillow"},{"floor":9,"key":"Vajra"},{"floor":10,"key":"Mummified Hand"},{"floor":24,"key":"Dream Catcher"},{"floor":26,"key":"Bottled Lightning"},{"floor":27,"key":"Mango"},{"floor":31,"key":"Gremlin Horn"}],"event_choices":[{"damage_healed":0,"gold_gain":0,"player_choice":"Ignored","damage_taken":0,"max_hp_gain":0,"max_hp_loss":0,"event_name":"Liars Game","floor":2,"gold_loss":0},{"damage_healed":0,"gold_gain":0,"player_choice":"Donut","damage_taken":0,"max_hp_gain":5,"max_hp_loss":0,"event_name":"Big Fish","floor":5,"gold_loss":0},{"damage_healed":0,"gold_gain":0,"player_choice":"Fled","damage_taken":0,"max_hp_gain":0,"max_hp_loss":0,"event_name":"Scrap Ooze","floor":11,"gold_loss":0},{"damage_healed":0,"gold_gain":0,"cards_transformed":["Strike_G","Strike_G"],"player_choice":"Became Test Subject","damage_taken":0,"max_hp_gain":0,"max_hp_loss":0,"event_name":"Drug Dealer","floor":20,"gold_loss":0,"cards_obtained":["Wraith Form v2","Unload"]},{"damage_healed":0,"gold_gain":0,"player_choice":"Fight","damage_taken":0,"max_hp_gain":0,"max_hp_loss":0,"event_name":"Colosseum","floor":29,"gold_loss":0},{"damage_healed":0,"gold_gain":0,"player_choice":"Fled From Nobs","damage_taken":0,"max_hp_gain":0,"max_hp_loss":0,"event_name":"Colosseum","floor":29,"gold_loss":0},{"damage_healed":0,"gold_gain":0,"player_choice":"Ignored","damage_taken":0,"max_hp_gain":0,"max_hp_loss":0,"event_name":"Mysterious Sphere","floor":37,"gold_loss":0}],"is_beta":false,"boss_relics":[{"not_picked":["SacredBark","Sozu"],"picked":"SlaversCollar"},{"not_picked":["Black Star","Tiny House"],"picked":"Fusion Hammer"}],"items_purged_floors":[14,36],"is_endless":false,"potions_floor_spawned":[1,4,10,13,22,24,29,31,33,35,38],"killed_by":"Jaw Worm Horde","ascension_level":20}}