{"host":"h8k9dndf1ns7wsjc","time":1609458965,"event":{"mods":["2.2 Compatiblity","AchievementEnabler","Act Like it!","BaseMod","Better Altar","Better Skull","Better Vampires","BetterRewards","Communication Mod","Downfall","Minty Spire (QoL Compilation)","Permanent Neow","Remove Card Discount Mod","Spicy Shops","StSLib"],"gold_per_floor":[99,109,120,134,26,26,49,67,67,52,52,68,93,110,134,134,134,134],"floor_reached":16,"playtime":1762,"items_purged":["hexamod:Strike","hexamod:Strike"],"score":104,"play_id":"b13d6f5c-1c5f-4bd9-acfc-4036df0b4fb8","local_time":"20210101005605","is_ascension_mode":false,"campfire_choices":[{"data":"hexamod:Float","floor":1,"key":"SMITH"},{"data":"hexamod:RainOfEmbers","floor":9,"key":"SMITH"},{"data":"hexamod:SearingWound","floor":11,"key":"SMITH"}],"circlet_count":0,"master_deck":["hexamod:Strike","hexamod:Defend","hexamod:Defend","hexamod:Defend","hexamod:Defend","hexamod:Sear","hexamod:Float+1","hexamod:HauntingEcho","hexamod:ThirdSeal","hexamod:RainOfEmbers+1","hexamod:StepThrough","hexamod:EmpoweredFlame","hexamod:DynamicBlow","hexamod:FourthSeal","hexamod:NightmareGuise","hexamod:BurningTouch","hexamod:AdvancingGuard","hexamod:InspiringFlames","hexamod:SearingWound+1","hexamod:SearingWound","hexamod:GhostflameInferno","hexamod:ParanormalForm","hexamod:SecondSeal","hexamod:TimeWarp","hexamod:BacktrackSmack"],"relics":["hexamod:SpiritBrand","MealTicket","Matryoshka"],"acts_visited":["Exordium"],"potions_floor_usage":[13,16,16],"damage_taken":[{"damage":0,"enemies":"Cultist","floor":2,"turns":4},{"damage":0,"enemies":"Jaw Worm","floor":3,"turns":3},{"damage":0,"enemies":"2 Louse","floor":4,"turns":3},{"damage":0,"enemies":"downfall:FleeingMerchant","floor":5,"turns":4},{"damage":22,"enemies":"Gremlin Gang","floor":8,"turns":8},{"damage":4,"enemies":"downfall:FleeingMerchant","floor":10,"turns":4},{"damage":0,"enemies":"Red Slaver","floor":12,"turns":4},{"damage":22,"enemies":"3 Sentries","floor":13,"turns":7},{"damage":13,"enemies":"2 Fungi Beasts","floor":14,"turns":4},{"damage":7,"enemies":"Blue Slaver","floor":15,"turns":3},{"damage":26,"enemies":"downfall:Defect","floor":16,"turns":5}],"seed_played":"-2895583072318952305","potions_obtained":[{"floor":3,"key":"Ancient Potion"},{"floor":4,"key":"Strength Potion"},{"floor":8,"key":"Fire Potion"},{"floor":13,"key":"EssenceOfSteel"},{"floor":14,"key":"champ:CounterPotion"}],"is_trial":false,"path_per_floor":["R","M","M","M","$","?","T","M","R","$","R","M","E","M","M","B"],"character_chosen":"THE_SPIRIT","items_purchased":["hexamod:FourthSeal","hexamod:NightmareGuise"],"campfire_rested":0,"item_purchase_floors":[5,5],"current_hp_per_floor":[77,77,77,77,77,77,77,55,55,66,66,66,44,31,24,0,0,0],"gold":134,"neow_bonus":"TEN_PERCENT_HP_BONUS","is_daily":false,"chose_seed":false,"campfire_upgraded":3,"win_rate":0.0,"timestamp":1609458965,"path_taken":["R","M","M","?","$","?","T","M","R","?","R","M","E","M","M","BOSS"],"items_purchased_type":["Card","Card"],"build_version":"2020-12-22","purchased_purges":2,"victory":false,"max_hp_per_floor":[77,77,77,77,77,77,77,77,77,77,77,77,77,77,77,77,77,77],"card_choices":[{"not_picked":["hexamod:NightmareStrike","hexamod:SpectersWail"],"picked":"hexamod:HauntingEcho","floor":2},{"not_picked":["hexamod:RetreatToShadows","hexamod:Incineration"],"picked":"hexamod:ThirdSeal","floor":3},{"not_picked":["hexamod:SwordOfDarkness","hexamod:NightmareStrike"],"picked":"hexamod:RainOfEmbers","floor":4},{"not_picked":["hexamod:PhantomFireball","hexamod:InspiringFlames"],"picked":"hexamod:StepThrough","floor":4},{"not_picked":["hexamod:SwordOfDarkness","hexamod:BurningTouch"],"picked":"hexamod:EmpoweredFlame","floor":5},{"not_picked":["hexamod:Rewind","hexamod:CrushingStance"],"picked":"hexamod:DynamicBlow","floor":5},{"not_picked":["hexamod:SwordOfDarkness","hexamod:RainOfEmbers"],"picked":"hexamod:AdvancingGuard","floor":8},{"not_picked":["hexamod:Again","hexamod:SpectersWail"],"picked":"hexamod:InspiringFlames","floor":8},{"not_picked":["hexamod:GhostShield","hexamod:HauntingEcho"],"picked":"hexamod:SearingWound","floor":10},{"not_picked":["hexamod:BurningTouch","hexamod:SpectersWail"],"picked":"hexamod:SearingWound","floor":10},{"not_picked":["hexamod:SpectersWail","hexamod:NightmareStrike"],"picked":"hexamod:GhostflameInferno","floor":12},{"not_picked":["hexamod:ShieldOfDarkness","hexamod:GhostLash","hexamod:HauntingEcho"],"picked":"SKIP","floor":12},{"not_picked":["hexamod:GhostShield","hexamod:GhostflameInferno"],"picked":"hexamod:ParanormalForm","floor":13},{"not_picked":["hexamod:GhostLash","hexamod:SwordOfDarkness","hexamod:BacktrackSmack"],"picked":"SKIP","floor":13},{"not_picked":["hexamod:ThermalTransfer","hexamod:SwordOfDarkness"],"picked":"hexamod:SecondSeal","floor":14},{"not_picked":["hexamod:SwordOfDarkness","hexamod:GhostLash","hexamod:Firestarter"],"picked":"SKIP","floor":14},{"not_picked":["hexamod:ShieldOfDarkness","hexamod:GhostLash"],"picked":"hexamod:TimeWarp","floor":15},{"not_picked":["hexamod:GhostShield","hexamod:SwordOfDarkness"],"picked":"hexamod:BacktrackSmack","floor":15}],"player_experience":435778,"relics_obtained":[{"floor":7,"key":"MealTicket"},{"floor":13,"key":"Matryoshka"}],"event_choices":[{"damage_healed":0,"gold_gain":0,"cards_transformed":["hexamod:Strike"],"player_choice":"Transformed","damage_taken":0,"max_hp_gain":0,"max_hp_loss":0,"event_name":"Transmorgrifier","floor":6,"gold_loss":0,"cards_obtained":["hexamod:BurningTouch"]}],"is_beta":false,"boss_relics":[],"items_purged_floors":[5,5],"is_endless":false,"potions_floor_spawned":[3,4,14],"killed_by":"downfall:Defect","ascension_level":0}}