{"host":"480qzmvu0s2e3e6w","time":1609436669,"event":{"mods":["BaseMod","Colored Map","DeckTracker","Minty Spire (QoL Compilation)","StSLib","SuperFastMode"],"gold_per_floor":[117,127,127,127,127,153,166,191,264,281,314,314,314,159,159,233,233,253,81,6,18,18,18,33,33,83,83,101,101,116,131,131,131,131],"floor_reached":33,"playtime":1305,"items_purged":["Strike_R","Strike_R"],"score":595,"play_id":"8836a9ea-a0f4-49b5-8794-aeede2bb4963","local_time":"20210101024429","is_ascension_mode":true,"campfire_choices":[{"floor":12,"key":"REST"},{"data":"Fire Breathing","floor":15,"key":"SMITH"},{"data":"Offering","floor":23,"key":"SMITH"},{"data":"Body Slam","floor":25,"key":"SMITH"},{"data":"Dark Embrace","floor":27,"key":"SMITH"},{"data":"Power Through","floor":29,"key":"SMITH"},{"data":"Immolate","floor":32,"key":"SMITH"}],"circlet_count":0,"master_deck":["AscendersBane","Strike_R","Defend_R","Defend_R","Defend_R","Defend_R","Bash","Fire Breathing+1","Shrug It Off","Cleave","Pommel Strike","Feed","Headbutt","Sword Boomerang","Battle Trance","Offering+1","Power Through+1","Dark Embrace+1","Shockwave+1","Body Slam+1","Immolate+1"],"relics":["Burning Blood","NeowsBlessing","TungstenRod","Art of War","Ancient Tea Set","Kunai","Darkstone Periapt","Sozu","Orichalcum"],"acts_visited":["Exordium","TheCity"],"potions_floor_usage":[8,8,11,11],"damage_taken":[{"damage":0.0,"enemies":"Jaw Worm","floor":1.0,"turns":1.0},{"damage":0.0,"enemies":"Small Slimes","floor":2.0,"turns":1.0},{"damage":0.0,"enemies":"Gremlin Nob","floor":6.0,"turns":1.0},{"damage":0.0,"enemies":"2 Louse","floor":7.0,"turns":3.0},{"damage":43,"enemies":"Lagavulin","floor":8,"turns":7},{"damage":4,"enemies":"Blue Slaver","floor":10,"turns":5},{"damage":2,"enemies":"3 Sentries","floor":11,"turns":5},{"damage":0,"enemies":"Slime Boss","floor":16,"turns":7},{"damage":6,"enemies":"Chosen","floor":18,"turns":3},{"damage":20,"enemies":"Shell Parasite","floor":21,"turns":6},{"damage":14,"enemies":"Snecko","floor":24,"turns":5},{"damage":15,"enemies":"Centurion and Healer","floor":28,"turns":6},{"damage":17,"enemies":"3 Cultists","floor":30,"turns":5},{"damage":30,"enemies":"Snake Plant","floor":31,"turns":4},{"damage":60,"enemies":"Champ","floor":33,"turns":10}],"seed_played":"-771384194626316992","potions_obtained":[{"floor":1.0,"key":"GamblersBrew"},{"floor":6.0,"key":"Strength Potion"},{"floor":8,"key":"Dexterity Potion"},{"floor":10,"key":"GamblersBrew"},{"floor":16,"key":"FearPotion"}],"is_trial":false,"path_per_floor":["M","M","?","?","?","E","M","E","T","M","E","R","?","$","R","B",null,"M","$","?","M","?","R","M","R","T","R","M","R","M","M","R","B"],"character_chosen":"IRONCLAD","items_purchased":["Battle Trance","Dark Embrace"],"campfire_rested":1,"item_purchase_floors":[14,19],"current_hp_per_floor":[74,75,80,45,39,45,51,14,14,19,23,47,47,47,47,53,76,79,79,79,65,65,65,60,60,60,60,51,51,43,43,43,0,0],"gold":131,"neow_bonus":"THREE_ENEMY_KILL","is_daily":false,"chose_seed":false,"campfire_upgraded":6,"win_rate":0.0,"timestamp":1609436669,"path_taken":["M","M","?","?","?","E","M","E","T","?","E","R","?","?","R","BOSS","M","$","?","M","?","R","M","R","T","R","M","R","M","M","R","BOSS"],"items_purchased_type":["Card","Card"],"build_version":"2020-12-22","purchased_purges":2,"victory":false,"max_hp_per_floor":[75,75,80,80,80,80,80,80,80,83,83,83,83,83,83,83,83,86,86,86,86,86,86,89,89,89,89,89,89,92,92,92,92,92],"card_choices":[{"not_picked":["Infernal Blade","Havoc"],"picked":"Fire Breathing","floor":1.0},{"not_picked":["Anger","Ghostly Armor"],"picked":"Shrug It Off","floor":2.0},{"not_picked":["Shockwave","Shrug It Off"],"picked":"Cleave","floor":6.0},{"not_picked":["Flex","Havoc"],"picked":"Pommel Strike","floor":7.0},{"not_picked":["Carnage","Demon Form"],"picked":"Feed","floor":8},{"not_picked":["Perfected Strike","Disarm"],"picked":"Headbutt","floor":10},{"not_picked":["Iron Wave","True Grit"],"picked":"Sword Boomerang","floor":11},{"not_picked":["Demon Form","Brutality"],"picked":"Offering","floor":16},{"not_picked":["Iron Wave+1","Pommel Strike"],"picked":"Power Through","floor":18},{"not_picked":["Clash","Sword Boomerang"],"picked":"Shockwave+1","floor":21},{"not_picked":["Anger","Flex","Cleave"],"picked":"SKIP","floor":24},{"not_picked":["Twin Strike","Sword Boomerang+1","Cleave"],"picked":"SKIP","floor":28},{"not_picked":["Uppercut","Pommel Strike+1","Dropkick"],"picked":"SKIP","floor":30},{"not_picked":["Flame Barrier","Wild Strike+1"],"picked":"Immolate","floor":31}],"player_experience":625151,"relics_obtained":[{"floor":6.0,"key":"Art of War"},{"floor":8,"key":"Ancient Tea Set"},{"floor":9,"key":"Kunai"},{"floor":11,"key":"Darkstone Periapt"},{"floor":26,"key":"Orichalcum"}],"event_choices":[{"damage_healed":0.0,"max_hp_gain":5.0,"max_hp_loss":0.0,"gold_gain":0.0,"event_name":"Big Fish","player_choice":"Donut","floor":3.0,"gold_loss":0.0,"damage_taken":0.0},{"damage_healed":0.0,"max_hp_gain":0.0,"max_hp_loss":0.0,"gold_gain":0.0,"event_name":"Scrap Ooze","player_choice":"Success","floor":4.0,"gold_loss":0.0,"damage_taken":35.0,"relics_obtained":["TungstenRod"]},{"cards_removed":["Strike_R"],"damage_healed":0.0,"max_hp_gain":0.0,"max_hp_loss":0.0,"gold_gain":0.0,"event_name":"Golden Wing","player_choice":"Card Removal","floor":5.0,"gold_loss":0.0,"damage_taken":7.0},{"damage_healed":0,"gold_gain":0,"player_choice":"Ignored","damage_taken":0,"max_hp_gain":0,"max_hp_loss":0,"event_name":"Liars Game","floor":13,"gold_loss":0},{"cards_removed":["Strike_R"],"damage_healed":0,"gold_gain":0,"player_choice":"Gave Gold","damage_taken":0,"max_hp_gain":0,"max_hp_loss":0,"event_name":"Beggar","floor":20,"gold_loss":75},{"damage_healed":0,"gold_gain":0,"player_choice":"Read","damage_taken":0,"max_hp_gain":0,"max_hp_loss":0,"event_name":"The Library","floor":22,"gold_loss":0,"cards_obtained":["Body Slam"]}],"is_beta":false,"boss_relics":[{"not_picked":["Ectoplasm","Runic Pyramid"],"picked":"Sozu"}],"items_purged_floors":[14,19],"is_endless":false,"potions_floor_spawned":[1,6,8,10,16,18,24,28],"killed_by":"Champ","ascension_level":15}}