{"host":"dcj2yvrgcvh5dl2s","time":1609386139,"event":{"mods":["BaseMod","Better Note","Block Reminder","Colored Powertips","DeckTracker","Minty Spire (QoL Compilation)","Quick Restart","Rare Cards Sparkle","Relic Stats","StSLib"],"gold_per_floor":[109,120,131,131,281,281,281],"floor_reached":6,"playtime":131,"items_purged":[],"score":68,"play_id":"a8b82e50-5e4d-43e2-9aef-93d20dfa620d","local_time":"20201231134219","is_ascension_mode":true,"campfire_choices":[],"circlet_count":0,"master_deck":["AscendersBane","Strike_R","Strike_R","Strike_R","Defend_R","Defend_R","Defend_R","Defend_R","Bash","Parasite","Burning Pact","Inflame","Body Slam","Heavy Blade","Seeing Red","Doubt"],"relics":["Burning Blood","Regal Pillow"],"acts_visited":["Exordium"],"potions_floor_usage":[6],"damage_taken":[{"damage":12,"enemies":"Cultist","floor":1,"turns":4},{"damage":26,"enemies":"Jaw Worm","floor":2,"turns":6},{"damage":9,"enemies":"Small Slimes","floor":3,"turns":4},{"damage":39,"enemies":"Gremlin Nob","floor":6,"turns":3}],"seed_played":"3243389053289896657","potions_obtained":[{"floor":1,"key":"AttackPotion"}],"is_trial":false,"path_per_floor":["M","M","M","?","?","E"],"character_chosen":"IRONCLAD","items_purchased":[],"campfire_rested":0,"item_purchase_floors":[],"current_hp_per_floor":[62,42,39,34,34,0,0],"gold":281,"neow_bonus":"TRANSFORM_TWO_CARDS","is_daily":false,"chose_seed":false,"campfire_upgraded":0,"win_rate":0.0,"timestamp":1609386139,"path_taken":["M","?","M","?","?","E"],"items_purchased_type":[],"build_version":"2020-12-22","purchased_purges":0,"victory":false,"max_hp_per_floor":[75,75,75,75,75,75,75],"relic_stats":{"Regal Pillow":0,"counters":[4,17],"obtain_stats":[{"Regal Pillow":4,"Burning Blood":0},{"Regal Pillow":3,"Burning Blood":0},{"Regal Pillow":14,"Burning Blood":0}],"Burning Blood":18},"card_choices":[{"not_picked":["Havoc","Dark Embrace"],"picked":"Body Slam","floor":1},{"not_picked":["Anger","Burning Pact"],"picked":"Heavy Blade","floor":2},{"not_picked":["Iron Wave","Twin Strike"],"picked":"Seeing Red","floor":3}],"player_experience":2119046,"relics_obtained":[],"event_choices":[{"damage_healed":0,"gold_gain":0,"player_choice":"Success","damage_taken":5,"relics_obtained":["Regal Pillow"],"max_hp_gain":0,"max_hp_loss":0,"event_name":"Scrap Ooze","floor":4,"gold_loss":0},{"damage_healed":0,"gold_gain":150,"player_choice":"AGREE","damage_taken":0,"max_hp_gain":0,"max_hp_loss":0,"event_name":"Liars Game","floor":5,"gold_loss":0,"cards_obtained":["Doubt"]}],"is_beta":false,"boss_relics":[],"items_purged_floors":[],"is_endless":false,"potions_floor_spawned":[1],"killed_by":"Gremlin Nob","ascension_level":18}}