{"host":"gj3450u0c4def4mj","time":1609410502,"event":{"mods":["Act Like it!","BaseMod","Gensokyo","Minty Spire (QoL Compilation)","Permanent Neow","Reimu??????","StSLib"],"gold_per_floor":[111,111,131,53,53,53,380,380,406,426,445,480,480,517,517,627,627,646,646,666,666,702,702,373,253,253,253,60,20,56,85,85,196,196,225,234,117,135,54,54,65,106,106,143,155,167,40,40,40,40],"floor_reached":51,"playtime":3394,"items_purged":[],"score":1185,"play_id":"ff88e458-fb53-4cec-8284-bd61841537aa","local_time":"20201231052822","is_ascension_mode":true,"campfire_choices":[{"data":"Conquer:ReiMu","floor":6,"key":"SMITH"},{"data":"SafetyPray:ReiMu","floor":8,"key":"SMITH"},{"data":"MikOfLucky:ReiMu","floor":13,"key":"SMITH"},{"floor":15,"key":"REST"},{"data":"YinYangSange:ReiMu","floor":23,"key":"SMITH"},{"floor":27,"key":"REST"},{"floor":32,"key":"REST"},{"floor":40,"key":"REST"},{"floor":45,"key":"REST"},{"floor":49,"key":"REST"}],"circlet_count":0,"master_deck":["AscendersBane","Defend_Lin:ReiMu","Defend_Lin:ReiMu","Defend_Lin:ReiMu","Defend_Lin:ReiMu","NB:ReiMu","Stagnation:ReiMu","RainPray2:ReiMu","PrepareRite:ReiMu","YinYangSange:ReiMu+1","Conquer:ReiMu+1","SafetyPray:ReiMu+1","MikOfLucky:ReiMu+1","Meditation:ReiMu","WonderfulDomain:ReiMu","YinYang:ReiMu","AlertArray:ReiMu+1","Gathering:ReiMu+1","Gensokyo:FourOfAKind","Gensokyo:FourOfAKind","Gensokyo:FourOfAKind","Gensokyo:FourOfAKind","PrepareRite:ReiMu","AirStrike:ReiMu","SubAcupoint:ReiMu","Authority:ReiMu+1","WonderfulDomain:ReiMu+1","KamiRite:ReiMu+1","SafetyPray:ReiMu+1","Gensokyo:MorningMist+1","InherentArray:ReiMu","CareerPray:ReiMu+1","Conquer:ReiMu","Gensokyo:CustomPotion","Enchanting:ReiMu+1","LovePray:ReiMu+1","NineCharacters:ReiMu+1","SafetyPray:ReiMu+1","YinYang:ReiMu","InherentArray:ReiMu","Mountainwind:ReiMu+1"],"relics":["FlyPower:ReiMu","Gensokyo:Mercy","Old Coin","Omamori","CeramicFish","Dead Branch","Empty Cage","Gensokyo:ConquerorOfFear","Toxic Egg 2","Gensokyo:LionMask","Shuriken","CheatingSign:ReiMu","FossilizedHelix","Fusion Hammer","Singing Bowl","Eternal Feather","MawBank","Orrery"],"acts_visited":["Gensokyo:Gensokyo","Gensokyo:Gensokyoer","Gensokyo:Gensokyoest"],"potions_floor_usage":[12,12,14,50],"damage_taken":[{"damage":10,"enemies":"Gensokyo:Gryphon","floor":1,"turns":8},{"damage":10,"enemies":"Gensokyo:2_Kodama","floor":3,"turns":6},{"damage":10,"enemies":"Gensokyo:Cirno","floor":7,"turns":6},{"damage":0,"enemies":"Gensokyo:3_Fairies","floor":10,"turns":3},{"damage":8,"enemies":"Gensokyo:3_Kodama","floor":11,"turns":4},{"damage":7,"enemies":"Gensokyo:Aya","floor":12,"turns":7},{"damage":12,"enemies":"Gensokyo:Cirno","floor":14,"turns":6},{"damage":10,"enemies":"Gensokyo:Kokoro","floor":16,"turns":14},{"damage":2,"enemies":"Gensokyo:Chomper","floor":18,"turns":4},{"damage":39,"enemies":"Gensokyo:3_Dogs","floor":20,"turns":4},{"damage":23,"enemies":"Gensokyo:Reisen","floor":30,"turns":5},{"damage":0,"enemies":"Gensokyo:Chomper_and_Gloop","floor":31,"turns":5},{"damage":7,"enemies":"Gensokyo:Eternal_Rivals","floor":33,"turns":8},{"damage":0,"enemies":"Gensokyo:3_Boulders","floor":35,"turns":6},{"damage":0,"enemies":"Gensokyo:3_Bats","floor":38,"turns":2},{"damage":16,"enemies":"Gensokyo:Sharpion","floor":41,"turns":4},{"damage":27,"enemies":"Gensokyo:Kasen","floor":42,"turns":5},{"damage":0,"enemies":"Gensokyo:Marisa","floor":44,"turns":7},{"damage":0,"enemies":"Gensokyo:Yuyuko","floor":50,"turns":7}],"seed_played":"-1442071842916241989","potions_obtained":[{"floor":7,"key":"AttackPotion"},{"floor":10,"key":"Fruit Juice"},{"floor":12,"key":"BlessingOfTheForge"},{"floor":30,"key":"Regen Potion"},{"floor":31,"key":"SmokeBomb"},{"floor":41,"key":"EssenceOfSteel"},{"floor":42,"key":"CultistPotion"}],"is_trial":false,"path_per_floor":["M","?","M","$","?","R","E","R","T","M","M","E","R","E","R","B",null,"M","?","M","?","?","R","$","?","T","R","$","$","E","M","R","B",null,"M","?","$","M","?","R","M","E","T","E","R","?","$","?","R","B",null],"character_chosen":"REIMU","items_purchased":["OrbThrow:ReiMu","Conquer:ReiMu","PrepareRite:ReiMu","Toxic Egg 2","CheatingSign:ReiMu","AirStrike:ReiMu","SubAcupoint:ReiMu","InherentArray:ReiMu","CareerPray:ReiMu+1","Conquer:ReiMu","Orrery","Mountainwind:ReiMu+1"],"campfire_rested":6,"item_purchase_floors":[4,4,24,24,28,28,29,37,37,37,47,47],"current_hp_per_floor":[49,49,39,39,39,39,29,29,29,29,21,19,19,7,28,18,57,55,55,16,16,16,16,16,16,16,30,30,30,7,7,21,14,40,40,40,40,40,40,49,33,6,6,6,41,41,43,43,51,51],"gold":40,"neow_bonus":"TRANSFORM_CARD","is_daily":false,"chose_seed":false,"campfire_upgraded":4,"win_rate":0.0,"timestamp":1609410502,"path_taken":["M","?","M","$","?","R","E","R","T","M","M","E","R","E","R","BOSS","M","?","M","?","?","R","$","?","T","R","?","$","E","?","R","BOSS","M","?","$","M","?","R","M","E","T","E","R","?","?","?","R","BOSS"],"items_purchased_type":["Card","Card","Card","Relic","Relic","Card","Card","Card","Card","Card","Relic","Card"],"build_version":"2020-12-22","purchased_purges":0,"victory":true,"max_hp_per_floor":[65,65,65,65,65,65,65,65,65,65,65,70,70,70,70,70,70,70,70,70,70,49,49,49,49,49,49,49,49,49,49,49,49,49,49,49,49,49,49,49,49,49,49,49,49,49,51,51,51,51],"card_choices":[{"not_picked":["EmergencyTakeOff:ReiMu","Conquer:ReiMu"],"picked":"PrepareRite:ReiMu","floor":1},{"not_picked":["FantasyMoon:ReiMu","AlertArray:ReiMu"],"picked":"YinYangSange:ReiMu","floor":3},{"not_picked":["ForcedLanding:ReiMu","Crusade:ReiMu"],"picked":"SafetyPray:ReiMu","floor":7},{"not_picked":["TightArray:ReiMu","Intuition:ReiMu"],"picked":"MikOfLucky:ReiMu","floor":10},{"not_picked":["RainPray2:ReiMu","AirStrike:ReiMu"],"picked":"Meditation:ReiMu","floor":11},{"not_picked":["FantasyMoon:ReiMu","SpiritualOutbreak2:ReiMu","Shading:ReiMu"],"picked":"SKIP","floor":12},{"not_picked":["TakeOff:ReiMu","AlertArray:ReiMu"],"picked":"WonderfulDomain:ReiMu","floor":14},{"not_picked":["PrayRite:ReiMu","CeremonyResonance:ReiMu"],"picked":"YinYang:ReiMu","floor":16},{"not_picked":["Mountainwind:ReiMu","RainPray2:ReiMu"],"picked":"AlertArray:ReiMu+1","floor":18},{"not_picked":["SafetyPray:ReiMu","AlertArray:ReiMu"],"picked":"Gathering:ReiMu+1","floor":20},{"not_picked":["PhosphorusFlame:ReiMu+1","FantasyBorder:ReiMu+1"],"picked":"Authority:ReiMu+1","floor":30},{"not_picked":["AirStrike:ReiMu","Conquer:ReiMu+1"],"picked":"WonderfulDomain:ReiMu+1","floor":31},{"not_picked":["Dreaming:ReiMu","BlastKick2:ReiMu"],"picked":"KamiRite:ReiMu+1","floor":33},{"not_picked":["EmergencyTakeOff:ReiMu+1","AlertArray:ReiMu+1"],"picked":"SafetyPray:ReiMu+1","floor":35},{"not_picked":["Gensokyo:EverlastingLife","Gensokyo:NewMoon"],"picked":"Gensokyo:MorningMist","floor":36},{"not_picked":["Enchanting:ReiMu+1","CollectionFlower2:ReiMu+1","Gathering:ReiMu"],"picked":"SKIP","floor":38},{"not_picked":["KamiSacrifice:ReiMu+1","SpringWay:ReiMu+1","SealNeedle:ReiMu+1"],"picked":"SKIP","floor":41},{"not_picked":["CareerPray:ReiMu+1","TakeOff:ReiMu+1"],"picked":"Enchanting:ReiMu+1","floor":42},{"not_picked":["UniversalSpiritual:ReiMu","PrayRite:ReiMu+1"],"picked":"LovePray:ReiMu+1","floor":44},{"not_picked":["KamiSacrifice:ReiMu+1","AlertArray:ReiMu+1"],"picked":"NineCharacters:ReiMu+1","floor":47},{"not_picked":["SubAcupoint:ReiMu+1","RainPray2:ReiMu+1"],"picked":"SafetyPray:ReiMu+1","floor":47},{"not_picked":["PhosphorusFlame:ReiMu+1","AirStrike:ReiMu+1"],"picked":"YinYang:ReiMu","floor":47},{"not_picked":["Crusade:ReiMu","PayForSelf:ReiMu"],"picked":"InherentArray:ReiMu","floor":47},{"not_picked":["EmergencyTakeOff:ReiMu+1","OrbThrow:ReiMu+1","KamiSacrifice:ReiMu+1"],"picked":"Singing Bowl","floor":47}],"player_experience":78993,"relics_obtained":[{"floor":7,"key":"Old Coin"},{"floor":9,"key":"Omamori"},{"floor":12,"key":"CeramicFish"},{"floor":14,"key":"Dead Branch"},{"floor":20,"key":"Gensokyo:ConquerorOfFear"},{"floor":26,"key":"Shuriken"},{"floor":30,"key":"FossilizedHelix"},{"floor":42,"key":"Singing Bowl"},{"floor":43,"key":"Eternal Feather"},{"floor":44,"key":"MawBank"}],"event_choices":[],"is_beta":false,"boss_relics":[{"not_picked":["Runic Dome","DonationBox:ReiMu"],"picked":"Empty Cage"},{"not_picked":["Sozu","Snecko Eye"],"picked":"Fusion Hammer"}],"items_purged_floors":[],"is_endless":false,"potions_floor_spawned":[7,10,12,30,31,41,42],"ascension_level":10}}