{"host":"1hv1kueuvc4r3rdp","time":1609452483,"event":{"mods":["AchievementEnabler","BaseMod","DeckTracker","Highlight Path","Minty Spire (QoL Compilation)","Permanent Neow","StSLib"],"gold_per_floor":[212,13,29,42,42,42,77,27,27,55,55,72,88,118,118,213,213,226,243,69,82,93,93,118,118,144,144,144],"floor_reached":27,"playtime":1299,"items_purged":["Strike_B"],"score":354,"play_id":"218c3508-27ff-4f40-b9f3-fc5ca8706f7f","local_time":"20201231160803","is_ascension_mode":true,"campfire_choices":[{"data":"Zap","floor":6,"key":"SMITH"},{"floor":11,"key":"REST"},{"floor":15,"key":"REST"},{"floor":23,"key":"REST"}],"circlet_count":0,"master_deck":["Strike_B","Strike_B","Strike_B","Defend_B","Defend_B","Defend_B","Defend_B","Zap+1","Dualcast","Chill","Compile Driver","Ball Lightning","Barrage","Coolheaded","Melter","Conserve Battery","Biased Cognition","Go for the Eyes","Undo","Aggregate"],"relics":["Cracked Core","Runic Capacitor","Calipers","Question Card","Vajra","Bird Faced Urn","Black Star","DataDisk","Turnip","Dream Catcher"],"acts_visited":["Exordium","TheCity"],"potions_floor_usage":[16,22,27],"damage_taken":[{"damage":0,"enemies":"2 Louse","floor":1,"turns":2},{"damage":0,"enemies":"Cultist","floor":3,"turns":5},{"damage":0,"enemies":"Small Slimes","floor":4,"turns":2},{"damage":36,"enemies":"Gremlin Nob","floor":7,"turns":4},{"damage":19,"enemies":"3 Sentries","floor":10,"turns":5},{"damage":8,"enemies":"Looter","floor":12,"turns":3},{"damage":1,"enemies":"Blue Slaver","floor":13,"turns":3},{"damage":8,"enemies":"Lagavulin","floor":14,"turns":5},{"damage":12,"enemies":"Slime Boss","floor":16,"turns":6},{"damage":12,"enemies":"Shell Parasite","floor":18,"turns":5},{"damage":3,"enemies":"3 Byrds","floor":19,"turns":5},{"damage":7,"enemies":"Centurion and Healer","floor":21,"turns":5},{"damage":77,"enemies":"Snecko","floor":22,"turns":8},{"damage":41,"enemies":"Book of Stabbing","floor":24,"turns":7},{"damage":14,"enemies":"Slavers","floor":27,"turns":1}],"seed_played":"3081736764302987576","potions_obtained":[{"floor":1,"key":"PowerPotion"},{"floor":13,"key":"PowerPotion"},{"floor":21,"key":"Regen Potion"},{"floor":22,"key":"SkillPotion"},{"floor":24,"key":"Energy Potion"}],"is_trial":false,"path_per_floor":["M","$","M","M","?","R","E","$","T","E","R","M","M","E","R","B",null,"M","M","$","M","M","R","E","?","T","E"],"character_chosen":"DEFECT","items_purchased":["Runic Capacitor","Compile Driver","Fire Potion","FairyPotion"],"campfire_rested":3,"item_purchase_floors":[2,2,8,20],"current_hp_per_floor":[68,68,68,68,68,68,32,32,32,13,35,27,26,18,40,28,63,53,52,52,47,22,44,5,5,5,0,0],"gold":144,"neow_bonus":"HUNDRED_GOLD","is_daily":false,"chose_seed":false,"campfire_upgraded":1,"win_rate":0.0,"timestamp":1609452483,"path_taken":["M","$","M","M","?","R","E","?","T","E","R","M","M","E","R","BOSS","M","M","$","M","M","R","E","?","T","E"],"items_purchased_type":["Relic","Card","Potion","Potion"],"build_version":"2020-12-22","purchased_purges":1,"victory":false,"max_hp_per_floor":[75,75,75,75,75,75,75,75,75,75,75,75,75,75,75,75,75,75,75,75,75,75,75,75,75,75,75,75],"card_choices":[{"not_picked":["Coolheaded","Scrape"],"picked":"Chill","floor":1},{"not_picked":["Tempest","Chill","Self Repair"],"picked":"SKIP","floor":3},{"not_picked":["Rebound","Redo"],"picked":"Ball Lightning","floor":4},{"not_picked":["Hyperbeam","Storm"],"picked":"Barrage","floor":7},{"not_picked":["Turbo","Barrage","Steam"],"picked":"Coolheaded","floor":10},{"not_picked":["Turbo","Rebound","Barrage","Hyperbeam"],"picked":"SKIP","floor":12},{"not_picked":["Storm","Steam","Steam Power"],"picked":"Melter","floor":13},{"not_picked":["Thunder Strike","Tempest","Compile Driver"],"picked":"Conserve Battery","floor":14},{"not_picked":["Amplify","Thunder Strike","Buffer"],"picked":"Biased Cognition","floor":16},{"not_picked":["Gash","Sweeping Beam+1","Cold Snap"],"picked":"Go for the Eyes","floor":18},{"not_picked":["Streamline","Steam Power","Redo","Compile Driver+1"],"picked":"SKIP","floor":19},{"not_picked":["Conserve Battery","Biased Cognition","Coolheaded","Steam Power"],"picked":"SKIP","floor":21},{"not_picked":["Conserve Battery","Biased Cognition","Coolheaded","Steam Power"],"picked":"SKIP","floor":21},{"not_picked":["Streamline+1","Coolheaded","Scrape"],"picked":"Undo","floor":22},{"not_picked":["Lockon+1","Gash","Darkness"],"picked":"Aggregate","floor":24}],"player_experience":1125191,"relics_obtained":[{"floor":7,"key":"Calipers"},{"floor":9,"key":"Question Card"},{"floor":10,"key":"Vajra"},{"floor":14,"key":"Bird Faced Urn"},{"floor":24,"key":"DataDisk"},{"floor":24,"key":"Turnip"},{"floor":26,"key":"Dream Catcher"}],"event_choices":[{"damage_healed":0,"gold_gain":0,"player_choice":"Ignored","damage_taken":0,"max_hp_gain":0,"max_hp_loss":0,"event_name":"Purifier","floor":5,"gold_loss":0},{"damage_healed":0,"gold_gain":0,"player_choice":"Ignored","damage_taken":0,"max_hp_gain":0,"max_hp_loss":0,"event_name":"The Mausoleum","floor":25,"gold_loss":0}],"is_beta":false,"boss_relics":[{"not_picked":["Coffee Dripper","FrozenCore"],"picked":"Black Star"}],"items_purged_floors":[20],"is_endless":false,"potions_floor_spawned":[1,13,14,21,22,24],"killed_by":"Slavers","ascension_level":8}}