{"host":"0tiuc76yumknr6qf","time":1609388191,"event":{"mods":["BaseMod","Downfall","Highlight Path","Minty Spire (QoL Compilation)","StSLib"],"gold_per_floor":[99,115,132,48,65,65,65,165,182,182,192,69,69,99,109,213,213,213,213,213,198,198,198,198,198,198,31,31,31,31,31,31,31,31,31,31,31,31,31,31,31,31,31,31,31,31,31,31,31,31,31,31,31,31,31],"floor_reached":56,"playtime":12391,"items_purged":[],"score":1251,"play_id":"26b0d32d-07a9-48f8-9713-fd2769cfee5a","local_time":"20201230221631","is_ascension_mode":false,"campfire_choices":[{"data":"Slimebound:Split","floor":1,"key":"SMITH"},{"data":"Slimebound:Nibble","floor":6,"key":"SMITH"},{"data":"Slimebound:Dissolve","floor":10,"key":"SMITH"},{"data":"Slimebound:SelfFormingGoo","floor":18,"key":"SMITH"},{"floor":26,"key":"RECALL"},{"data":"Slimebound:SlimeBarrage","floor":35,"key":"SMITH"},{"data":"Slimebound:FormOfPuddle","floor":40,"key":"SMITH"},{"data":"Slimebound:SamplingLick","floor":54,"key":"SMITH"}],"circlet_count":0,"master_deck":["Slimebound:Strike_Slimebound+1","Slimebound:Strike_Slimebound+1","Slimebound:Defend_Slimebound+1","Slimebound:Defend_Slimebound+1","Slimebound:Defend_Slimebound+1","Slimebound:Defend_Slimebound+1","Slimebound:Split+1","Slimebound:RallyTheTroops","Slimebound:GoopSpray","Slimebound:SamplingLick+1","Slimebound:SlimeTap","Slimebound:Nibble+1","Slimebound:FormOfPuddle+1","Slimebound:MinionMaster","Slimebound:Dissolve+1","Slimebound:SplitMire","Slimebound:SplitMire","Slimebound:Prepare","Slimebound:Recollect","Slimebound:LevelUp","Slimebound:FormOfPuddle","Slimebound:LeechEnergy","Slimebound:SelfFormingGoo+1","Slimebound:LevelUp","Slimebound:LevelUp","Slimebound:TongueLash+1","Slimebound:FormOfPuddle+1","Slimebound:SpikyOuterGoop+1","Slimebound:SlimeBarrage+1","Slimebound:SlimeSlap","Slimebound:PressTheAttack","Slimebound:LeechingTouch+1","Slimebound:OozeBath","Slimebound:RainOfGoop+1","Slimebound:MegaLick+1","Slimebound:SamplingLick+1","Slimebound:SlimeBrawl+1","Slimebound:SplitAcid","Slimebound:Replication+1"],"relics":["Slimebound:AbsorbEndCombat","MealTicket","Letter Opener","downfall:Hecktoplasm","downfall:HeartBlessingGreen","downfall:HeartBlessingBlue","Medical Kit","Mummified Hand","Bottled Tornado","Busted Crown","downfall:HeartBlessingRed","Du-Vu Doll","Slimebound:PotencyRelic","Orichalcum","HornCleat","Pear","Ginger"],"acts_visited":["Exordium","TheCity","TheBeyond","TheEnding"],"potions_floor_usage":[15,23,27,42,55,55,55],"damage_taken":[{"damage":13,"enemies":"Small Slimes","floor":2,"turns":4},{"damage":19,"enemies":"Jaw Worm","floor":3,"turns":2},{"damage":8,"enemies":"downfall:FleeingMerchant","floor":4,"turns":4},{"damage":0,"enemies":"2 Louse","floor":5,"turns":2},{"damage":44,"enemies":"downfall:Heads","floor":8,"turns":5},{"damage":18,"enemies":"Exordium Thugs","floor":9,"turns":5},{"damage":12,"enemies":"3 Louse","floor":11,"turns":3},{"damage":26,"enemies":"downfall:FleeingMerchant","floor":12,"turns":4},{"damage":30,"enemies":"Lagavulin","floor":14,"turns":4},{"damage":8,"enemies":"2 Fungi Beasts","floor":15,"turns":2},{"damage":38,"enemies":"downfall:Watcher","floor":16,"turns":9},{"damage":8,"enemies":"Chosen","floor":19,"turns":2},{"damage":35,"enemies":"Centurion and Healer","floor":20,"turns":4},{"damage":15,"enemies":"downfall:FleeingMerchant","floor":21,"turns":4},{"damage":49,"enemies":"Sentry and Sphere","floor":23,"turns":6},{"damage":16,"enemies":"Snecko","floor":25,"turns":4},{"damage":35,"enemies":"downfall:FleeingMerchant","floor":27,"turns":4},{"damage":25,"enemies":"Centurion and Healer","floor":28,"turns":6},{"damage":25,"enemies":"Book of Stabbing","floor":29,"turns":5},{"damage":11,"enemies":"Snake Plant","floor":30,"turns":2},{"damage":16,"enemies":"Gremlin Leader","floor":31,"turns":5},{"damage":5,"enemies":"Snecko","floor":32,"turns":4},{"damage":33,"enemies":"downfall:Silent","floor":33,"turns":7},{"damage":26,"enemies":"3 Darklings","floor":36,"turns":4},{"damage":6,"enemies":"3 Shapes","floor":37,"turns":5},{"damage":22,"enemies":"Writhing Mass","floor":42,"turns":4},{"damage":14,"enemies":"Sphere and 2 Shapes","floor":44,"turns":6},{"damage":20,"enemies":"Mind Bloom Boss Battle","floor":45,"turns":4},{"damage":29,"enemies":"Giant Head","floor":46,"turns":7},{"damage":24,"enemies":"Reptomancer","floor":48,"turns":4},{"damage":23,"enemies":"Spire Growth","floor":49,"turns":3},{"damage":30,"enemies":"downfall:Ironclad","floor":50,"turns":7},{"damage":52,"enemies":"downfall:CharBossMerchant","floor":52,"turns":7},{"damage":91,"enemies":"downfall:NeowBoss","floor":55,"turns":27}],"seed_played":"3151635636211292087","potions_obtained":[{"floor":3,"key":"Weak Potion"},{"floor":5,"key":"GamblersBrew"},{"floor":14,"key":"Fire Potion"},{"floor":15,"key":"BlessingOfTheForge"},{"floor":16,"key":"Slimebound:SpawnSlimePotion"},{"floor":25,"key":"DuplicationPotion"},{"floor":29,"key":"Swift Potion"},{"floor":46,"key":"Dexterity Potion"}],"is_trial":false,"path_per_floor":["R","M","M","$","M","R","T","?","M","R","M","$","?","E","M","B",null,"R","M","M","$","?","M","T","M","R","$","M","E","M","E","M","B",null,"R","M","M","?","?","R","T","M","$","M","?","E","?","E","M","B",null,"E","$","R","B",null],"character_chosen":"SLIMEBOUND","items_purchased":["Slimebound:Nibble","Slimebound:Recollect","Slimebound:LevelUp","Medical Kit"],"campfire_rested":0,"item_purchase_floors":[4,12,12,27],"current_hp_per_floor":[60,59,51,59,60,60,60,34,32,32,36,49,49,37,39,27,60,60,60,49,56,56,27,27,33,43,55,56,63,62,68,70,69,70,70,54,64,64,64,64,64,64,70,68,70,70,70,74,73,78,80,58,73,73,63],"gold":31,"neow_bonus":"ONE_RANDOM_RARE_CARD","is_daily":false,"chose_seed":false,"campfire_upgraded":7,"win_rate":0.0,"timestamp":1609388191,"path_taken":["R","M","M","$","M","R","T","?","M","R","M","$","?","E","M","BOSS","R","M","M","$","?","M","T","M","R","$","M","E","M","E","M","BOSS","R","M","M","?","?","R","T","?","$","M","?","E","?","E","M","BOSS","E","$","R","BOSS"],"items_purchased_type":["Card","Card","Card","Relic"],"build_version":"2020-12-22","purchased_purges":0,"victory":true,"max_hp_per_floor":[60,60,60,60,60,60,60,60,60,60,60,60,60,60,60,60,60,60,60,60,60,60,60,60,60,70,70,70,70,70,70,70,70,70,70,70,70,70,70,70,70,70,70,70,70,70,70,80,80,80,80,80,80,80,80],"card_choices":[{"not_picked":["Slimebound:HauntingLick","Slimebound:FinishingTackle"],"picked":"Slimebound:GoopSpray","floor":2},{"not_picked":["Slimebound:ComboTackle","Slimebound:SplitLeeching"],"picked":"Slimebound:SamplingLick","floor":3},{"not_picked":["Slimebound:ComboTackle","Slimebound:SpikyOuterGoop"],"picked":"Slimebound:SlimeTap","floor":4},{"not_picked":["Slimebound:GoopSpray","Slimebound:SplitAcid"],"picked":"Slimebound:FormOfPuddle","floor":5},{"not_picked":["Slimebound:ViciousTackle","Slimebound:ComboTackle"],"picked":"Slimebound:Dissolve","floor":8},{"not_picked":["Slimebound:GoopSpray","Slimebound:RollThrough"],"picked":"Slimebound:SplitMire","floor":9},{"not_picked":["Slimebound:HauntingLick","Slimebound:FlameTackle"],"picked":"Slimebound:SplitMire","floor":11},{"not_picked":["Slimebound:AcidTongue","Slimebound:RainOfGoop"],"picked":"Slimebound:Prepare","floor":12},{"not_picked":["Slimebound:ComboTackle","Slimebound:SlimeSlap"],"picked":"Slimebound:FormOfPuddle","floor":14},{"not_picked":["Slimebound:ItLooksTasty","Slimebound:Grow"],"picked":"Slimebound:LeechEnergy","floor":15},{"not_picked":["Slimebound:OozeBath","Slimebound:CheckThePlaybook"],"picked":"Slimebound:SelfFormingGoo","floor":16},{"not_picked":["Slimebound:Gluttony+1","Slimebound:SplitBruiser+1"],"picked":"Slimebound:LevelUp","floor":19},{"not_picked":["Slimebound:ViciousTackle","Slimebound:Dissolve"],"picked":"Slimebound:LevelUp","floor":20},{"not_picked":["Slimebound:RollThrough","Slimebound:ViciousTackle"],"picked":"Slimebound:TongueLash+1","floor":21},{"not_picked":["Slimebound:Schlurp","Slimebound:RollThrough+1"],"picked":"Slimebound:FormOfPuddle+1","floor":23},{"not_picked":["Slimebound:SplitBruiser","Slimebound:SlimeSlap"],"picked":"Slimebound:SpikyOuterGoop+1","floor":25},{"not_picked":["Slimebound:MegaLick","Slimebound:LevelUp"],"picked":"Slimebound:SlimeBarrage","floor":27},{"not_picked":["Slimebound:GrowthPunch","Slimebound:ComboTackle+1","Slimebound:FinishingTackle"],"picked":"SKIP","floor":28},{"not_picked":["Slimebound:SplitLeeching","Slimebound:RainOfGoop"],"picked":"Slimebound:SlimeSlap","floor":29},{"not_picked":["Slimebound:GrowthPunch","Slimebound:BestDefense","Slimebound:ProtectTheBoss"],"picked":"SKIP","floor":30},{"not_picked":["Slimebound:Recollect","Slimebound:SamplingLick"],"picked":"Slimebound:PressTheAttack","floor":31},{"not_picked":["Slimebound:Gluttony","Slimebound:SlimeBarrage+1"],"picked":"Slimebound:LeechingTouch+1","floor":32},{"not_picked":["Slimebound:SlimeSlap","Slimebound:PrepareCrush"],"picked":"Slimebound:OozeBath","floor":33},{"not_picked":[],"picked":"Slimebound:RainOfGoop+1","floor":36},{"not_picked":["Slimebound:ProtectTheBoss+1"],"picked":"SKIP","floor":37},{"not_picked":[],"picked":"Slimebound:MegaLick+1","floor":42},{"not_picked":["Slimebound:FinishingTackle"],"picked":"SKIP","floor":44},{"not_picked":[],"picked":"Slimebound:SamplingLick","floor":46},{"not_picked":[],"picked":"Slimebound:SlimeBrawl+1","floor":48},{"not_picked":[],"picked":"Slimebound:SplitAcid","floor":49},{"not_picked":[],"picked":"Slimebound:Replication+1","floor":52}],"player_experience":1933524,"relics_obtained":[{"floor":7,"key":"MealTicket"},{"floor":14,"key":"Letter Opener"},{"floor":29,"key":"Mummified Hand"},{"floor":31,"key":"Bottled Tornado"},{"floor":41,"key":"Du-Vu Doll"},{"floor":45,"key":"Slimebound:PotencyRelic"},{"floor":46,"key":"Orichalcum"},{"floor":47,"key":"HornCleat"},{"floor":48,"key":"Pear"},{"floor":52,"key":"Ginger"}],"event_choices":[{"damage_healed":0,"gold_gain":0,"player_choice":"Simplicity","damage_taken":0,"max_hp_gain":0,"max_hp_loss":0,"event_name":"Back to Basics","floor":22,"gold_loss":0,"cards_upgraded":["Slimebound:Strike_Slimebound","Slimebound:Strike_Slimebound","Slimebound:Defend_Slimebound","Slimebound:Defend_Slimebound","Slimebound:Defend_Slimebound","Slimebound:Defend_Slimebound"]},{"cards_removed":["Slimebound:CorrosiveSpit"],"damage_healed":0,"gold_gain":0,"player_choice":"Purged","damage_taken":0,"max_hp_gain":0,"max_hp_loss":0,"event_name":"Purifier","floor":39,"gold_loss":0}],"is_beta":false,"boss_relics":[{"not_picked":["Snecko Eye","Velvet Choker"],"picked":"downfall:Hecktoplasm"},{"not_picked":["Tiny House","Runic Pyramid"],"picked":"Busted Crown"}],"items_purged_floors":[],"is_endless":false,"potions_floor_spawned":[3,5,14,15,16,25,29,31,32,37,46],"ascension_level":0}}