{"host":"u3zhfyeznnb1kiy1","time":1609431234,"event":{"mods":["BaseMod","Colored Map","Colored Powertips","Downfall","GifTheSpireLib","Highlight Path","Minty Spire (QoL Compilation)","StSLib"],"gold_per_floor":[99,99,116,126,126,51,122,153,166,192,208,243,168,75,94,198,198,198,210,223,242,242,267,290,321,246,262,7,35,35,47,65,166,166,166,176,194,211,113,113,113,388,388,115,128,128,473,503,522,522,522,556,210,210,210],"floor_reached":56,"playtime":6915,"items_purged":["Writhe","Shame","sneckomod:Defend"],"score":1420,"play_id":"03c3e24b-3ecf-4bea-b40d-383aba761ae3","local_time":"20201231111354","is_ascension_mode":true,"campfire_choices":[{"floor":1.0,"key":"RECALL"},{"data":"sneckomod:Mudshield","floor":6.0,"key":"SMITH"},{"data":"sneckomod:WideSting","floor":13.0,"key":"SMITH"},{"data":"sneckomod:QuickMove","floor":18.0,"key":"SMITH"},{"data":"sneckomod:TrashToTreasure","floor":26.0,"key":"SMITH"},{"data":"sneckomod:UnknownColorless","floor":35,"key":"SMITH"},{"data":"sneckomod:UnknownBlock","floor":40,"key":"SMITH"},{"data":"sneckomod:SnakeSap","floor":43,"key":"SMITH"},{"data":"Panacea","floor":46,"key":"SMITH"},{"data":"sneckomod:SnekBite","floor":54,"key":"SMITH"}],"circlet_count":0,"master_deck":["sneckomod:Strike","sneckomod:Strike","sneckomod:Defend","sneckomod:Defend","sneckomod:TailWhip","sneckomod:SnekBite+1","sneckomod:Unknown","sneckomod:Unknown","sneckomod:IronFang","sneckomod:Mudshield+1","sneckomod:UnknownEthereal","sneckomod:DiceBlock","sneckomod:WideSting+1","sneckomod:UnknownUncommonAttack","sneckomod:UnknownDexterity+2","sneckomod:QuickMove+1","sneckomod:UnknownClassBLUE","sneckomod:TrashToTreasure+1","sneckomod:CheapStock+1","sneckomod:UnknownClassBLUE","sneckomod:SerpentMind+1","sneckomod:UnknownBlock+1","sneckomod:SoulDraw","sneckomod:Unknown1Cost","sneckomod:SnakeSap","sneckomod:MasterEye+1","sneckomod:SnakeSap+1","sneckomod:DefensiveFlair+1","expansioncontent:StudyTheSpire+1","sneckomod:UnknownColorless+1","sneckomod:UnknownExhaust","sneckomod:UnknownDexterity","sneckomod:UnlimitedRolls+1","sneckomod:SerpentIdol+1","sneckomod:ImprovisedAttack+1","sneckomod:UnknownClassBLUE+1","sneckomod:UnknownClassGUARDIAN+1","Violence","expansioncontent:QuickStudy","Panacea+1","sneckomod:UnknownDexterity+1","sneckomod:SerpentIdol+1","sneckomod:UnknownVulnerable+1","sneckomod:UnknownUncommonPower+1"],"relics":["sneckomod:SneckoSoul","downfall:HeartBlessingRed","Mercury Hourglass","Mango","Frozen Egg 2","Dead Branch","downfall:HeartBlessingGreen","Cursed Key","Oddly Smooth Stone","downfall:HeartBlessingBlue","Eternal Feather","Coffee Dripper","Omamori","Bottled Flame","Old Coin","Thread and Needle","Gremlin Horn","Medical Kit"],"acts_visited":["Exordium","TheCity","TheBeyond","TheEnding"],"potions_floor_usage":[37],"damage_taken":[{"damage":3.0,"enemies":"Small Slimes","floor":3.0,"turns":4.0},{"damage":2.0,"enemies":"2 Louse","floor":4.0,"turns":3.0},{"damage":20.0,"enemies":"3 Sentries","floor":8.0,"turns":7.0},{"damage":1.0,"enemies":"Cultist","floor":9.0,"turns":3.0},{"damage":14.0,"enemies":"Gremlin Nob","floor":10.0,"turns":3.0},{"damage":2.0,"enemies":"Lots of Slimes","floor":11.0,"turns":2.0},{"damage":12.0,"enemies":"3 Sentries","floor":12.0,"turns":4.0},{"damage":0.0,"enemies":"downfall:FleeingMerchant","floor":14.0,"turns":4.0},{"damage":0.0,"enemies":"Exordium Thugs","floor":15.0,"turns":4.0},{"damage":60.0,"enemies":"downfall:Silent","floor":16.0,"turns":12.0},{"damage":14.0,"enemies":"Chosen","floor":19.0,"turns":6.0},{"damage":0.0,"enemies":"Spheric Guardian","floor":20.0,"turns":4.0},{"damage":4.0,"enemies":"Snake Plant","floor":21.0,"turns":3.0},{"damage":2.0,"enemies":"Centurion and Healer","floor":25.0,"turns":5.0},{"damage":10.0,"enemies":"Cultist and Chosen","floor":27.0,"turns":6.0},{"damage":0.0,"enemies":"downfall:FleeingMerchant","floor":28.0,"turns":4.0},{"damage":25.0,"enemies":"Book of Stabbing","floor":29.0,"turns":4.0},{"damage":2.0,"enemies":"Shelled Parasite and Fungi","floor":31.0,"turns":6.0},{"damage":0.0,"enemies":"Centurion and Healer","floor":32.0,"turns":3.0},{"damage":3.0,"enemies":"downfall:Watcher","floor":33.0,"turns":7.0},{"damage":20,"enemies":"Orb Walker","floor":36,"turns":2},{"damage":19,"enemies":"3 Shapes","floor":37,"turns":3},{"damage":3,"enemies":"Maw","floor":38,"turns":5},{"damage":4,"enemies":"downfall:FleeingMerchant","floor":39,"turns":3},{"damage":0,"enemies":"Writhing Mass","floor":45,"turns":5},{"damage":0,"enemies":"2 Orb Walkers","floor":47,"turns":2},{"damage":8,"enemies":"Giant Head","floor":48,"turns":5},{"damage":0,"enemies":"Jaw Worm Horde","floor":49,"turns":3},{"damage":10,"enemies":"downfall:Defect","floor":50,"turns":5},{"damage":0,"enemies":"downfall:CharBossMerchant","floor":52,"turns":5},{"damage":4,"enemies":"downfall:NeowBoss","floor":55,"turns":11}],"seed_played":"975896153292852214","potions_obtained":[{"floor":3.0,"key":"DuplicationPotion"},{"floor":11.0,"key":"Dexterity Potion"},{"floor":12.0,"key":"Block Potion"},{"floor":15.0,"key":"Ancient Potion"},{"floor":16.0,"key":"champ:CounterPotion"},{"floor":19.0,"key":"DistilledChaos"},{"floor":25.0,"key":"Block Potion"},{"floor":29.0,"key":"LiquidMemories"},{"floor":31.0,"key":"Weak Potion"},{"floor":33.0,"key":"PowerPotion"},{"floor":37,"key":"Fruit Juice"},{"floor":38,"key":"CultistPotion"}],"is_trial":false,"path_per_floor":["R","?","M","M","?","R","T","E","M","E","M","E","R","$","M","B",null,"R","M","M","M","?","T","T","M","R","M","$","E","?","M","M","B",null,"R","M","M","M","$","R","T","?","R","$","M","R","?","E","M","B",null,"E","$","R","B",null],"character_chosen":"THE_SNECKO","items_purchased":["sneckomod:CheapStock+1","expansioncontent:StudyTheSpire+1","Omamori","Violence","expansioncontent:QuickStudy","Panacea","sneckomod:UnknownUncommonPower+1","Medical Kit"],"campfire_rested":0,"item_purchase_floors":[14,28,39,39,44,44,53,53],"current_hp_per_floor":[99,99,96,97,98,98,98,92,92,79,77,66,66,66,67,7,121,121,108,108,105,105,105,105,105,115,105,105,81,81,80,81,82,136,136,116,102,100,97,118,118,118,139,139,139,143,144,140,141,131,145,145,146,146,146],"gold":210,"neow_bonus":"TEN_PERCENT_HP_BONUS","is_daily":false,"chose_seed":false,"campfire_upgraded":9,"win_rate":0.0,"timestamp":1609431234,"path_taken":["R","?","M","M","?","R","T","E","?","E","M","E","R","?","M","BOSS","R","M","M","M","?","?","T","M","R","?","$","E","?","M","M","BOSS","R","M","M","M","$","R","T","?","R","?","M","R","?","E","M","BOSS","E","$","R","BOSS"],"items_purchased_type":["Card","Card","Relic","Card","Card","Card","Card","Relic"],"build_version":"2020-12-22","purchased_purges":3,"victory":true,"max_hp_per_floor":[99,99,99,102,103,103,103,117,118,119,119,120,120,120,121,121,121,121,122,122,123,123,123,123,123,133,133,133,134,134,135,136,136,136,136,136,141,142,143,143,143,143,143,143,143,143,144,144,145,145,145,145,146,146,146],"card_choices":[{"not_picked":["sneckomod:QuickBite","sneckomod:UnknownStrike"],"picked":"sneckomod:IronFang","floor":3.0},{"not_picked":["sneckomod:UnknownStrike","sneckomod:UnknownBlock"],"picked":"sneckomod:Mudshield","floor":4.0},{"not_picked":["sneckomod:UnknownClassHEXA_GHOST_PURPLE","sneckomod:DiceBlock"],"picked":"sneckomod:WideSting","floor":8.0},{"not_picked":["sneckomod:DiceBoulder","sneckomod:UnknownX"],"picked":"sneckomod:UnknownUncommonAttack","floor":9.0},{"not_picked":["sneckomod:SoulRoll","sneckomod:UnknownClassBLUE"],"picked":"sneckomod:UnknownDexterity","floor":10.0},{"not_picked":["sneckomod:Nope","sneckomod:Unknown2Cost"],"picked":"sneckomod:QuickMove","floor":11.0},{"not_picked":["sneckomod:UnknownCommonAttack","sneckomod:RainOfDice"],"picked":"sneckomod:UnknownClassBLUE","floor":12.0},{"not_picked":["sneckomod:IronFang","sneckomod:Nope"],"picked":"sneckomod:TrashToTreasure","floor":14.0},{"not_picked":["sneckomod:UnknownCommonSkill","sneckomod:WideSting"],"picked":"sneckomod:UnknownClassBLUE","floor":15.0},{"not_picked":["sneckomod:Cheat","sneckomod:UnknownRareSkill"],"picked":"sneckomod:SerpentMind+1","floor":16.0},{"not_picked":["sneckomod:DiceCrush","sneckomod:UnknownVulnerable"],"picked":"sneckomod:UnknownBlock","floor":19.0},{"not_picked":["sneckomod:UnknownCommonAttack","sneckomod:WideSting"],"picked":"sneckomod:SoulDraw","floor":20.0},{"not_picked":["sneckomod:DiceCrush","sneckomod:CheapStock+1"],"picked":"sneckomod:Unknown1Cost","floor":21.0},{"not_picked":["sneckomod:Unknown1Cost","sneckomod:WideSting"],"picked":"sneckomod:MasterEye+1","floor":25.0},{"not_picked":["sneckomod:UnknownClassGUARDIAN","sneckomod:UnknownX"],"picked":"sneckomod:SnakeSap","floor":27.0},{"not_picked":["sneckomod:SoulRoll","sneckomod:UnknownCommonAttack"],"picked":"sneckomod:DefensiveFlair+1","floor":28.0},{"not_picked":["sneckomod:QuickMove","sneckomod:CheapStock+1"],"picked":"sneckomod:UnknownColorless","floor":29.0},{"not_picked":["sneckomod:DiceBlock","sneckomod:QuickMove"],"picked":"sneckomod:UnknownExhaust","floor":31.0},{"not_picked":["sneckomod:RainOfDice","sneckomod:SoulRoll"],"picked":"sneckomod:UnknownDexterity","floor":32.0},{"not_picked":["sneckomod:UnknownRarePower+1","sneckomod:Cheat"],"picked":"sneckomod:UnlimitedRolls+1","floor":33.0},{"not_picked":["sneckomod:Rotation+1","sneckomod:DiceCrush"],"picked":"sneckomod:SerpentIdol+1","floor":36},{"not_picked":["sneckomod:SoulRoll","sneckomod:DiceCrush+1"],"picked":"sneckomod:ImprovisedAttack+1","floor":37},{"not_picked":["sneckomod:SnakeSap","sneckomod:DiceBlock"],"picked":"sneckomod:UnknownClassBLUE+1","floor":38},{"not_picked":["sneckomod:QuickBite+1","sneckomod:UnknownRareSkill"],"picked":"sneckomod:UnknownClassGUARDIAN+1","floor":39},{"not_picked":["sneckomod:UnknownWeak","sneckomod:RainOfDice","sneckomod:UnknownStrike"],"picked":"SKIP","floor":45},{"not_picked":["sneckomod:Nope","sneckomod:Unknown0Cost"],"picked":"sneckomod:UnknownDexterity+1","floor":47},{"not_picked":["sneckomod:TrashToTreasure+1","sneckomod:UnknownClassGUARDIAN"],"picked":"sneckomod:SerpentIdol+1","floor":48},{"not_picked":["sneckomod:UnknownCommonSkill+1","sneckomod:IronFang"],"picked":"sneckomod:UnknownVulnerable+1","floor":49},{"not_picked":["sneckomod:DefensiveFlair+1","sneckomod:UnknownUncommonAttack","sneckomod:UnknownWeak"],"picked":"SKIP","floor":52}],"player_experience":1206330,"relics_obtained":[{"floor":7.0,"key":"Mercury Hourglass"},{"floor":8.0,"key":"Mango"},{"floor":10.0,"key":"Frozen Egg 2"},{"floor":12.0,"key":"Dead Branch"},{"floor":23.0,"key":"Oddly Smooth Stone"},{"floor":29.0,"key":"Eternal Feather"},{"floor":41,"key":"Bottled Flame"},{"floor":47,"key":"Old Coin"},{"floor":48,"key":"Thread and Needle"},{"floor":52,"key":"Gremlin Horn"}],"event_choices":[{"damage_healed":0.0,"max_hp_gain":0.0,"max_hp_loss":0.0,"gold_gain":0.0,"event_name":"The Library","player_choice":"Read","floor":22.0,"gold_loss":0.0,"damage_taken":0.0,"cards_obtained":["sneckomod:SnakeSap"]},{"damage_healed":0.0,"max_hp_gain":0.0,"max_hp_loss":0.0,"gold_gain":0.0,"event_name":"Vampires","player_choice":"Ignored","floor":30.0,"gold_loss":0.0,"damage_taken":0.0},{"damage_healed":0,"gold_gain":0,"player_choice":"Fight","damage_taken":0,"max_hp_gain":0,"max_hp_loss":0,"event_name":"Mysterious Sphere","floor":47,"gold_loss":0}],"is_beta":false,"boss_relics":[{"not_picked":["Philosopher\u0027s Stone","downfall:Hecktoplasm"],"picked":"Cursed Key"},{"not_picked":["Tiny House","SacredBark"],"picked":"Coffee Dripper"}],"items_purged_floors":[28,39,53],"is_endless":false,"potions_floor_spawned":[3,11,12,15,16,19,25,29,31,33,37,38,48,49,52],"ascension_level":1}}