{"host":"rknezr0ykt7pds1i","time":1609443336,"event":{"mods":["BaseMod","Downfall","Marisa????????","Minty Spire (QoL Compilation)","Replay The Spire","StSLib","The Alterego","The Servant 0.9.4","Waifu the Spire"],"gold_per_floor":[115,115,128,128,128,128,145,145,218,41,69,30,61,81,81,182,182,196,213,223,239,17,42,29,128,153,186,196,196,196,296,296,391,391,407,407,97,97,117,117,149,174,174,174,185,216,266,276,276,276,276,276,21,54,54,54],"floor_reached":55,"playtime":4963,"items_purged":["Pain","Pot Of Greed"],"score":951,"play_id":"04518d4d-9acd-4f63-8cdb-8bd9adf895d6","local_time":"20201231143536","is_ascension_mode":false,"campfire_choices":[{"data":"alterego_mod:BustOut","floor":6.0,"key":"SMITH"},{"floor":29,"key":"REST"},{"data":"alterego_mod:ChallengeComplete","floor":32,"key":"SMITH"},{"data":"alterego_mod:Nekomimi","floor":40,"key":"SMITH"},{"floor":44,"key":"RECALL"},{"data":"Pot Of Greed","floor":52,"key":"SMITH"}],"circlet_count":0,"master_deck":["alterego_mod:Defend+1","alterego_mod:Defend+1","alterego_mod:Defend+1","alterego_mod:Defend+1","alterego_mod:BigMeatyClaws","alterego_mod:BrynhildrsRune","alterego_mod:Undulate","alterego_mod:BustOut+1","alterego_mod:GoddessCore+1","alterego_mod:ChallengeComplete+1","alterego_mod:BiFurious+1","alterego_mod:Skirt+1","alterego_mod:Exercise","alterego_mod:Cooking+1","alterego_mod:DeftHands","alterego_mod:BeGentle","alterego_mod:ClassAdvantage+1","alterego_mod:Pet+1","alterego_mod:1TonWallop","alterego_mod:ChallengeComplete+1","alterego_mod:TrashNCrash","alterego_mod:Swimsuit+1","alterego_mod:PainIsPleasure+1","ReplayTheSpireMod:Private Reserves+1","alterego_mod:Birthday","alterego_mod:GIGAMILK+1","alterego_mod:Bunnysuit+1","alterego_mod:RocketPunch","alterego_mod:AlterEgo+1","alterego_mod:Undulate+1","alterego_mod:Nekomimi+1","alterego_mod:IndependentAction+1","alterego_mod:MagicResistance+1","Pot Of Greed+1","Pot Of Greed+1","alterego_mod:ClassAdvantage+1","alterego_mod:Maid+1","alterego_mod:BiFurious+1","alterego_mod:Tantrum+1","expansioncontent:Collect","alterego_mod:IndependentAction","alterego_mod:TrickOrTreatment+1"],"relics":["alterego_mod:MasochisticConstitution","NeowsBlessing","WingedGreaves","Golden Egg","Matryoshka","Oddly Smooth Stone","Vajra","Philosopher\u0027s Stone","Replay:Baseball","Replay:PocketPolymizer","ReplayTheSpireMod:CursedCoin","Boot","Pet Ghost","Guardian:GemstoneGun","Question Card","SlaversCollar","Ice Cream","Orichalcum","Happy Flower","Grinning Jar","Dream Catcher","Juzu Bracelet","Ginger","Guardian:PocketSentry","Pear"],"acts_visited":["Exordium","TheCity","TheBeyond","TheEnding"],"potions_floor_usage":[54,55,55],"damage_taken":[{"damage":0.0,"enemies":"Jaw Worm","floor":1.0,"turns":1.0},{"damage":0.0,"enemies":"Small Slimes","floor":3.0,"turns":1.0},{"damage":0.0,"enemies":"2 Louse","floor":7.0,"turns":1.0},{"damage":21.0,"enemies":"Gremlin Nob","floor":11.0,"turns":6.0},{"damage":9.0,"enemies":"3 Sentries","floor":13.0,"turns":11.0},{"damage":11.0,"enemies":"Looter","floor":14.0,"turns":3.0},{"damage":18.0,"enemies":"Hexaghost","floor":16.0,"turns":13.0},{"damage":47,"enemies":"2 Thieves","floor":18,"turns":5},{"damage":4,"enemies":"Chosen","floor":19,"turns":4},{"damage":13,"enemies":"3 Cultists","floor":20,"turns":7},{"damage":8,"enemies":"Snecko","floor":21,"turns":5},{"damage":26,"enemies":"Book of Stabbing","floor":23,"turns":5},{"damage":48,"enemies":"Slavers","floor":27,"turns":9},{"damage":31,"enemies":"Centurion and Healer","floor":28,"turns":6},{"damage":19,"enemies":"Colosseum Slavers","floor":31,"turns":5},{"damage":29,"enemies":"Colosseum Nobs","floor":31,"turns":5},{"damage":35,"enemies":"Collector","floor":33,"turns":12},{"damage":41,"enemies":"3 Darklings","floor":35,"turns":5},{"damage":14,"enemies":"Orb Walker","floor":39,"turns":3},{"damage":46,"enemies":"Reptomancer","floor":41,"turns":12},{"damage":3,"enemies":"R_Hoarder","floor":42,"turns":9},{"damage":16,"enemies":"3 Darklings","floor":45,"turns":7},{"damage":0,"enemies":"Giant Head","floor":46,"turns":5},{"damage":25,"enemies":"Mind Bloom Boss Battle","floor":47,"turns":7},{"damage":10,"enemies":"Spire Growth","floor":48,"turns":4},{"damage":49,"enemies":"Time Eater","floor":50,"turns":8},{"damage":68,"enemies":"Shield and Spear","floor":54,"turns":10},{"damage":112,"enemies":"The Heart","floor":55,"turns":7}],"seed_played":"-6405687579121203094","potions_obtained":[{"floor":11.0,"key":"Dexterity Potion"},{"floor":13.0,"key":"Languid Potion"},{"floor":18,"key":"Venom Potion"},{"floor":19,"key":"FearPotion"},{"floor":28,"key":"FairyPotion"},{"floor":54,"key":"Adrenaline Potion"}],"is_trial":false,"path_per_floor":["M","?","M","?","?","R","M","T","T","$","E","$","E","M","R","B",null,"M","M","M","M","$","E","$","?","T","E","M","R","?","?","R","B",null,"M","?","$","$","M","R","E","E","T","R","M","E","?","M","R","B",null,"R","$","E","B"],"character_chosen":"The_Alterego","items_purchased":["alterego_mod:ChallengeComplete","alterego_mod:BiFurious","alterego_mod:Skirt","alterego_mod:Cooking+1","Replay:Baseball","alterego_mod:Swimsuit","ReplayTheSpireMod:CursedCoin","ReplayTheSpireMod:Private Reserves","Ice Cream","alterego_mod:Undulate","Guardian:PocketSentry"],"campfire_rested":1,"item_purchase_floors":[10,10,10,12,22,22,24,24,37,37,53],"current_hp_per_floor":[70,63,63,63,68,68,68,68,68,68,55,55,65,55,55,55,79,53,61,53,65,65,51,51,51,51,29,24,49,49,70,70,54,89,51,51,51,51,44,44,42,84,84,84,87,93,75,70,96,62,97,97,97,44,0,0],"gold":54,"neow_bonus":"THREE_ENEMY_KILL","is_daily":false,"chose_seed":false,"campfire_upgraded":4,"win_rate":0.0,"timestamp":1609443336,"path_taken":["M","?","M","?","?","R","M","?","T","$","E","?","E","M","R","BOSS","M","?","?","M","$","E","$","?","T","E","M","R","?","?","R","BOSS","M","?","?","$","M","R","E","E","T","R","M","E","?","M","R","BOSS","R","$","E","BOSS"],"items_purchased_type":["Card","Card","Card","Card","Relic","Card","Relic","Card","Relic","Card","Relic"],"build_version":"2020-12-22","purchased_purges":2,"victory":false,"max_hp_per_floor":[70,70,70,70,75,75,75,75,75,75,76,76,77,78,78,79,79,80,81,82,83,83,84,84,84,84,85,86,86,86,88,88,89,89,90,90,90,90,91,91,92,93,93,93,94,94,95,96,96,97,97,97,97,108,108,108],"card_choices":[{"not_picked":["alterego_mod:GoddessCore","alterego_mod:Cycle"],"picked":"alterego_mod:Undulate","floor":1.0},{"not_picked":["alterego_mod:BreastValley","alterego_mod:Complex"],"picked":"alterego_mod:BustOut","floor":3.0},{"not_picked":["alterego_mod:Cycle","alterego_mod:Complex"],"picked":"alterego_mod:Smother","floor":7.0},{"not_picked":["alterego_mod:DeftHands","alterego_mod:BoobPocket"],"picked":"alterego_mod:Exercise","floor":11.0},{"not_picked":["alterego_mod:1TonWallop","alterego_mod:DiscoLights"],"picked":"alterego_mod:Mirror","floor":13.0},{"not_picked":["alterego_mod:Skirt","alterego_mod:PerceptionDisorder"],"picked":"alterego_mod:DeftHands","floor":14.0},{"not_picked":["alterego_mod:Alter","alterego_mod:Vow"],"picked":"alterego_mod:ClassAdvantage","floor":16.0},{"not_picked":["alterego_mod:HighServant","alterego_mod:SakuraFive"],"picked":"alterego_mod:Pet+1","floor":18},{"not_picked":["alterego_mod:Mirror+1","alterego_mod:Pet"],"picked":"alterego_mod:1TonWallop","floor":19},{"not_picked":["alterego_mod:Bounce+1","alterego_mod:Belts"],"picked":"alterego_mod:ChallengeComplete","floor":20},{"not_picked":["alterego_mod:1TonWallop","alterego_mod:Mirror"],"picked":"alterego_mod:TrashNCrash","floor":21},{"not_picked":["alterego_mod:BustOut","alterego_mod:Jiggle"],"picked":"alterego_mod:PainIsPleasure","floor":23},{"not_picked":["alterego_mod:Bounce","alterego_mod:Maid","alterego_mod:Punishment+1"],"picked":"SKIP","floor":27},{"not_picked":["alterego_mod:Belle+1","alterego_mod:Pet"],"picked":"alterego_mod:Birthday","floor":28},{"not_picked":["alterego_mod:1TonWallop","alterego_mod:Mirror+1"],"picked":"alterego_mod:Bunnysuit+1","floor":31},{"not_picked":["alterego_mod:BrynhildrRomantia","alterego_mod:VirginLaserPalladion","alterego_mod:IdEs"],"picked":"alterego_mod:AlterEgo","floor":33},{"not_picked":["alterego_mod:Cycle","alterego_mod:TrashNCrash","alterego_mod:Smother+1","alterego_mod:Complex"],"picked":"SKIP","floor":35},{"not_picked":["alterego_mod:PerceptionDisorder+1","alterego_mod:Collar+1","alterego_mod:GoddessCore+1"],"picked":"alterego_mod:MagicResistance","floor":39},{"not_picked":["alterego_mod:Belts","alterego_mod:Stockings+1","alterego_mod:SideboobHour"],"picked":"alterego_mod:IndependentAction+1","floor":41},{"not_picked":["alterego_mod:Bounce+1","alterego_mod:Rip+1","alterego_mod:Complex+1"],"picked":"alterego_mod:MagicResistance+1","floor":42},{"not_picked":["alterego_mod:1TonWallop+1","alterego_mod:BoobPocket","alterego_mod:Bounce"],"picked":"alterego_mod:Maid+1","floor":45},{"not_picked":["alterego_mod:Valentines","alterego_mod:Cooking+1","alterego_mod:Birthday"],"picked":"alterego_mod:BiFurious+1","floor":46},{"not_picked":["alterego_mod:Clones+1","alterego_mod:Swimsuit+1","alterego_mod:Jiggle"],"picked":"alterego_mod:Tantrum","floor":47},{"not_picked":["alterego_mod:Collar+1","alterego_mod:MagicResistance+1","alterego_mod:BiFurious+1","alterego_mod:SakuraLabyrinth"],"picked":"SKIP","floor":48},{"not_picked":["alterego_mod:Undulate","alterego_mod:Maid+1","alterego_mod:Mirror"],"picked":"alterego_mod:TrickOrTreatment","floor":54}],"player_experience":204469,"relics_obtained":[{"floor":8.0,"key":"Golden Egg"},{"floor":9.0,"key":"Matryoshka"},{"floor":11.0,"key":"Oddly Smooth Stone"},{"floor":13.0,"key":"Vajra"},{"floor":23,"key":"Replay:PocketPolymizer"},{"floor":26,"key":"Boot"},{"floor":27,"key":"Pet Ghost"},{"floor":31,"key":"Guardian:GemstoneGun"},{"floor":31,"key":"Question Card"},{"floor":41,"key":"Orichalcum"},{"floor":42,"key":"Happy Flower"},{"floor":43,"key":"Grinning Jar"},{"floor":43,"key":"Dream Catcher"},{"floor":46,"key":"Juzu Bracelet"},{"floor":47,"key":"Ginger"},{"floor":54,"key":"Pear"}],"event_choices":[{"damage_healed":0.0,"max_hp_gain":0.0,"max_hp_loss":0.0,"gold_gain":0.0,"event_name":"Scrap Ooze","player_choice":"Success","floor":2.0,"gold_loss":0.0,"damage_taken":7.0,"relics_obtained":["WingedGreaves"]},{"damage_healed":0.0,"max_hp_gain":5.0,"max_hp_loss":0.0,"gold_gain":0.0,"event_name":"Big Fish","player_choice":"Donut","floor":5.0,"gold_loss":0.0,"damage_taken":0.0},{"damage_healed":0,"gold_gain":99,"player_choice":"Stole From Cult","damage_taken":0,"max_hp_gain":0,"max_hp_loss":0,"event_name":"Nest","floor":25,"gold_loss":0},{"damage_healed":0,"gold_gain":0,"player_choice":"Simplicity","damage_taken":0,"max_hp_gain":0,"max_hp_loss":0,"event_name":"Back to Basics","floor":30,"gold_loss":0,"cards_upgraded":["alterego_mod:Strike","alterego_mod:Strike","alterego_mod:Defend","alterego_mod:Defend","alterego_mod:Defend","alterego_mod:Defend"]},{"damage_healed":0,"gold_gain":0,"player_choice":"Fight","damage_taken":0,"max_hp_gain":0,"max_hp_loss":0,"event_name":"Colosseum","floor":31,"gold_loss":0},{"damage_healed":0,"gold_gain":0,"player_choice":"Fought Nobs","damage_taken":0,"max_hp_gain":0,"max_hp_loss":0,"event_name":"Colosseum","floor":31,"gold_loss":0},{"cards_removed":["alterego_mod:Smother"],"damage_healed":0,"gold_gain":0,"player_choice":"Purged","damage_taken":0,"max_hp_gain":0,"max_hp_loss":0,"event_name":"Purifier","floor":36,"gold_loss":0},{"damage_healed":0,"gold_gain":0,"player_choice":"Fight","damage_taken":0,"max_hp_gain":0,"max_hp_loss":0,"event_name":"MindBloom","floor":47,"gold_loss":0}],"is_beta":false,"boss_relics":[{"not_picked":["Runic Pyramid","Busted Crown"],"picked":"Philosopher\u0027s Stone"},{"not_picked":["SacredBark","Pandora\u0027s Box"],"picked":"SlaversCollar"}],"items_purged_floors":[24,53],"is_endless":false,"potions_floor_spawned":[11,13,18,19,28,31,31,35,41,45,54],"killed_by":"The Heart","ascension_level":0}}