{"host":"x1qj4d8ympd5jdqh","time":1609402882,"event":{"mods":["AchievementEnabler","AlwaysNeverKeys","BaseMod","Colored Map","Custom Start","DeckTracker","Highlight Path","Minty Spire (QoL Compilation)","StSLib","SuperFastMode"],"gold_per_floor":[115,130,148,148,148,148,167,167,167,203,203,223,254,13,13,107,107,125,175,75,96,110,110,124,124,124,139,89,124,142,16,16,111,111,127,152,172,41,0,0,43,43,89,128,144,144,144],"floor_reached":46,"playtime":1470,"items_purged":["Strike_G","Strike_G","Strike_G"],"score":1120,"play_id":"1d00980f-a9bc-4acc-ab00-c532a99ce51c","local_time":"20201231172122","is_ascension_mode":true,"campfire_choices":[{"data":"Glass Knife","floor":6.0,"key":"SMITH"},{"data":"Neutralize","floor":8.0,"key":"SMITH"},{"data":"Accuracy","floor":11.0,"key":"SMITH"},{"data":"Blade Dance","floor":15.0,"key":"SMITH"},{"data":"Burst","floor":23.0,"key":"SMITH"},{"data":"Cloak And Dagger","floor":25.0,"key":"SMITH"},{"data":"Footwork","floor":32.0,"key":"SMITH"},{"data":"Envenom","floor":40.0,"key":"SMITH"},{"data":"Terror","floor":42.0,"key":"SMITH"}],"circlet_count":0,"master_deck":["AscendersBane","Strike_G","Defend_G","Defend_G","Defend_G","Defend_G","Defend_G","Survivor","Neutralize+1","Glass Knife+1","Blade Dance+1","PiercingWail","Dagger Throw","Accuracy+1","Backstab","Burst+1","Adrenaline+1","Cloak And Dagger+1","Footwork+1","Corpse Explosion","Finisher","Backflip","Envenom+1","PiercingWail","Escape Plan","Terror+1","Footwork"],"relics":["Ring of the Snake","Golden Idol","Blue Candle","Toy Ornithopter","MealTicket","OrangePellets","WristBlade","The Courier","Anchor","Lee\u0027s Waffle","Runic Pyramid","Red Mask","Boot","The Specimen"],"acts_visited":["Exordium","TheCity","TheBeyond"],"potions_floor_usage":[],"damage_taken":[{"damage":1.0,"enemies":"Cultist","floor":1.0,"turns":3.0},{"damage":0.0,"enemies":"Small Slimes","floor":2.0,"turns":3.0},{"damage":4.0,"enemies":"Jaw Worm","floor":3.0,"turns":2.0},{"damage":0.0,"enemies":"3 Louse","floor":7.0,"turns":4.0},{"damage":6.0,"enemies":"Gremlin Nob","floor":10.0,"turns":3.0},{"damage":20.0,"enemies":"Gremlin Gang","floor":12.0,"turns":4.0},{"damage":6.0,"enemies":"Lagavulin","floor":13.0,"turns":6.0},{"damage":33.0,"enemies":"Slime Boss","floor":16.0,"turns":11.0},{"damage":6.0,"enemies":"3 Byrds","floor":18.0,"turns":5.0},{"damage":11.0,"enemies":"Shell Parasite","floor":21.0,"turns":6.0},{"damage":11.0,"enemies":"Snecko","floor":22.0,"turns":3.0},{"damage":0.0,"enemies":"Chosen and Byrds","floor":24.0,"turns":4.0},{"damage":10.0,"enemies":"Shelled Parasite and Fungi","floor":27.0,"turns":2.0},{"damage":23.0,"enemies":"Slavers","floor":29.0,"turns":3.0},{"damage":0.0,"enemies":"3 Cultists","floor":30.0,"turns":2.0},{"damage":65.0,"enemies":"Automaton","floor":33.0,"turns":8.0},{"damage":0.0,"enemies":"Orb Walker","floor":35.0,"turns":1.0},{"damage":7.0,"enemies":"3 Shapes","floor":36.0,"turns":7.0},{"damage":15.0,"enemies":"Spire Growth","floor":37.0,"turns":7.0},{"damage":0.0,"enemies":"Reptomancer","floor":41.0,"turns":3.0},{"damage":32.0,"enemies":"Nemesis","floor":44.0,"turns":5.0},{"damage":16.0,"enemies":"4 Shapes","floor":45.0,"turns":7.0},{"damage":0,"enemies":"Reptomancer","floor":46,"turns":2}],"seed_played":"4736765847373126535","potions_obtained":[{"floor":7.0,"key":"LiquidMemories"},{"floor":10.0,"key":"SpeedPotion"},{"floor":13.0,"key":"Explosive Potion"},{"floor":18.0,"key":"SteroidPotion"},{"floor":27.0,"key":"Dexterity Potion"},{"floor":30.0,"key":"BlessingOfTheForge"},{"floor":35.0,"key":"Fruit Juice"},{"floor":37.0,"key":"LiquidMemories"},{"floor":41.0,"key":"ColorlessPotion"},{"floor":45.0,"key":"Weak Potion"}],"is_trial":false,"path_per_floor":["M","M","M","?","?","R","M","R","T","E","R","M","E","$","R","B",null,"M","?","$","M","M","R","M","R","T","M","?","E","M","$","R","B",null,"M","M","M","$","?","R","E","R","T","E","M","E"],"character_chosen":"THE_SILENT","items_purchased":["OrangePellets","Lee\u0027s Waffle","Terror"],"campfire_rested":0,"item_purchase_floors":[14,31,38],"current_hp_per_floor":[58,58,54,54,54,54,54,54,54,48,48,28,22,37,37,14,44,38,38,53,42,31,31,36,36,36,26,26,3,3,61,61,1,46,56,49,34,49,49,49,54,54,54,27,11,11,11],"gold":144,"neow_bonus":"THREE_RARE_CARDS","is_daily":false,"chose_seed":false,"campfire_upgraded":9,"win_rate":0.0,"timestamp":1609402882,"path_taken":["M","?","M","?","?","R","M","R","T","E","R","M","E","$","R","BOSS","M","?","?","?","M","R","M","R","T","M","?","E","M","$","R","BOSS","M","?","M","$","?","R","E","R","T","E","M","E"],"items_purchased_type":["Relic","Relic","Card"],"build_version":"2020-12-22","purchased_purges":3,"victory":false,"max_hp_per_floor":[60,60,60,60,54,54,54,54,54,54,54,54,54,54,54,54,54,54,54,54,54,54,54,54,54,54,54,54,54,54,61,61,61,61,66,66,66,66,66,66,66,66,66,66,66,66,66],"card_choices":[{"not_picked":["Grand Finale","Wraith Form v2"],"picked":"Glass Knife","floor":0.0},{"not_picked":["Prepared","Dagger Throw"],"picked":"Blade Dance","floor":1.0},{"not_picked":["Acrobatics","Cloak And Dagger","Bane"],"picked":"SKIP","floor":2.0},{"not_picked":["Riddle With Holes","Cloak And Dagger"],"picked":"PiercingWail","floor":3.0},{"not_picked":["Slice","Blade Dance"],"picked":"Dagger Throw","floor":7.0},{"not_picked":["Bouncing Flask","Dodge and Roll"],"picked":"Accuracy","floor":10.0},{"not_picked":["Catalyst","Dash"],"picked":"Backstab","floor":12.0},{"not_picked":["Bane","Deadly Poison"],"picked":"Burst","floor":13.0},{"not_picked":["Unload","Tools of the Trade"],"picked":"Adrenaline","floor":16.0},{"not_picked":["Dodge and Roll","Outmaneuver"],"picked":"Cloak And Dagger","floor":18.0},{"not_picked":["Backflip","Prepared"],"picked":"Footwork","floor":21.0},{"not_picked":["Dagger Spray+1","Caltrops"],"picked":"Corpse Explosion","floor":22.0},{"not_picked":["Quick Slash","Sucker Punch","Backstab"],"picked":"SKIP","floor":24.0},{"not_picked":["Poisoned Stab+1","Dagger Throw+1","Sucker Punch"],"picked":"SKIP","floor":27.0},{"not_picked":["Backflip+1","Dagger Spray"],"picked":"Finisher","floor":29.0},{"not_picked":["Dagger Throw","Distraction"],"picked":"Backflip","floor":30.0},{"not_picked":["A Thousand Cuts","Grand Finale"],"picked":"Envenom","floor":33.0},{"not_picked":["Slice","Cloak And Dagger","Deflect"],"picked":"SKIP","floor":35.0},{"not_picked":["Dagger Spray","Cloak And Dagger"],"picked":"PiercingWail","floor":36.0},{"not_picked":["Slice+1","Sucker Punch"],"picked":"Escape Plan","floor":37.0},{"not_picked":["Heel Hook","Poisoned Stab"],"picked":"Footwork","floor":41.0},{"not_picked":["Glass Knife","Reflex+1","Choke"],"picked":"SKIP","floor":44.0},{"not_picked":["Quick Slash","Bouncing Flask+1","Backflip+1"],"picked":"SKIP","floor":45.0}],"player_experience":1298337,"relics_obtained":[{"floor":9.0,"key":"Blue Candle"},{"floor":10.0,"key":"Toy Ornithopter"},{"floor":13.0,"key":"MealTicket"},{"floor":26.0,"key":"The Courier"},{"floor":29.0,"key":"Anchor"},{"floor":41.0,"key":"Boot"},{"floor":44.0,"key":"The Specimen"}],"event_choices":[{"cards_removed":["Strike_G"],"damage_healed":0.0,"max_hp_gain":0.0,"max_hp_loss":0.0,"gold_gain":0.0,"event_name":"Living Wall","player_choice":"Forget","floor":4.0,"gold_loss":0.0,"damage_taken":0.0},{"damage_healed":0.0,"max_hp_gain":0.0,"max_hp_loss":6.0,"gold_gain":0.0,"event_name":"Golden Idol","player_choice":"Lose Max HP","floor":5.0,"gold_loss":0.0,"damage_taken":0.0,"relics_obtained":["Golden Idol"]},{"damage_healed":0.0,"max_hp_gain":0.0,"max_hp_loss":0.0,"gold_gain":50.0,"event_name":"Golden Shrine","player_choice":"Pray","floor":19.0,"gold_loss":0.0,"damage_taken":0.0},{"damage_healed":0.0,"max_hp_gain":0.0,"max_hp_loss":0.0,"gold_gain":0.0,"event_name":"Designer","player_choice":"Upgrade","floor":28.0,"gold_loss":50.0,"damage_taken":0.0,"cards_upgraded":["Adrenaline"]},{"damage_healed":0.0,"max_hp_gain":0.0,"max_hp_loss":0.0,"gold_gain":0.0,"event_name":"Tomb of Lord Red Mask","player_choice":"Paid","floor":39.0,"gold_loss":41.0,"damage_taken":0.0,"relics_obtained":["Red Mask"]}],"is_beta":false,"boss_relics":[{"not_picked":["Ring of the Serpent","Runic Dome"],"picked":"WristBlade"},{"not_picked":["Busted Crown","Snecko Eye"],"picked":"Runic Pyramid"}],"items_purged_floors":[14,20,38],"is_endless":false,"potions_floor_spawned":[7,10,13,18,27,30,35,37,41,45],"killed_by":"Reptomancer","ascension_level":20}}