{"host":"cyiefo55v5hz1ih5","time":1609446766,"event":{"mods":["2.2 Compatiblity","AchievementEnabler","Arknights The Spire","BaseMod","GifTheSpireLib","Hubris","Minty Spire (QoL Compilation)","Replay The Spire","Robot Space Explorer","Spicy Shops","StSLib","The Marked"],"gold_per_floor":[116,116,191,208,72,102,102,129,203,247,273,20,51,51,51,156,156,174,29,29,49,49,49,78,78,126,126,146,146,159,194,194,297,297,307,307,29,29,29,29,61,61,61,90,110,145,145,174,174,200,200,200,3,58,74],"floor_reached":56,"playtime":3621,"items_purged":["RobotSpaceExplorer:Strike","RobotSpaceExplorer:Strike","RobotSpaceExplorer:Defend"],"score":1596,"play_id":"53cb4b16-0d4a-487c-a7b7-05b103ce7c8a","local_time":"20201231153246","is_ascension_mode":true,"campfire_choices":[{"floor":15.0,"key":"REST"},{"data":"hubris:DuctTapeCard","floor":23.0,"key":"SMITH"},{"floor":25.0,"key":"RECALL"},{"data":"RobotSpaceExplorer:PowerCollector","floor":32.0,"key":"SMITH"},{"data":"RobotSpaceExplorer:MiniBoosters","floor":40.0,"key":"SMITH"},{"data":"RobotSpaceExplorer:ChargingLaser","floor":42.0,"key":"SMITH"},{"data":"RobotSpaceExplorer:Multitool","floor":47.0,"key":"SMITH"},{"data":"RobotSpaceExplorer:FrostMissile","floor":49.0,"key":"SMITH"},{"data":"RobotSpaceExplorer:ScrapToss","floor":52.0,"key":"SMITH"}],"circlet_count":0,"master_deck":["RobotSpaceExplorer:Defend","RobotSpaceExplorer:Defend+1","RobotSpaceExplorer:Scan","RobotSpaceExplorer:SurgingShield+1","RobotSpaceExplorer:ScrapToss+1","RobotSpaceExplorer:Accelerator+1","RobotSpaceExplorer:FrostMissile+1","RobotSpaceExplorer:MiniDrones","RobotSpaceExplorer:DroneSwarm","RobotSpaceExplorer:ShockKick+1","RobotSpaceExplorer:PowerCollector+1","RobotSpaceExplorer:MiniBoosters+1","RobotSpaceExplorer:ChargingLaser+1","RobotSpaceExplorer:IronShell+1","RobotSpaceExplorer:Multitool+1","RobotSpaceExplorer:DualCore+1","RobotSpaceExplorer:ScrapMissile","RobotSpaceExplorer:Electroshield","hubris:DuctTapeCard"],"relics":["RobotSpaceExplorer:RoboCore","NeowsBlessing","ats:Originium","hubris:DuctTape","FossilizedHelix","Pear","Orichalcum","PreservedInsect","Guide Book","hubris:Potato","Replay:Baseball","Ring of Chaos","RobotSpaceExplorer:FoglandsKnife","MutagenicStrength","White Beast Statue","Bronze Scales","Onion Ring","Black Star","hubris:Icosahedron","Medical Kit","hubris:Towel","Lantern","Meat on the Bone","hubris:Reverence","Replay:Bandana","Du-Vu Doll","Replay:Rubber Ducky","War Paint","Boot"],"acts_visited":["Exordium","TheCity","TheBeyond","TheEnding"],"potions_floor_usage":[55,55,55],"damage_taken":[{"damage":0.0,"enemies":"Small Slimes","floor":1.0,"turns":1.0},{"damage":0.0,"enemies":"Cultist","floor":4.0,"turns":1.0},{"damage":0.0,"enemies":"3 Sentries","floor":6.0,"turns":1.0},{"damage":4.0,"enemies":"Lagavulin","floor":8.0,"turns":7.0},{"damage":0.0,"enemies":"Gremlin Nob","floor":11.0,"turns":3.0},{"damage":0.0,"enemies":"3 Sentries","floor":13.0,"turns":5.0},{"damage":0.0,"enemies":"Fading Forest","floor":16.0,"turns":11.0},{"damage":0.0,"enemies":"3 Byrds","floor":18.0,"turns":4.0},{"damage":0.0,"enemies":"Chosen","floor":21.0,"turns":4.0},{"damage":0.0,"enemies":"Slavers","floor":24.0,"turns":4.0},{"damage":0.0,"enemies":"Snake Plant","floor":28.0,"turns":3.0},{"damage":0.0,"enemies":"Shelled Parasite and Fungi","floor":30.0,"turns":2.0},{"damage":9.0,"enemies":"Gremlin Leader","floor":31.0,"turns":6.0},{"damage":0.0,"enemies":"Automaton","floor":33.0,"turns":6.0},{"damage":0.0,"enemies":"3 Shapes","floor":35.0,"turns":4.0},{"damage":0.0,"enemies":"R_Hoarder","floor":41.0,"turns":5.0},{"damage":0.0,"enemies":"Reptomancer","floor":44.0,"turns":3.0},{"damage":0.0,"enemies":"Orb Walker","floor":45.0,"turns":2.0},{"damage":0.0,"enemies":"Maw","floor":46.0,"turns":5.0},{"damage":0.0,"enemies":"3 Darklings","floor":48.0,"turns":2.0},{"damage":0.0,"enemies":"Replay:Hell Engine","floor":50.0,"turns":6.0},{"damage":0.0,"enemies":"Shield and Spear","floor":54.0,"turns":3.0},{"damage":0,"enemies":"The Heart","floor":55,"turns":9}],"seed_played":"2023241436263208480","potions_obtained":[{"floor":1.0,"key":"RobotSpaceExplorer:PlasmaFlask"},{"floor":6.0,"key":"BlessingOfTheForge"},{"floor":10.0,"key":"SneckoOil"},{"floor":10.0,"key":"RobotSpaceExplorer:RecyclePotion"},{"floor":16.0,"key":"Explosive Potion"},{"floor":18.0,"key":"ColorlessPotion"},{"floor":21.0,"key":"DuplicationPotion"},{"floor":28.0,"key":"Cursed Concoction"},{"floor":30.0,"key":"Elixir"},{"floor":33.0,"key":"Dexterity Potion"},{"floor":35.0,"key":"Strength Potion"},{"floor":41.0,"key":"RobotSpaceExplorer:PlasmaFlask"},{"floor":44.0,"key":"Adrenaline Potion"},{"floor":48.0,"key":"PowerPotion"},{"floor":54.0,"key":"Dexterity Potion"}],"is_trial":false,"path_per_floor":["M","?","?","M","$","E","?","E","T","?","E","$","E","$","R","B",null,"M","$","?","M","?","R","E","R","T","?","M","T","M","E","R","B",null,"M","?","$","?","?","R","E","R","T","E","M","M","R","M","R","B",null,"R","$","E","B",null],"character_chosen":"RobotSpaceExplorer","items_purchased":["RobotSpaceExplorer:ScrapToss","Guide Book","RobotSpaceExplorer:FoglandsKnife","Medical Kit","Replay:Rubber Ducky","RobotSpaceExplorer:ScrapMissile"],"campfire_rested":1,"item_purchase_floors":[5,12,19,37,53,53],"current_hp_per_floor":[75,75,68,68,68,68,61,57,67,33,33,33,33,33,58,58,85,85,85,85,85,85,85,85,85,85,85,85,85,85,76,76,76,85,85,85,85,85,85,85,85,85,85,85,85,85,85,85,85,85,85,85,85,85,85],"gold":74,"neow_bonus":"THREE_ENEMY_KILL","is_daily":false,"chose_seed":false,"campfire_upgraded":7,"win_rate":0.0,"timestamp":1609446766,"path_taken":["M","?","?","?","$","E","?","E","T","?","E","$","E","?","R","BOSS","M","?","?","M","?","R","E","R","T","?","?","?","M","E","R","BOSS","M","?","$","?","?","R","E","R","T","E","?","M","R","M","R","BOSS","R","$","E","BOSS"],"items_purchased_type":["Card","Relic","Relic","Relic","Relic","Card"],"build_version":"2020-12-22","purchased_purges":3,"victory":true,"max_hp_per_floor":[75,75,75,75,75,75,75,75,85,85,85,85,85,85,85,85,85,85,85,85,85,85,85,85,85,85,85,85,85,85,85,85,85,85,85,85,85,85,85,85,85,85,85,85,85,85,85,85,85,85,85,85,85,85,85],"card_choices":[{"not_picked":["RobotSpaceExplorer:DoubleBlock","RobotSpaceExplorer:JunkDive"],"picked":"RobotSpaceExplorer:SurgingShield","floor":1.0},{"not_picked":["RobotSpaceExplorer:SurgingStrike","RobotSpaceExplorer:DualCore"],"picked":"RobotSpaceExplorer:Jetpack","floor":4.0},{"not_picked":["RobotSpaceExplorer:ShovelStrike","RobotSpaceExplorer:Ammunition"],"picked":"RobotSpaceExplorer:Accelerator","floor":6.0},{"not_picked":["RobotSpaceExplorer:GlueShot","RobotSpaceExplorer:ToxicBomb"],"picked":"RobotSpaceExplorer:FrostMissile","floor":8.0},{"not_picked":["RobotSpaceExplorer:Probe","RobotSpaceExplorer:SlimeMissile"],"picked":"RobotSpaceExplorer:MiniDrones","floor":10.0},{"not_picked":["RobotSpaceExplorer:Probe","RobotSpaceExplorer:MetalStrike"],"picked":"RobotSpaceExplorer:Exploration","floor":11.0},{"not_picked":["RobotSpaceExplorer:GlueShot","RobotSpaceExplorer:GlueSpray","RobotSpaceExplorer:ScrapMissile"],"picked":"SKIP","floor":13.0},{"not_picked":["RobotSpaceExplorer:Accelerator","RobotSpaceExplorer:Arsenal"],"picked":"RobotSpaceExplorer:DroneSwarm","floor":16.0},{"not_picked":["RobotSpaceExplorer:Probe","RobotSpaceExplorer:RigExplosive","RobotSpaceExplorer:MiniDrones+1"],"picked":"SKIP","floor":18.0},{"not_picked":["RobotSpaceExplorer:Counterblock","RobotSpaceExplorer:FrostMissile","RobotSpaceExplorer:MetalStrike"],"picked":"SKIP","floor":21.0},{"not_picked":["RobotSpaceExplorer:SurgingShield","RobotSpaceExplorer:FranticSearch+1","RobotSpaceExplorer:Ammunition+1"],"picked":"SKIP","floor":24.0},{"not_picked":["RobotSpaceExplorer:FreezeRay","RobotSpaceExplorer:ScrapShield"],"picked":"RobotSpaceExplorer:ShockKick+1","floor":28.0},{"not_picked":["RobotSpaceExplorer:ToxicBomb","RobotSpaceExplorer:ShockKick"],"picked":"RobotSpaceExplorer:PowerCollector","floor":30.0},{"not_picked":["RobotSpaceExplorer:Comet","RobotSpaceExplorer:StunGrenade+1"],"picked":"RobotSpaceExplorer:MiniBoosters","floor":31.0},{"not_picked":["RobotSpaceExplorer:DroneSwarm","RobotSpaceExplorer:Scanner"],"picked":"RobotSpaceExplorer:ChargingLaser","floor":33.0},{"not_picked":["RobotSpaceExplorer:FreezeRay+1","RobotSpaceExplorer:ShovelStrike+1","RobotSpaceExplorer:Pulsar+1"],"picked":"SKIP","floor":35.0},{"not_picked":["RobotSpaceExplorer:GlueShot+1","RobotSpaceExplorer:ChargingLaser"],"picked":"RobotSpaceExplorer:IronShell+1","floor":41.0},{"not_picked":["RobotSpaceExplorer:ScrapShield+1","RobotSpaceExplorer:Smokescreen"],"picked":"RobotSpaceExplorer:Multitool","floor":44.0},{"not_picked":["RobotSpaceExplorer:FrostMissile+1","RobotSpaceExplorer:SurgingStrike"],"picked":"RobotSpaceExplorer:DualCore+1","floor":45.0},{"not_picked":["RobotSpaceExplorer:ShockKick+1","RobotSpaceExplorer:SlimeMissile+1","RobotSpaceExplorer:BigMissile"],"picked":"SKIP","floor":46.0},{"not_picked":["RobotSpaceExplorer:IronShell","RobotSpaceExplorer:Electropulse+1","RobotSpaceExplorer:Reload+1"],"picked":"SKIP","floor":48.0},{"not_picked":["RobotSpaceExplorer:Electropulse+1","RobotSpaceExplorer:ShockKick"],"picked":"RobotSpaceExplorer:Electroshield","floor":54.0}],"player_experience":692733,"relics_obtained":[{"floor":6.0,"key":"ats:Originium"},{"floor":6.0,"key":"hubris:DuctTape"},{"floor":8.0,"key":"ats:Originium"},{"floor":8.0,"key":"FossilizedHelix"},{"floor":9.0,"key":"Pear"},{"floor":10.0,"key":"Orichalcum"},{"floor":11.0,"key":"ats:Originium"},{"floor":11.0,"key":"PreservedInsect"},{"floor":13.0,"key":"hubris:Potato"},{"floor":13.0,"key":"Replay:Baseball"},{"floor":24.0,"key":"White Beast Statue"},{"floor":26.0,"key":"Bronze Scales"},{"floor":31.0,"key":"Onion Ring"},{"floor":41.0,"key":"Lantern"},{"floor":41.0,"key":"Meat on the Bone"},{"floor":43.0,"key":"hubris:Reverence"},{"floor":44.0,"key":"Replay:Bandana"},{"floor":44.0,"key":"Du-Vu Doll"},{"floor":54.0,"key":"War Paint"},{"floor":54.0,"key":"Boot"}],"event_choices":[{"damage_healed":0.0,"max_hp_gain":0.0,"max_hp_loss":0.0,"gold_gain":75.0,"event_name":"FaceTrader","player_choice":"Touch","floor":3.0,"gold_loss":0.0,"damage_taken":7.0},{"cards_removed":["RobotSpaceExplorer:Strike"],"damage_healed":0.0,"max_hp_gain":0.0,"max_hp_loss":0.0,"gold_gain":0.0,"event_name":"Golden Wing","player_choice":"Card Removal","floor":7.0,"gold_loss":0.0,"damage_taken":7.0},{"damage_healed":0.0,"max_hp_gain":0.0,"max_hp_loss":0.0,"gold_gain":0.0,"event_name":"Drug Dealer","player_choice":"Inject Mutagens","floor":22.0,"gold_loss":0.0,"damage_taken":0.0,"relics_obtained":["MutagenicStrength"]},{"cards_removed":["RobotSpaceExplorer:Strike"],"damage_healed":0.0,"max_hp_gain":0.0,"max_hp_loss":0.0,"gold_gain":0.0,"event_name":"Bonfire Elementals","player_choice":"Offered Basic","floor":27.0,"gold_loss":0.0,"damage_taken":0.0},{"cards_removed":["RobotSpaceExplorer:Defend"],"damage_healed":0.0,"max_hp_gain":0.0,"max_hp_loss":0.0,"gold_gain":0.0,"event_name":"Purifier","player_choice":"Purged","floor":39.0,"gold_loss":0.0,"damage_taken":0.0}],"is_beta":false,"boss_relics":[{"not_picked":["Busted Crown","Kintsugi"],"picked":"Ring of Chaos"},{"not_picked":["Replay:Drink Me","hubris:CrackedHourglass"],"picked":"Black Star"}],"items_purged_floors":[5,12,37],"is_endless":false,"potions_floor_spawned":[1,6,16,18,21,28,30,31,33,35,41,44,45,46,48,54],"ascension_level":1}}