{"host":"6pgtslebjnyv5xmi","time":1609391516,"event":{"mods":["AchievementEnabler","BaseMod","Colored Map","Minty Spire (QoL Compilation)","Rare Cards Sparkle","StSLib","SuperFastMode","everything is the same but u backflip on backflip"],"gold_per_floor":[364,36,36,36,36,36,36,72,72,72,90,165,179,68,68,199,199,212,102,115,134,147,186,186,201,224,249,59,79,79,79,79,209,209,223,238,93,106,127,127,127,0,0,0,0,24,40,64,64,64],"floor_reached":51,"playtime":2013,"items_purged":["Decay","Regret"],"score":1143,"play_id":"953df2ef-bfba-4ae0-9818-91a34d71cbeb","local_time":"20201231141156","is_ascension_mode":true,"campfire_choices":[{"floor":6.0,"key":"REST"},{"data":"Finisher","floor":10.0,"key":"SMITH"},{"floor":15.0,"key":"REST"},{"floor":24,"key":"REST"},{"data":"Accuracy","floor":30,"key":"SMITH"},{"data":"Infinite Blades","floor":32,"key":"SMITH"},{"data":"Panache","floor":40,"key":"SMITH"},{"data":"Neutralize","floor":45,"key":"SMITH"},{"data":"Survivor","floor":49,"key":"SMITH"}],"circlet_count":0,"master_deck":["Strike_G","Strike_G+1","Strike_G","Defend_G","Defend_G","Defend_G","Defend_G","Defend_G","Survivor+1","Neutralize+1","Blade Dance+1","Finisher+1","Backflip+1","Burst+1","Terror+1","Storm of Steel+1","PiercingWail+1","Blade Dance+1","Accuracy+1","Cloak And Dagger+1","Cloak And Dagger+1","Infinite Blades+1","Ghostly+1","Ghostly+1","Ghostly+1","Ghostly+1","Ghostly+1","Panache+1","Apotheosis+1","Writhe"],"relics":["Ring of the Snake","Shuriken","Toxic Egg 2","Golden Idol","FossilizedHelix","The Courier","Empty Cage","Singing Bowl","Orichalcum","Art of War","Blood Vial","WristBlade","Red Mask","Darkstone Periapt"],"acts_visited":["Exordium","TheCity","TheBeyond"],"potions_floor_usage":[16,22,27,50,50,50],"damage_taken":[{"damage":0.0,"enemies":"2 Louse","floor":1.0,"turns":4.0},{"damage":31.0,"enemies":"3 Sentries","floor":8.0,"turns":7.0},{"damage":0.0,"enemies":"Small Slimes","floor":11.0,"turns":2.0},{"damage":0.0,"enemies":"Jaw Worm","floor":13.0,"turns":3.0},{"damage":0,"enemies":"Slime Boss","floor":16,"turns":1},{"damage":12,"enemies":"2 Thieves","floor":18,"turns":3},{"damage":0,"enemies":"Spheric Guardian","floor":20,"turns":1},{"damage":0,"enemies":"Centurion and Healer","floor":21,"turns":5},{"damage":0,"enemies":"Snecko","floor":22,"turns":3},{"damage":35,"enemies":"Gremlin Leader","floor":23,"turns":7},{"damage":5,"enemies":"Shelled Parasite and Fungi","floor":25,"turns":4},{"damage":0,"enemies":"Chosen and Byrds","floor":27,"turns":3},{"damage":0,"enemies":"3 Cultists","floor":29,"turns":3},{"damage":0,"enemies":"Automaton","floor":33,"turns":7},{"damage":0,"enemies":"3 Shapes","floor":35,"turns":3},{"damage":0,"enemies":"Orb Walker","floor":36,"turns":3},{"damage":0,"enemies":"Maw","floor":38,"turns":5},{"damage":8,"enemies":"4 Shapes","floor":39,"turns":4},{"damage":0,"enemies":"Writhing Mass","floor":46,"turns":5},{"damage":0,"enemies":"Jaw Worm Horde","floor":47,"turns":3},{"damage":0,"enemies":"3 Darklings","floor":48,"turns":4},{"damage":15,"enemies":"Donu and Deca","floor":50,"turns":8}],"seed_played":"-5664262662177376220","potions_obtained":[{"floor":13.0,"key":"SteroidPotion"},{"floor":21,"key":"ColorlessPotion"},{"floor":25,"key":"AttackPotion"},{"floor":29,"key":"EssenceOfSteel"},{"floor":33,"key":"Ancient Potion"},{"floor":39,"key":"Swift Potion"}],"is_trial":false,"path_per_floor":["M","$","?","?","?","R","$","E","T","R","M","?","M","$","R","B",null,"M","?","M","M","M","E","R","M","T","M","$","M","R","?","R","B",null,"M","M","$","M","M","R","?","?","T","?","R","M","M","M","R","B",null],"character_chosen":"THE_SILENT","items_purchased":["Shuriken","Terror+1","Cloak And Dagger+1","Blood Vial","Cloak And Dagger+1","Panache"],"campfire_rested":3,"item_purchase_floors":[2,14,28,28,28,37],"current_hp_per_floor":[63,63,63,49,49,65,65,34,34,34,34,23,23,23,42,42,59,47,47,47,49,49,16,36,31,31,33,33,35,35,35,35,37,37,39,41,41,43,37,37,37,37,37,51,51,53,55,57,57,42],"gold":64,"neow_bonus":"TWO_FIFTY_GOLD","is_daily":false,"chose_seed":false,"campfire_upgraded":6,"win_rate":0.0,"timestamp":1609391516,"path_taken":["M","$","?","?","?","R","$","E","T","R","?","?","M","?","R","BOSS","M","?","M","M","?","E","R","M","T","M","$","M","R","?","R","BOSS","M","M","$","M","M","R","?","?","T","?","R","?","?","M","R","BOSS"],"items_purchased_type":["Relic","Card","Card","Relic","Card","Card"],"build_version":"2020-12-22","purchased_purges":2,"victory":true,"max_hp_per_floor":[70,70,70,70,65,65,65,65,65,65,65,65,65,65,65,65,65,65,65,65,67,67,69,69,69,69,71,71,71,71,35,35,37,37,39,41,41,43,45,45,45,45,45,51,51,53,55,57,57,57],"card_choices":[{"not_picked":["Prepared","Underhanded Strike"],"picked":"Blade Dance","floor":1.0},{"not_picked":["Deadly Poison+1","Dodge and Roll+1"],"picked":"Finisher","floor":8.0},{"not_picked":["Flying Knee","Finisher"],"picked":"Backflip+1","floor":11.0},{"not_picked":["Slice","Poisoned Stab"],"picked":"Burst+1","floor":13.0},{"not_picked":["Die Die Die","Glass Knife"],"picked":"Storm of Steel+1","floor":16},{"not_picked":["Terror+1","Deadly Poison+1","Reflex+1"],"picked":"SKIP","floor":18},{"not_picked":["Setup+1","Dash+1"],"picked":"PiercingWail+1","floor":20},{"not_picked":["Deflect+1","Acrobatics+1","Deadly Poison+1"],"picked":"Singing Bowl","floor":21},{"not_picked":["Escape Plan+1","Acrobatics+1"],"picked":"Blade Dance+1","floor":22},{"not_picked":["Endless Agony+1","Footwork","Dagger Throw+1"],"picked":"Singing Bowl","floor":23},{"not_picked":["Heel Hook+1","Outmaneuver+1"],"picked":"Accuracy","floor":25},{"not_picked":["All Out Attack+1","Slice+1","Quick Slash"],"picked":"Singing Bowl","floor":27},{"not_picked":["Predator+1","PiercingWail+1"],"picked":"Infinite Blades","floor":29},{"not_picked":["Burst+1","Unload","Corpse Explosion+1"],"picked":"Singing Bowl","floor":33},{"not_picked":["Outmaneuver+1","Bane","Backflip+1"],"picked":"Singing Bowl","floor":35},{"not_picked":["Setup+1","Backflip+1","Dagger Spray+1"],"picked":"Singing Bowl","floor":36},{"not_picked":["Skewer+1","Sucker Punch","Distraction+1"],"picked":"Singing Bowl","floor":38},{"not_picked":["Endless Agony+1","Flying Knee","Infinite Blades+1"],"picked":"Singing Bowl","floor":39},{"not_picked":["HandOfGreed","Swift Strike"],"picked":"Apotheosis+1","floor":41},{"not_picked":["Catalyst+1","Quick Slash","Prepared+1"],"picked":"Singing Bowl","floor":46},{"not_picked":["Masterful Stab+1","Deflect+1","Cloak And Dagger+1"],"picked":"Singing Bowl","floor":47},{"not_picked":["PiercingWail+1","Dodge and Roll+1","Underhanded Strike+1"],"picked":"Singing Bowl","floor":48}],"player_experience":631429,"relics_obtained":[{"floor":8.0,"key":"FossilizedHelix"},{"floor":9.0,"key":"The Courier"},{"floor":23,"key":"Orichalcum"},{"floor":26,"key":"Art of War"},{"floor":43,"key":"Darkstone Periapt"}],"event_choices":[{"damage_healed":0.0,"max_hp_gain":0.0,"max_hp_loss":0.0,"gold_gain":0.0,"event_name":"Big Fish","player_choice":"Box","floor":3.0,"gold_loss":0.0,"damage_taken":0.0,"relics_obtained":["Toxic Egg 2"],"cards_obtained":["Regret"]},{"damage_healed":0.0,"max_hp_gain":0.0,"max_hp_loss":0.0,"gold_gain":0.0,"event_name":"Shining Light","player_choice":"Entered Light","floor":4.0,"gold_loss":0.0,"damage_taken":14.0,"cards_upgraded":["Strike_G","Blade Dance"]},{"damage_healed":0.0,"max_hp_gain":0.0,"max_hp_loss":5.0,"gold_gain":0.0,"event_name":"Golden Idol","player_choice":"Lose Max HP","floor":5.0,"gold_loss":0.0,"damage_taken":0.0,"relics_obtained":["Golden Idol"]},{"damage_healed":0.0,"max_hp_gain":0.0,"max_hp_loss":0.0,"gold_gain":75.0,"event_name":"World of Goop","player_choice":"Gather Gold","floor":12.0,"gold_loss":0.0,"damage_taken":11.0},{"damage_healed":0,"gold_gain":0,"player_choice":"Paid Gold","damage_taken":0,"relics_obtained":["Singing Bowl"],"max_hp_gain":0,"max_hp_loss":0,"event_name":"WeMeetAgain","floor":19,"gold_loss":110},{"damage_healed":0,"gold_gain":0,"player_choice":"Became a Ghost","damage_taken":0,"max_hp_gain":0,"max_hp_loss":36,"event_name":"Ghosts","floor":31,"gold_loss":0,"cards_obtained":["Ghostly","Ghostly","Ghostly","Ghostly","Ghostly"]},{"damage_healed":0,"gold_gain":0,"player_choice":"Memory 1","damage_taken":0,"max_hp_gain":0,"max_hp_loss":0,"event_name":"SensoryStone","floor":41,"gold_loss":0},{"damage_healed":0,"gold_gain":0,"player_choice":"Paid","damage_taken":0,"relics_obtained":["Red Mask"],"max_hp_gain":0,"max_hp_loss":0,"event_name":"Tomb of Lord Red Mask","floor":42,"gold_loss":127},{"damage_healed":11,"gold_gain":0,"player_choice":"Writhe","damage_taken":0,"max_hp_gain":0,"max_hp_loss":0,"event_name":"Winding Halls","floor":44,"gold_loss":0,"cards_obtained":["Writhe"]}],"is_beta":false,"boss_relics":[{"not_picked":["Coffee Dripper","SacredBark"],"picked":"Empty Cage"},{"not_picked":["Snecko Eye","Pandora\u0027s Box"],"picked":"WristBlade"}],"items_purged_floors":[2,14],"is_endless":false,"potions_floor_spawned":[13,21,25,29,33,39,46],"ascension_level":9}}