{"host":"873t0y8ybyo38pfq","time":1609433706,"event":{"mods":["BaseMod","Bestiary","Colored Map","Colored Powertips","Highlight Path","Minty Spire (QoL Compilation)","Quick Restart","RNG Fix","Rare Cards Sparkle","Relic Stats","StSLib"],"gold_per_floor":[111,122,122,141,160,160,173,173,248,248,263,263,298,348,348,348,348],"floor_reached":16,"playtime":236,"items_purged":[],"score":254,"play_id":"4f4140f7-e76e-491e-b920-af247b6ee8ce","local_time":"20201231115506","is_ascension_mode":true,"campfire_choices":[{"data":"Rip and Tear","floor":6,"key":"SMITH"},{"data":"Beam Cell","floor":8,"key":"SMITH"},{"data":"Genetic Algorithm","floor":12,"key":"SMITH"},{"floor":15,"key":"DIG"}],"circlet_count":0,"master_deck":["AscendersBane","Strike_B","Strike_B+1","Strike_B+1","Defend_B","Defend_B","Defend_B","Defend_B","Zap","Dualcast","Gash","FTL","Rip and Tear+1","Beam Cell","Beam Cell+1","Streamline","Genetic Algorithm+1","Reinforced Body","Hologram"],"relics":["Cracked Core","Whetstone","Shovel","Frozen Egg 2"],"acts_visited":["Exordium"],"potions_floor_usage":[13,16],"damage_taken":[{"damage":4,"enemies":"Jaw Worm","floor":1,"turns":3},{"damage":4,"enemies":"2 Louse","floor":2,"turns":2},{"damage":1,"enemies":"Cultist","floor":4,"turns":3},{"damage":13,"enemies":"Large Slime","floor":5,"turns":3},{"damage":1,"enemies":"Looter","floor":7,"turns":2},{"damage":4,"enemies":"Red Slaver","floor":11,"turns":2},{"damage":0,"enemies":"Gremlin Nob","floor":13,"turns":2},{"damage":31,"enemies":"The Guardian","floor":16,"turns":2}],"seed_played":"8248775061116701113","potions_obtained":[{"floor":1,"key":"Ancient Potion"},{"floor":7,"key":"Swift Potion"},{"floor":13,"key":"SkillPotion"}],"is_trial":false,"path_per_floor":["M","M","?","M","M","R","M","R","T","?","M","R","E","?","R","B"],"character_chosen":"DEFECT","items_purchased":[],"campfire_rested":0,"item_purchase_floors":[],"current_hp_per_floor":[60,56,56,55,42,42,41,41,41,41,37,37,37,30,30,0,0],"gold":348,"neow_bonus":"RANDOM_COMMON_RELIC","is_daily":false,"chose_seed":false,"campfire_upgraded":3,"win_rate":0.0,"timestamp":1609433706,"path_taken":["M","M","?","M","M","R","M","R","T","?","?","R","E","?","R","BOSS"],"items_purchased_type":[],"build_version":"2020-12-22","purchased_purges":0,"victory":false,"max_hp_per_floor":[71,71,71,71,71,71,71,71,71,71,71,71,71,71,71,71,71],"relic_stats":{"Shovel":1,"counters":[8,19],"Whetstone":["Strike_B","Strike_B"],"obtain_stats":[{"Shovel":13,"Whetstone":0,"Frozen Egg 2":15,"Cracked Core":0},{"Shovel":7,"Whetstone":0,"Frozen Egg 2":7,"Cracked Core":0},{"Shovel":17,"Whetstone":0,"Frozen Egg 2":17,"Cracked Core":0}]},"card_choices":[{"not_picked":["Compile Driver","Consume"],"picked":"Gash","floor":1},{"not_picked":["Rebound","Steam"],"picked":"FTL","floor":2},{"not_picked":["Sweeping Beam","Static Discharge"],"picked":"Beam Cell","floor":4},{"not_picked":["Chaos","Cold Snap"],"picked":"Beam Cell","floor":5},{"not_picked":["Lockon","Blizzard"],"picked":"Streamline","floor":7},{"not_picked":["Darkness","Glacier"],"picked":"Reinforced Body","floor":11},{"not_picked":["Skim","Force Field"],"picked":"Hologram","floor":13}],"player_experience":1446037,"relics_obtained":[{"floor":13,"key":"Shovel"},{"floor":15,"key":"Frozen Egg 2"}],"event_choices":[{"damage_healed":0,"gold_gain":0,"player_choice":"1 cards matched","damage_taken":0,"max_hp_gain":0,"max_hp_loss":0,"event_name":"Match and Keep!","floor":3,"gold_loss":0,"cards_obtained":["Rip and Tear"]},{"damage_healed":0,"gold_gain":0,"cards_transformed":["Strike_B"],"player_choice":"Transformed","damage_taken":0,"max_hp_gain":0,"max_hp_loss":0,"event_name":"Transmorgrifier","floor":10,"gold_loss":0,"cards_obtained":["Genetic Algorithm"]},{"damage_healed":0,"gold_gain":50,"player_choice":"Touch","damage_taken":7,"max_hp_gain":0,"max_hp_loss":0,"event_name":"FaceTrader","floor":14,"gold_loss":0}],"is_beta":false,"boss_relics":[],"items_purged_floors":[],"is_endless":false,"potions_floor_spawned":[1,7,13],"killed_by":"The Guardian","ascension_level":20}}