{"host":"f5n4tidiz2n5sooh","time":1609394703,"event":{"mods":["BaseMod","Bestiary","Colored Map","Minty Spire (QoL Compilation)","Relic Stats","StSLib"],"gold_per_floor":[111,36,36,49,49,77,77,102,150,150,178,192,192,212,212,212,212],"floor_reached":16,"playtime":499,"items_purged":["Strike_P"],"score":336,"play_id":"e0add65c-0ccb-45e8-8afb-bacf47afee7b","local_time":"20201231000503","is_ascension_mode":true,"campfire_choices":[{"data":"CutThroughFate","floor":7,"key":"SMITH"},{"data":"WheelKick","floor":10,"key":"SMITH"},{"data":"WheelKick","floor":13,"key":"SMITH"},{"floor":15,"key":"REST"}],"circlet_count":0,"master_deck":["AscendersBane","Strike_P","Strike_P+1","Strike_P","Defend_P","Defend_P","Defend_P","Defend_P","Eruption","Vigilance","Meditate","FollowUp+1","CutThroughFate+1","WheelKick+1","WheelKick+1","LikeWater","FlyingSleeves"],"relics":["PureWater","NeowsBlessing","Omamori","Turnip","Art of War","Oddly Smooth Stone","Bottled Flame"],"acts_visited":["Exordium"],"potions_floor_usage":[8,11,16],"damage_taken":[{"damage":0,"enemies":"Cultist","floor":1,"turns":1},{"damage":0,"enemies":"2 Louse","floor":4,"turns":2},{"damage":0,"enemies":"Gremlin Nob","floor":6,"turns":1},{"damage":11,"enemies":"3 Sentries","floor":8,"turns":4},{"damage":0,"enemies":"Gremlin Nob","floor":11,"turns":2},{"damage":12,"enemies":"Jaw Worm","floor":12,"turns":2},{"damage":10,"enemies":"Blue Slaver","floor":14,"turns":3},{"damage":24,"enemies":"Hexaghost","floor":16,"turns":3}],"seed_played":"-5268609181102362243","potions_obtained":[{"floor":6,"key":"EssenceOfSteel"},{"floor":8,"key":"BlessingOfTheForge"},{"floor":11,"key":"SteroidPotion"}],"is_trial":false,"path_per_floor":["M","$","?","M","?","E","R","E","T","R","E","M","R","M","R","B"],"character_chosen":"WATCHER","items_purchased":[],"campfire_rested":1,"item_purchase_floors":[],"current_hp_per_floor":[61,61,56,56,36,36,36,25,25,25,25,13,13,3,23,0,0],"gold":212,"neow_bonus":"THREE_ENEMY_KILL","is_daily":false,"chose_seed":false,"campfire_upgraded":3,"win_rate":0.0,"timestamp":1609394703,"path_taken":["M","$","?","M","?","E","R","E","T","R","E","M","R","M","R","BOSS"],"items_purchased_type":[],"build_version":"2020-12-22","purchased_purges":1,"victory":false,"max_hp_per_floor":[68,68,68,68,68,68,68,68,68,68,68,68,68,68,68,68,68],"relic_stats":{"counters":[8,18],"Turnip":[0],"Art of War":[0],"obtain_stats":[{"Bottled Flame":11,"NeowsBlessing":0,"Oddly Smooth Stone":9,"Turnip":6,"Omamori":3,"Art of War":8,"PureWater":0},{"Bottled Flame":5,"NeowsBlessing":0,"Oddly Smooth Stone":4,"Turnip":3,"Omamori":1,"Art of War":4,"PureWater":0},{"Bottled Flame":10,"NeowsBlessing":0,"Oddly Smooth Stone":8,"Turnip":4,"Omamori":1,"Art of War":8,"PureWater":0}]},"card_choices":[{"not_picked":["Prostrate","Protect"],"picked":"Meditate","floor":1},{"not_picked":["JustLucky","Establishment"],"picked":"FollowUp","floor":4},{"not_picked":["Prostrate","Crescendo"],"picked":"CutThroughFate","floor":6},{"not_picked":["Worship","PathToVictory"],"picked":"WheelKick","floor":8},{"not_picked":["ClearTheMind","WreathOfFlame"],"picked":"WheelKick","floor":11},{"not_picked":["Protect","DeceiveReality"],"picked":"LikeWater","floor":12},{"not_picked":["Nirvana","Crescendo"],"picked":"FlyingSleeves","floor":14}],"player_experience":1955118,"relics_obtained":[{"floor":6,"key":"Turnip"},{"floor":8,"key":"Art of War"},{"floor":9,"key":"Oddly Smooth Stone"},{"floor":11,"key":"Bottled Flame"}],"event_choices":[{"damage_healed":0,"gold_gain":0,"player_choice":"Success","damage_taken":5,"relics_obtained":["Omamori"],"max_hp_gain":0,"max_hp_loss":0,"event_name":"Scrap Ooze","floor":3,"gold_loss":0},{"damage_healed":0,"gold_gain":0,"player_choice":"Entered Light","damage_taken":20,"max_hp_gain":0,"max_hp_loss":0,"event_name":"Shining Light","floor":5,"gold_loss":0,"cards_upgraded":["Strike_P","FollowUp"]}],"is_beta":false,"boss_relics":[],"items_purged_floors":[2],"is_endless":false,"potions_floor_spawned":[6,8,11],"killed_by":"Hexaghost","ascension_level":20}}