{"host":"ci7ivtocgfxh0ueo","time":1609385381,"event":{"mods":["BaseMod","GifTheSpireLib","Minty Spire (QoL Compilation)","StSLib"],"gold_per_floor":[109,123,11,11,11,11,39,39,90,90,109,124,153,170,170,243,243,254,254,267,25,36,36,36,47,47,47,47,97,97,109,109,182,182,194,194,26,46,46,65,75,20,20,0,0,0,34,34,34,34,34],"floor_reached":50,"playtime":1317,"items_purged":[],"score":909,"play_id":"439797f7-d6d0-4e1d-8561-98cb128dfcab","local_time":"20201231112941","is_ascension_mode":true,"campfire_choices":[{"data":"Armaments","floor":6,"key":"SMITH"},{"data":"Uppercut","floor":8,"key":"SMITH"},{"data":"Seeing Red","floor":15,"key":"SMITH"},{"data":"Deep Breath","floor":23,"key":"SMITH"},{"data":"Infernal Blade","floor":27,"key":"SMITH"},{"data":"Corruption","floor":32,"key":"SMITH"},{"floor":45,"key":"REST"},{"data":"Demon Form","floor":49,"key":"SMITH"}],"circlet_count":0,"master_deck":["AscendersBane","Bash","Demon Form+1","Pommel Strike","Searing Blow","Iron Wave","Uppercut+1","Havoc","Rampage","Cleave","Armaments+1","Seeing Red+1","Bludgeon","Impervious+1","Metallicize+1","Fiend Fire+1","Flex","Heavy Blade+1","Deep Breath+1","Reaper","Spot Weakness","Infernal Blade+1","Corruption+1","Feed","Havoc+1","Panacea","Havoc","Dropkick","Seeing Red","Flame Barrier"],"relics":["Pandora\u0027s Box","Eternal Feather","Pear","Happy Flower","Dream Catcher","Astrolabe","Ornamental Fan","Charon\u0027s Ashes","SlaversCollar","Lee\u0027s Waffle","The Courier","Red Mask","Bottled Flame"],"acts_visited":["Exordium","TheCity","TheBeyond"],"potions_floor_usage":[13,16,18,18,20,22,25,31,35,47,50,50],"damage_taken":[{"damage":1,"enemies":"Cultist","floor":1,"turns":3},{"damage":7,"enemies":"Jaw Worm","floor":2,"turns":2},{"damage":23,"enemies":"Lagavulin","floor":7,"turns":6},{"damage":0,"enemies":"2 Louse","floor":11,"turns":2},{"damage":0,"enemies":"Exordium Wildlife","floor":12,"turns":2},{"damage":21,"enemies":"3 Sentries","floor":13,"turns":5},{"damage":17,"enemies":"Looter","floor":14,"turns":3},{"damage":34,"enemies":"The Guardian","floor":16,"turns":7},{"damage":0,"enemies":"2 Thieves","floor":18,"turns":2},{"damage":24,"enemies":"3 Byrds","floor":20,"turns":5},{"damage":2,"enemies":"Centurion and Healer","floor":22,"turns":7},{"damage":38,"enemies":"3 Cultists","floor":25,"turns":5},{"damage":6,"enemies":"Cultist and Chosen","floor":31,"turns":4},{"damage":61,"enemies":"Collector","floor":33,"turns":8},{"damage":12,"enemies":"3 Shapes","floor":35,"turns":3},{"damage":3,"enemies":"Orb Walker","floor":38,"turns":3},{"damage":43,"enemies":"Jaw Worm Horde","floor":40,"turns":5},{"damage":56,"enemies":"3 Darklings","floor":41,"turns":6},{"damage":40,"enemies":"Nemesis","floor":47,"turns":5},{"damage":117,"enemies":"Time Eater","floor":50,"turns":7}],"seed_played":"1780971114170091628","potions_obtained":[{"floor":1,"key":"PowerPotion"},{"floor":16,"key":"EntropicBrew"},{"floor":20,"key":"Fire Potion"},{"floor":25,"key":"Energy Potion"},{"floor":33,"key":"GamblersBrew"},{"floor":41,"key":"Swift Potion"},{"floor":47,"key":"BloodPotion"}],"is_trial":false,"path_per_floor":["M","M","$","?","?","R","E","R","T","?","M","M","E","M","R","B",null,"M","?","M","$","M","R","?","M","T","R","?","?","?","M","R","B",null,"M","?","$","M","?","M","M","$","T","?","R","$","E","?","R","B"],"character_chosen":"IRONCLAD","items_purchased":["Armaments","BlessingOfTheForge","Deep Breath","Reaper","Weak Potion","Lee\u0027s Waffle","Dexterity Potion"],"campfire_rested":1,"item_purchase_floors":[3,3,21,21,21,37,42],"current_hp_per_floor":[67,60,60,55,75,75,62,68,68,68,68,68,47,30,39,5,65,65,82,58,58,62,74,74,50,50,62,62,62,62,56,68,11,67,65,65,92,89,89,50,5,5,5,5,48,48,18,82,82,0,0],"gold":34,"neow_bonus":"BOSS_RELIC","is_daily":false,"chose_seed":false,"campfire_upgraded":7,"win_rate":0.0,"timestamp":1609385381,"path_taken":["M","M","$","?","?","R","E","R","T","?","?","M","E","M","R","BOSS","M","?","M","$","M","R","?","M","T","R","?","?","?","?","R","BOSS","M","?","$","M","?","M","M","$","T","?","R","?","E","?","R","BOSS"],"items_purchased_type":["Card","Potion","Card","Card","Potion","Relic","Potion"],"build_version":"2020-12-22","purchased_purges":0,"victory":false,"max_hp_per_floor":[75,75,75,75,75,75,85,85,85,85,85,85,85,85,85,85,85,85,85,85,85,85,85,85,85,85,85,85,85,85,85,85,85,85,85,85,92,92,92,96,96,96,96,96,96,96,100,82,82,82,82],"card_choices":[{"not_picked":["Feel No Pain","Shrug It Off"],"picked":"Rampage","floor":1},{"not_picked":["Havoc","Perfected Strike"],"picked":"Cleave","floor":2},{"not_picked":["Twin Strike","Burning Pact","Thunderclap"],"picked":"SKIP","floor":7},{"not_picked":["Headbutt","Pommel Strike"],"picked":"Seeing Red","floor":11},{"not_picked":["Thunderclap","Dual Wield","Iron Wave"],"picked":"SKIP","floor":12},{"not_picked":["Iron Wave","Twin Strike"],"picked":"Warcry","floor":13},{"not_picked":["Bloodletting","Headbutt","Sentinel"],"picked":"SKIP","floor":14},{"not_picked":["Demon Form","Fiend Fire"],"picked":"Bludgeon","floor":16},{"not_picked":["Body Slam","Whirlwind"],"picked":"Flex","floor":18},{"not_picked":["Fire Breathing","Clash"],"picked":"Heavy Blade+1","floor":20},{"not_picked":["True Grit","Pummel"],"picked":"Spot Weakness","floor":22},{"not_picked":["Hemokinesis","Ghostly Armor"],"picked":"Infernal Blade","floor":25},{"not_picked":["Body Slam","Clothesline"],"picked":"Corruption","floor":31},{"not_picked":["Fiend Fire","Berserk"],"picked":"Feed","floor":33},{"not_picked":["Combust+1","Flex","Anger"],"picked":"SKIP","floor":35},{"not_picked":["Perfected Strike","Uppercut"],"picked":"Havoc+1","floor":38},{"not_picked":["Bandage Up","Deep Breath"],"picked":"Panacea","floor":39},{"not_picked":["Clash","Flex+1"],"picked":"Havoc","floor":40},{"not_picked":["Clash+1","Clothesline"],"picked":"Dropkick","floor":41},{"not_picked":["Inflame","Iron Wave"],"picked":"Seeing Red","floor":45},{"not_picked":["True Grit","Thunderclap"],"picked":"Flame Barrier","floor":47}],"player_experience":1313589,"relics_obtained":[{"floor":7,"key":"Pear"},{"floor":9,"key":"Happy Flower"},{"floor":13,"key":"Dream Catcher"},{"floor":26,"key":"Ornamental Fan"},{"floor":43,"key":"The Courier"},{"floor":47,"key":"Bottled Flame"}],"event_choices":[{"damage_healed":0,"gold_gain":0,"player_choice":"Success","damage_taken":5,"relics_obtained":["Eternal Feather"],"max_hp_gain":0,"max_hp_loss":0,"event_name":"Scrap Ooze","floor":4,"gold_loss":0},{"damage_healed":25,"gold_gain":0,"player_choice":"Banana","damage_taken":0,"max_hp_gain":0,"max_hp_loss":0,"event_name":"Big Fish","floor":5,"gold_loss":0},{"damage_healed":0,"gold_gain":0,"player_choice":"Ignored","damage_taken":0,"max_hp_gain":0,"max_hp_loss":0,"event_name":"Golden Idol","floor":10,"gold_loss":0},{"damage_healed":17,"gold_gain":0,"player_choice":"Heal","damage_taken":0,"max_hp_gain":0,"max_hp_loss":0,"event_name":"The Library","floor":19,"gold_loss":0},{"cards_removed":["Warcry"],"damage_healed":0,"gold_gain":0,"player_choice":"Elegance","damage_taken":0,"max_hp_gain":0,"max_hp_loss":0,"event_name":"Back to Basics","floor":24,"gold_loss":0},{"damage_healed":0,"gold_gain":0,"player_choice":"Stole Relic","damage_taken":0,"relics_obtained":["Charon\u0027s Ashes"],"max_hp_gain":0,"max_hp_loss":0,"event_name":"Addict","floor":28,"gold_loss":0,"cards_obtained":["Shame"]},{"damage_healed":0,"gold_gain":50,"player_choice":"Stole From Cult","damage_taken":0,"max_hp_gain":0,"max_hp_loss":0,"event_name":"Nest","floor":29,"gold_loss":0},{"cards_removed":["Shame"],"damage_healed":0,"gold_gain":0,"player_choice":"Removed Curses","damage_taken":0,"max_hp_gain":0,"max_hp_loss":0,"event_name":"Fountain of Cleansing","floor":30,"gold_loss":0},{"damage_healed":0,"gold_gain":0,"player_choice":"Ignored","damage_taken":0,"max_hp_gain":0,"max_hp_loss":0,"event_name":"Mysterious Sphere","floor":36,"gold_loss":0},{"damage_healed":0,"gold_gain":0,"player_choice":"Memory 1","damage_taken":0,"max_hp_gain":0,"max_hp_loss":0,"event_name":"SensoryStone","floor":39,"gold_loss":0},{"damage_healed":0,"gold_gain":0,"player_choice":"Paid","damage_taken":0,"relics_obtained":["Red Mask"],"max_hp_gain":0,"max_hp_loss":0,"event_name":"Tomb of Lord Red Mask","floor":44,"gold_loss":20},{"damage_healed":82,"gold_gain":0,"player_choice":"Heal","damage_taken":0,"max_hp_gain":0,"max_hp_loss":18,"event_name":"The Moai Head","floor":48,"gold_loss":0}],"is_beta":false,"boss_relics":[{"not_picked":["Coffee Dripper","Empty Cage"],"picked":"Astrolabe"},{"not_picked":["Snecko Eye","Runic Pyramid"],"picked":"SlaversCollar"}],"items_purged_floors":[],"is_endless":false,"potions_floor_spawned":[1,12,16,20,25,33,41,47],"killed_by":"Time Eater","ascension_level":17}}