{"host":"f6tqpspb2ou2a4h5","time":1609407049,"event":{"mods":["2.2 Compatiblity","Ascension Unlocker","BaseMod","Colored Map","DeckTracker","Hermit","Highlight Path","KOR Keyword Fix","Keyboard Shortcuts","Minty Spire (QoL Compilation)","Permanent Neow","Quick Restart","Random Character Button","StSLib","SuperFastMode","The Poker Player","everything is the same but u backflip on backflip"],"gold_per_floor":[368,443,453,46,46,46,75,75,75,89,117,117,151,169,169,270,270,289,141,160,160,171,201,211,231,279,279,279,296,324,336,336,336,336],"floor_reached":33,"playtime":1565,"items_purged":["Shame","Strike_B"],"score":501,"play_id":"6feac45a-695e-4fa3-96b1-d61562142df2","local_time":"20201231183049","is_ascension_mode":true,"campfire_choices":[{"floor":6,"key":"REST"},{"data":"Fusion","floor":8,"key":"SMITH"},{"data":"Zap","floor":15,"key":"SMITH"},{"floor":28,"key":"REST"},{"floor":32,"key":"REST"}],"circlet_count":0,"master_deck":["AscendersBane","Strike_B","Strike_B","Strike_B","Defend_B","Defend_B","Defend_B","Defend_B","Zap+1","Dualcast","Ball Lightning","Chill+1","Apotheosis+1","Rip and Tear","Flash of Steel","Fusion+1","BootSequence","Capacitor","Gash","Seek","Steam","Sweeping Beam","Hologram","Gash+1","Seek","Gash","Reprogram+1","Gash+1"],"relics":["Cracked Core","Shuriken","Meat on the Bone","Lantern","Pantograph","TungstenRod","Fusion Hammer","Happy Flower","Centennial Puzzle","Sundial"],"acts_visited":["Exordium","TheCity"],"potions_floor_usage":[29,30],"damage_taken":[{"damage":13,"enemies":"Jaw Worm","floor":1,"turns":3},{"damage":9,"enemies":"2 Louse","floor":3,"turns":2},{"damage":1,"enemies":"3 Sentries","floor":7,"turns":6},{"damage":0,"enemies":"Cultist","floor":10,"turns":3},{"damage":16,"enemies":"Gremlin Nob","floor":11,"turns":4},{"damage":14,"enemies":"Lagavulin","floor":13,"turns":5},{"damage":0,"enemies":"Blue Slaver","floor":14,"turns":4},{"damage":27,"enemies":"Hexaghost","floor":16,"turns":10},{"damage":26,"enemies":"Shell Parasite","floor":18,"turns":6},{"damage":0,"enemies":"Spheric Guardian","floor":20,"turns":3},{"damage":7,"enemies":"Chosen and Byrds","floor":22,"turns":7},{"damage":17,"enemies":"Slavers","floor":23,"turns":7},{"damage":5,"enemies":"Snake Plant","floor":24,"turns":4},{"damage":4,"enemies":"Centurion and Healer","floor":25,"turns":6},{"damage":23,"enemies":"Snecko","floor":29,"turns":5},{"damage":25,"enemies":"Gremlin Leader","floor":30,"turns":7},{"damage":21,"enemies":"Snake Plant","floor":31,"turns":4},{"damage":75,"enemies":"Automaton","floor":33,"turns":8}],"seed_played":"3176124927417292687","potions_obtained":[{"floor":7,"key":"Weak Potion"},{"floor":10,"key":"Energy Potion"},{"floor":14,"key":"ColorlessPotion"},{"floor":22,"key":"AttackPotion"},{"floor":31,"key":"FearPotion"}],"is_trial":false,"path_per_floor":["M","?","M","$","?","R","E","R","T","M","E","?","E","M","R","B",null,"M","$","M","?","M","E","M","M","T","?","R","M","E","M","R","B"],"character_chosen":"DEFECT","items_purchased":["Apotheosis","Rip and Tear","Flash of Steel","Sweeping Beam"],"campfire_rested":3,"item_purchase_floors":[4,4,4,19],"current_hp_per_floor":[55,44,35,35,20,42,41,41,41,41,37,34,32,44,44,42,67,41,41,41,41,46,41,48,44,44,44,66,43,30,21,43,0,0],"gold":336,"neow_bonus":"TWO_FIFTY_GOLD","is_daily":false,"chose_seed":false,"campfire_upgraded":2,"win_rate":0.0,"timestamp":1609407049,"path_taken":["M","?","M","$","?","R","E","R","T","M","E","?","E","M","R","BOSS","M","$","M","?","M","E","M","M","T","?","R","M","E","M","R","BOSS"],"items_purchased_type":["Card","Card","Card","Card"],"build_version":"2020-12-22","purchased_purges":2,"victory":false,"max_hp_per_floor":[75,75,75,75,75,75,75,75,75,75,75,75,75,75,75,75,75,75,75,75,75,75,75,75,75,75,75,75,75,75,75,75,75,75],"card_choices":[{"not_picked":["Turbo","Go for the Eyes"],"picked":"Ball Lightning","floor":1},{"not_picked":["Redo","Stack"],"picked":"Chill","floor":3},{"not_picked":["Meteor Strike","Rebound"],"picked":"Fusion","floor":7},{"not_picked":["Reprogram","Ball Lightning"],"picked":"BootSequence","floor":10},{"not_picked":["Heatsinks","Blizzard"],"picked":"Capacitor","floor":11},{"not_picked":["Ball Lightning","Auto Shields"],"picked":"Gash","floor":14},{"not_picked":["Multi-Cast","Biased Cognition"],"picked":"Seek","floor":16},{"not_picked":["Steam Power","Force Field"],"picked":"Steam","floor":18},{"not_picked":["Sweeping Beam","Barrage"],"picked":"Hologram","floor":20},{"not_picked":["Go for the Eyes","Rainbow","Barrage"],"picked":"SKIP","floor":22},{"not_picked":["Rebound","All For One","Reprogram"],"picked":"SKIP","floor":23},{"not_picked":["Sweeping Beam","Barrage","Coolheaded"],"picked":"SKIP","floor":24},{"not_picked":["Aggregate","Loop"],"picked":"Gash+1","floor":25},{"not_picked":["Amplify","Rip and Tear"],"picked":"Gash","floor":29},{"not_picked":["Go for the Eyes","White Noise"],"picked":"Reprogram+1","floor":30},{"not_picked":["Cold Snap","Go for the Eyes+1"],"picked":"Gash+1","floor":31}],"player_experience":116579,"relics_obtained":[{"floor":7,"key":"Shuriken"},{"floor":9,"key":"Meat on the Bone"},{"floor":11,"key":"Lantern"},{"floor":13,"key":"TungstenRod"},{"floor":23,"key":"Happy Flower"},{"floor":26,"key":"Centennial Puzzle"},{"floor":30,"key":"Sundial"}],"event_choices":[{"damage_healed":0,"gold_gain":75,"player_choice":"Gather Gold","damage_taken":11,"max_hp_gain":0,"max_hp_loss":0,"event_name":"World of Goop","floor":2,"gold_loss":0},{"damage_healed":0,"gold_gain":0,"player_choice":"Entered Light","damage_taken":15,"max_hp_gain":0,"max_hp_loss":0,"event_name":"Shining Light","floor":5,"gold_loss":0,"cards_upgraded":["Apotheosis","Chill"]},{"damage_healed":0,"gold_gain":0,"player_choice":"Success","damage_taken":3,"relics_obtained":["Pantograph"],"max_hp_gain":0,"max_hp_loss":0,"event_name":"Scrap Ooze","floor":12,"gold_loss":0},{"damage_healed":0,"gold_gain":0,"player_choice":"Ignored","damage_taken":0,"max_hp_gain":0,"max_hp_loss":0,"event_name":"Ghosts","floor":21,"gold_loss":0},{"damage_healed":0,"gold_gain":0,"player_choice":"Copied","damage_taken":0,"max_hp_gain":0,"max_hp_loss":0,"event_name":"Duplicator","floor":27,"gold_loss":0,"cards_obtained":["Seek"]}],"is_beta":false,"boss_relics":[{"not_picked":["Velvet Choker","Tiny House"],"picked":"Fusion Hammer"}],"items_purged_floors":[4,19],"is_endless":false,"potions_floor_spawned":[7,10,11,14,16,22,23,25,31],"killed_by":"Automaton","ascension_level":11}}