{"host":"1zfbckszmdcrhnfi","time":1609448892,"event":{"mods":["AchievementEnabler","BaseMod","Colored Map","Downfall","Marisa£®ÏF”Í°°ƒß¿Ì…≥£©","Minty Spire (QoL Compilation)","Replay The Spire","Shop Mod","StSLib","The Cursed","The Servant 0.9.4"],"gold_per_floor":[112,132,144,161,180,180,242,242,242,242,271,221,66,93,93,93,93],"floor_reached":16,"playtime":1009,"items_purged":["TheCursedMod:Strike_TheCursed"],"score":116,"play_id":"36eb8121-326c-4847-95bf-ab316859935f","local_time":"20210101050812","is_ascension_mode":true,"campfire_choices":[{"floor":6.0,"key":"RECALL"},{"floor":8,"key":"REST"},{"data":"TheCursedMod:TroublousMinions","floor":10,"key":"SMITH"},{"floor":15,"key":"REST"}],"circlet_count":0,"master_deck":["TheCursedMod:Strike_TheCursed","TheCursedMod:Strike_TheCursed","TheCursedMod:Strike_TheCursed","TheCursedMod:Defend_TheCursed","TheCursedMod:Defend_TheCursed","TheCursedMod:Defend_TheCursed","TheCursedMod:CursedWand","TheCursedMod:CleanUpWorkshop","TheCursedMod:Dregs","Slimebound:Icky","TheCursedMod:WearCloak","TheCursedMod:SmokeScreen","TheCursedMod:CursedShiv","TheCursedMod:SurpriseAttack","TheCursedMod:TroublousMinions+1","TheCursedMod:Obscuration","TheCursedMod:CursedBlade","TheCursedMod:HellfireBreathing"],"relics":["TheCursedMod:BlackMagic101","Ginger","ReplayTheSpireMod:Lightbulb","Garlic","MealTicket"],"acts_visited":["Exordium"],"potions_floor_usage":[7,11,16],"damage_taken":[{"damage":0.0,"enemies":"2 Louse","floor":1.0,"turns":3.0},{"damage":0.0,"enemies":"Small Slimes","floor":2.0,"turns":5.0},{"damage":3.0,"enemies":"Jaw Worm","floor":3.0,"turns":7.0},{"damage":0.0,"enemies":"3 Louse","floor":4.0,"turns":5.0},{"damage":14.0,"enemies":"Gremlin Gang","floor":5.0,"turns":8.0},{"damage":22,"enemies":"Gremlin Nob","floor":7,"turns":5},{"damage":1,"enemies":"3 Sentries","floor":11,"turns":13},{"damage":29,"enemies":"Gremlin Nob","floor":14,"turns":7},{"damage":53,"enemies":"Hexaghost","floor":16,"turns":16}],"seed_played":"-4506870786195429864","potions_obtained":[{"floor":5.0,"key":"SteroidPotion"},{"floor":7,"key":"EssenceOfSteel"},{"floor":14,"key":"EssenceOfSteel"}],"is_trial":false,"path_per_floor":["M","M","M","M","M","R","?","R","T","R","E","?","$","E","R","B"],"character_chosen":"THE_CURSED","items_purchased":["TheCursedMod:HellfireBreathing"],"campfire_rested":2,"item_purchase_floors":[13],"current_hp_per_floor":[75,75,72,72,58,58,36,58,58,58,57,57,57,28,50,0,0],"gold":93,"neow_bonus":"ONE_RARE_RELIC","is_daily":false,"chose_seed":false,"campfire_upgraded":1,"win_rate":0.0,"timestamp":1609448892,"path_taken":["M","M","M","M","M","R","?","R","T","R","E","?","$","E","R","BOSS"],"items_purchased_type":["Card"],"build_version":"2020-12-22","purchased_purges":1,"victory":false,"max_hp_per_floor":[75,75,75,75,75,75,75,75,75,75,75,75,75,75,75,75,75],"card_choices":[{"not_picked":["TheCursedMod:CursedShiv","TheCursedMod:AbyssShockwave"],"picked":"TheCursedMod:WearCloak","floor":1.0},{"not_picked":["TheCursedMod:Stretching","TheCursedMod:RapidMovement"],"picked":"TheCursedMod:SmokeScreen","floor":2.0},{"not_picked":["TheCursedMod:ReleasedKnowledge","TheCursedMod:CircleOfCorruption"],"picked":"TheCursedMod:CursedShiv","floor":3.0},{"not_picked":["TheCursedMod:EmpowerCircles","TheCursedMod:RapidMovement"],"picked":"TheCursedMod:SurpriseAttack","floor":4.0},{"not_picked":["TheCursedMod:ReleasedKnowledge","TheCursedMod:Neurasthenia"],"picked":"TheCursedMod:TroublousMinions","floor":5.0},{"not_picked":["TheCursedMod:RapidMovement","TheCursedMod:TacticalStrike"],"picked":"TheCursedMod:Obscuration","floor":7},{"not_picked":["TheCursedMod:Grudge","TheCursedMod:CircleOfAmplification"],"picked":"TheCursedMod:CursedBlade","floor":11},{"not_picked":["TheCursedMod:StingEye","TheCursedMod:SpitefulStrike","TheCursedMod:SmokeScreen"],"picked":"SKIP","floor":14}],"player_experience":178433,"relics_obtained":[{"floor":7,"key":"ReplayTheSpireMod:Lightbulb"},{"floor":11,"key":"Garlic"},{"floor":14,"key":"MealTicket"}],"event_choices":[{"damage_healed":0,"gold_gain":0,"player_choice":"Searched \u00271\u0027 times","damage_taken":0,"max_hp_gain":0,"max_hp_loss":0,"event_name":"Dead Adventurer","floor":7,"gold_loss":0},{"cards_removed":["TheCursedMod:Defend_TheCursed"],"damage_healed":0,"gold_gain":0,"player_choice":"Card Removal","damage_taken":0,"max_hp_gain":0,"max_hp_loss":0,"event_name":"The Cleric","floor":12,"gold_loss":50}],"is_beta":false,"boss_relics":[],"items_purged_floors":[13],"is_endless":false,"potions_floor_spawned":[5,7,14],"killed_by":"Hexaghost","ascension_level":1}}