{"host":"bu0lvejwxlz725fi","time":1609436272,"event":{"mods":["AchievementEnabler","BaseMod","Downfall","Marisa????????","Minty Spire (QoL Compilation)","StSLib","The Disciple","The Hierophant","The Necromancer","The Senshi","The Servant 0.9.4"],"gold_per_floor":[115,136,4,39,39,66,108,174,174,200,224,224,259,275,275,185,185],"floor_reached":16,"playtime":1335,"items_purged":[],"score":141,"play_id":"7d974a56-0871-4277-ab2a-2a7004673166","local_time":"20201231183752","is_ascension_mode":false,"campfire_choices":[{"floor":12,"key":"REST"},{"data":"hierophant:WrathOfGod","floor":15,"key":"SMITH"}],"circlet_count":0,"master_deck":["hierophant:Strike_Hierophant","hierophant:Strike_Hierophant","hierophant:Strike_Hierophant","hierophant:Strike_Hierophant","hierophant:Punish","hierophant:Defend_Hierophant","hierophant:Defend_Hierophant","hierophant:Defend_Hierophant","hierophant:Defend_Hierophant","hierophant:ChurchCoffers","hierophant:Doubloon","hierophant:Remorse","hierophant:Community","hierophant:Smite","hierophant:Martyrdom","hierophant:Doubloon","hierophant:Doubloon","hierophant:Generosity","hierophant:Smite","hierophant:RustyCrate","hierophant:Doubloon","hierophant:Doubloon","hierophant:Sermon","hierophant:WrathOfGod+1","hierophant:HolyVerse","hierophant:Zeal","hierophant:DivineIntervention"],"relics":["hierophant:PropheticMaskRelic","NeowsBlessing","InkBottle","Matryoshka","Happy Flower"],"acts_visited":["Exordium"],"potions_floor_usage":[6,10,10,16],"damage_taken":[{"damage":0,"enemies":"2 Louse","floor":1,"turns":1},{"damage":0,"enemies":"Cultist","floor":2,"turns":1},{"damage":0,"enemies":"Jaw Worm","floor":4,"turns":1},{"damage":31,"enemies":"Lagavulin","floor":6,"turns":6},{"damage":10,"enemies":"Exordium Wildlife","floor":7,"turns":4},{"damage":0,"enemies":"2 Fungi Beasts","floor":8,"turns":2},{"damage":13,"enemies":"3 Sentries","floor":10,"turns":4},{"damage":2,"enemies":"Blue Slaver","floor":11,"turns":3},{"damage":0,"enemies":"3 Louse","floor":13,"turns":4},{"damage":0,"enemies":"Large Slime","floor":14,"turns":5},{"damage":54,"enemies":"The Guardian","floor":16,"turns":5}],"seed_played":"59570606373948194","potions_obtained":[{"floor":1,"key":"Fire Potion"},{"floor":2,"key":"CultistPotion"},{"floor":8,"key":"champ:CounterPotion"},{"floor":10,"key":"Strength Potion"}],"is_trial":false,"path_per_floor":["M","M","$","M","?","E","M","M","T","E","M","R","M","M","R","B"],"character_chosen":"HIEROPHANT","items_purchased":["hierophant:Smite","hierophant:Martyrdom","hierophant:Doubloon"],"campfire_rested":1,"item_purchase_floors":[3,3,3],"current_hp_per_floor":[75,75,75,75,75,44,34,34,34,21,19,41,41,41,41,0,0],"gold":185,"neow_bonus":"THREE_ENEMY_KILL","is_daily":false,"chose_seed":false,"campfire_upgraded":1,"win_rate":0.0,"timestamp":1609436272,"path_taken":["M","M","$","M","?","E","M","M","T","E","?","R","M","M","R","BOSS"],"items_purchased_type":["Card","Card","Card"],"build_version":"2020-12-22","purchased_purges":0,"victory":false,"max_hp_per_floor":[75,75,75,75,75,75,75,75,75,75,75,75,75,75,75,75,75],"card_choices":[{"not_picked":["hierophant:Mercenaries","hierophant:SecretStash"],"picked":"hierophant:Remorse","floor":1},{"not_picked":["hierophant:CoinFling","hierophant:Shelter"],"picked":"hierophant:Community","floor":2},{"not_picked":["hierophant:Flagellation","hierophant:FaithHealing"],"picked":"hierophant:Generosity","floor":4},{"not_picked":["hierophant:HammerAndAnvil","hierophant:ThreeLashes"],"picked":"hierophant:Smite","floor":6},{"not_picked":["hierophant:PassingBell","hierophant:Rebuild"],"picked":"hierophant:RustyCrate","floor":7},{"not_picked":["hierophant:Chorus","hierophant:Remorse"],"picked":"hierophant:Sermon","floor":8},{"not_picked":["hierophant:Encroach","hierophant:RecallFunds"],"picked":"hierophant:WrathOfGod","floor":10},{"not_picked":["hierophant:Sermon","hierophant:RepressedViolence"],"picked":"hierophant:HolyVerse","floor":11},{"not_picked":["hierophant:HammerAndAnvil","hierophant:Glossolalia"],"picked":"hierophant:Zeal","floor":13},{"not_picked":["hierophant:CursedGold","hierophant:Smite"],"picked":"hierophant:DivineIntervention","floor":14}],"player_experience":133174,"relics_obtained":[{"floor":6,"key":"InkBottle"},{"floor":9,"key":"Matryoshka"},{"floor":10,"key":"Happy Flower"}],"event_choices":[{"damage_healed":0,"gold_gain":0,"player_choice":"Ignored","damage_taken":0,"max_hp_gain":0,"max_hp_loss":0,"event_name":"NoteForYourself","floor":5,"gold_loss":0}],"is_beta":false,"boss_relics":[],"items_purged_floors":[],"is_endless":false,"potions_floor_spawned":[1,2,8,10],"killed_by":"The Guardian","ascension_level":0}}