{"host":"4vq2xwkpdrxril92","time":1609444164,"event":{"mods":["BaseMod","Card Forge","Energized Spire","Hubris","Infinite Spire","Minty Spire (QoL Compilation)","Quick Restart","Shop Mod","StSLib","The Cursed"],"gold_per_floor":[147,189,364,85,85,187,271,322,398,488,569,388,475,574,574,868,868,901,748,748,748,748,841,874,955,1006,1111,1201,1291,1393,1393,1393,1687,1687,1732,1787,1799,1811,1499,1589,1667,1165,1165,1264,1360,1435,1510,1603,1603,1894,1894,1917,1818,1818,1993,1720,1777,1806,1906,1906,1966,1966,2301,2386,2441,2441,2730,2880,2913,5215,5048,5083,5135,5182,5191,5277,5302,5302,5302,5347,5347,5380,5380,5642,5642,5671,5671,5522,5522,5534,5601,5601,5601,5601,5601,5326,5326,5326,5353,5353,5640,5640,5682,5682,5608,5631,5631,5697,5697,5544,5568,5552,5552,5641,5749,5749,5749,6038,6038,6089,6188,6259,6259,6139,6195,6195,6373,6738,6823,6823,6915,6948,6724,6724,7009,7009,7032,7041,7350,7490,7517,7591,7988,7988,8022,8022,7996,8005,8007,7892,7892,8173,8173,8173,8116,8191,8491],"floor_reached":158,"playtime":12022,"items_purged":[],"score":5258,"play_id":"b1c16972-ca7b-4275-9865-5ff9ef669196","local_time":"20210101044924","daily_mods":["Vintage","Heirloom","Time Dilation","Flight","Cursed Run","Elite Swarm","Lethality","Midas"],"is_ascension_mode":false,"campfire_choices":[{"floor":15.0,"key":"REST"},{"floor":32.0,"key":"REST"},{"floor":49.0,"key":"DIG"},{"floor":66.0,"key":"DIG"},{"floor":81.0,"key":"DIG"},{"floor":83.0,"key":"DIG"},{"floor":92.0,"key":"DIG"},{"floor":100.0,"key":"DIG"},{"floor":117.0,"key":"DIG"},{"floor":134.0,"key":"DIG"},{"floor":144,"key":"DIG"},{"floor":146,"key":"DIG"},{"floor":151,"key":"DIG"},{"floor":154,"key":"DIG"}],"circlet_count":3,"master_deck":["Corpse Explosion+1","Burst+1","Genetic Algorithm+1","Exhume+1","TheCursedMod:NeowsMight+1","TheCursedMod:NeowsMight+1","TheCursedMod:CircleOfWindfury+1","Catalyst+1","hubris:DuctTapeCard","Pain"],"relics":["Cursed Key","Darkstone Periapt","Hammer of Thor","Seething Fire","Anvil of the Gods","The Specimen","Orichalcum","HornCleat","Snake Skull","MerchantsRug","WarpedTongs","Tiny Chest","infinitespire:ShieldingShard","PreservedInsect","Bag of Marbles","hubris:SlimyHat","Chemical X","Lantern","Frozen Egg 2","Bronze Scales","TwistedFunnel","Bag of Preparation","Medical Kit","Nunchaku","hubris:CuriousFeather","Blood Vial","Toy Ornithopter","Regal Pillow","Busted Crown","Shovel","Ornamental Fan","Gremlin Horn","FossilizedHelix","Art of War","OrangePellets","Shuriken","Pen Nib","hubris:BundleOfHerbs","Ice Cream","Mercury Hourglass","infinitespire:Lychee Nut","Pantograph","Letter Opener","energizedSpire:NeverEndingSparkler","infinitespire:Beetle Shell","Dream Catcher","infinitespire:WardingShard","Membership Card","infinitespire:Midas Blood","infinitespire:WardingShard","Smiling Mask","hubris:Reverence","Sundial","StrikeDummy","Mummified Hand","infinitespire:Lucky Rock","hubris:EmptyBottle","Akabeko","Anchor","Boot","infinitespire:PuzzleCube","Unceasing Top","Toxic Egg 2","hubris:Metronome","TheAbacus","hubris:TenFootPole","hubris:DuctTape","Oddly Smooth Stone","Meat on the Bone","Ancient Tea Set","Happy Flower","Tingsha","hubris:ToyBattleship","Question Card","infinitespire:Eraser","HandDrill","hubris:Icosahedron","hubris:DisguiseKit","White Beast Statue","Black Star","hubris:SphereOfDissonance","hubris:HerbalPaste","hubris:OldNail","Juzu Bracelet","MealTicket","Torii","Bird Faced Urn","Vajra","hubris:Towel","Centennial Puzzle","energizedSpire:HighHeels","infinitespire:EmpoweringShard","infinitespire:FocusingShard","CeramicFish","Sling","The Courier","Thread and Needle","hubris:MobiusCoin","Blue Candle","Eternal Feather","Paper Crane","infinitespire:BottledMercury","Peace Pipe","SacredBark","Bottled Lightning","infinitespire:Bottled Soul","Singing Bowl","hubris:PeanutButter","hubris:MedicalManual","Mango","Fusion Hammer","infinitespire:Golems Mask","TungstenRod","Prayer Wheel","Calipers","infinitespire:Joker Card","Incense Burner","Lizard Tail","hubris:GlazedTorus","Strange Spoon","infinitespire:Magic Flask","Turnip","hubris:Spice","Circlet","energizedSpire:EnergizedDie","Orrery"],"acts_visited":["Exordium","TheCity","TheBeyond","Exordium","TheCity","TheBeyond","Exordium","TheCity","TheBeyond","TheEnding"],"potions_floor_usage":[157,157],"damage_taken":[{"damage":0.0,"enemies":"2 Louse","floor":1.0,"turns":1.0},{"damage":0.0,"enemies":"Cultist","floor":2.0,"turns":1.0},{"damage":0.0,"enemies":"3 Sentries","floor":6.0,"turns":1.0},{"damage":0.0,"enemies":"Lagavulin","floor":7.0,"turns":1.0},{"damage":0.0,"enemies":"Jaw Worm","floor":8.0,"turns":1.0},{"damage":0.0,"enemies":"3 Sentries","floor":10.0,"turns":1.0},{"damage":0.0,"enemies":"Gremlin Nob","floor":11.0,"turns":1.0},{"damage":0.0,"enemies":"Lagavulin","floor":13.0,"turns":1.0},{"damage":0.0,"enemies":"3 Sentries","floor":14.0,"turns":1.0},{"damage":0.0,"enemies":"Slime Boss","floor":16.0,"turns":1.0},{"damage":0.0,"enemies":"3 Byrds","floor":18.0,"turns":1.0},{"damage":0.0,"enemies":"Book of Stabbing","floor":23.0,"turns":1.0},{"damage":0.0,"enemies":"2 Thieves","floor":24.0,"turns":1.0},{"damage":0.0,"enemies":"Nightmare","floor":25.0,"turns":1.0},{"damage":0.0,"enemies":"Book of Stabbing","floor":27.0,"turns":1.0},{"damage":0.0,"enemies":"Slavers","floor":28.0,"turns":1.0},{"damage":0.0,"enemies":"Book of Stabbing","floor":29.0,"turns":1.0},{"damage":0.0,"enemies":"Slavers","floor":30.0,"turns":1.0},{"damage":0.0,"enemies":"Champ","floor":33.0,"turns":1.0},{"damage":0.0,"enemies":"3 Darklings","floor":35.0,"turns":1.0},{"damage":0.0,"enemies":"Reptomancer","floor":40.0,"turns":1.0},{"damage":0.0,"enemies":"Nemesis","floor":41.0,"turns":1.0},{"damage":0.0,"enemies":"Reptomancer","floor":44.0,"turns":1.0},{"damage":0.0,"enemies":"Nemesis","floor":45.0,"turns":1.0},{"damage":0.0,"enemies":"Reptomancer","floor":46.0,"turns":1.0},{"damage":0.0,"enemies":"Giant Head","floor":47.0,"turns":1.0},{"damage":0.0,"enemies":"Nightmare","floor":48.0,"turns":1.0},{"damage":0.0,"enemies":"hubris:GrandSnecko","floor":50.0,"turns":1.0},{"damage":0.0,"enemies":"Cultist","floor":52.0,"turns":1.0},{"damage":0.0,"enemies":"Nightmare_Alpha","floor":57.0,"turns":1.0},{"damage":0.0,"enemies":"Small Slimes","floor":58.0,"turns":1.0},{"damage":0.0,"enemies":"3 Sentries","floor":61.0,"turns":1.0},{"damage":0.0,"enemies":"2 Louse","floor":63.0,"turns":1.0},{"damage":0.0,"enemies":"Lagavulin","floor":64.0,"turns":1.0},{"damage":0.0,"enemies":"Gremlin Nob","floor":65.0,"turns":1.0},{"damage":0.0,"enemies":"Slime Boss","floor":67.0,"turns":1.0},{"damage":0.0,"enemies":"3 Byrds","floor":69.0,"turns":1.0},{"damage":0.0,"enemies":"Chosen","floor":72.0,"turns":1.0},{"damage":0.0,"enemies":"Slavers","floor":74.0,"turns":1.0},{"damage":0.0,"enemies":"Centurion and Healer","floor":75.0,"turns":2.0},{"damage":0.0,"enemies":"Nightmare","floor":76.0,"turns":1.0},{"damage":0.0,"enemies":"hubris:MusketHawk","floor":84.0,"turns":1.0},{"damage":0.0,"enemies":"3 Shapes","floor":86.0,"turns":1.0},{"damage":0.0,"enemies":"Orb Walker","floor":90.0,"turns":1.0},{"damage":0.0,"enemies":"Reptomancer","floor":91.0,"turns":1.0},{"damage":0.0,"enemies":"Jaw Worm Horde","floor":99.0,"turns":1.0},{"damage":0.0,"enemies":"hubris:GrandSnecko","floor":101.0,"turns":1.0},{"damage":0.0,"enemies":"Jaw Worm","floor":103.0,"turns":1.0},{"damage":0.0,"enemies":"Gremlin Nob","floor":108.0,"turns":1.0},{"damage":0.0,"enemies":"Nightmare","floor":114.0,"turns":1.0},{"damage":0.0,"enemies":"Lagavulin Event","floor":115.0,"turns":1.0},{"damage":0.0,"enemies":"The Guardian","floor":118.0,"turns":1.0},{"damage":0.0,"enemies":"Chosen","floor":120.0,"turns":1.0},{"damage":0.0,"enemies":"Gremlin Leader","floor":125.0,"turns":1.0},{"damage":0.0,"enemies":"Slavers","floor":127.0,"turns":1.0},{"damage":0.0,"enemies":"Book of Stabbing","floor":129.0,"turns":1.0},{"damage":0.0,"enemies":"Nightmare_Alpha","floor":131.0,"turns":1.0},{"damage":0.0,"enemies":"3 Byrds","floor":132.0,"turns":1.0},{"damage":0.0,"enemies":"Automaton","floor":135.0,"turns":1.0},{"damage":0.0,"enemies":"Orb Walker","floor":137.0,"turns":3.0},{"damage":0.0,"enemies":"2 Orb Walkers","floor":140.0,"turns":1.0},{"damage":0.0,"enemies":"Nightmare","floor":142.0,"turns":1.0},{"damage":0.0,"enemies":"infinitespire:Three Voidlings","floor":143.0,"turns":1.0},{"damage":0.0,"enemies":"Nightmare_Alpha","floor":143.0,"turns":1.0},{"damage":0,"enemies":"infinitespire:LordOfFortification","floor":152,"turns":1},{"damage":0,"enemies":"Shield and Spear","floor":156,"turns":1},{"damage":0,"enemies":"The Heart","floor":157,"turns":5}],"seed_played":"-4227702922963743507","potions_obtained":[{"floor":1.0,"key":"CultistPotion"},{"floor":6.0,"key":"AttackPotion"},{"floor":8.0,"key":"Strength Potion"},{"floor":10.0,"key":"Poison Potion"},{"floor":27.0,"key":"LiquidBronze"},{"floor":28.0,"key":"Fire Potion"},{"floor":29.0,"key":"Poison Potion"},{"floor":30.0,"key":"LiquidMemories"},{"floor":33.0,"key":"LiquidBronze"},{"floor":41.0,"key":"LiquidBronze"},{"floor":44.0,"key":"DistilledChaos"},{"floor":45.0,"key":"EssenceOfSteel"},{"floor":57.0,"key":"Regen Potion"},{"floor":61.0,"key":"Dexterity Potion"},{"floor":65.0,"key":"PowerPotion"},{"floor":68.0,"key":"Fruit Juice"},{"floor":72.0,"key":"AttackPotion"},{"floor":74.0,"key":"LiquidMemories"},{"floor":76.0,"key":"DistilledChaos"},{"floor":84.0,"key":"ColorlessPotion"},{"floor":90.0,"key":"CunningPotion"},{"floor":91.0,"key":"GamblersBrew"},{"floor":101.0,"key":"CunningPotion"},{"floor":103.0,"key":"GhostInAJar"},{"floor":108.0,"key":"ColorlessPotion"},{"floor":115.0,"key":"DistilledChaos"},{"floor":118.0,"key":"ColorlessPotion"},{"floor":120.0,"key":"Swift Potion"},{"floor":125.0,"key":"PowerPotion"},{"floor":127.0,"key":"ColorlessPotion"},{"floor":129.0,"key":"SkillPotion"},{"floor":132.0,"key":"Regen Potion"},{"floor":135.0,"key":"SteroidPotion"},{"floor":137.0,"key":"SteroidPotion"},{"floor":140.0,"key":"DistilledChaos"},{"floor":143,"key":"Dexterity Potion"},{"floor":152,"key":"Dexterity Potion"},{"floor":157,"key":"LiquidBronze"}],"is_trial":true,"path_per_floor":["M","M","?","$","?","E","E","M","T","E","E","$","E","E","R","B",null,"M","$","$","?","AVR","E","M","NM","T","E","E","E","E","?","R","B",null,"M","T","?","AVR","$","E","E","$","T","E","E","E","E","NM","R","B",null,"M","$","AVR","?","$","NM","M","?","T","E","T","M","E","E","R","B",null,"M","?","$","M","T","E","M","NM","T","?","?","T","R","$","R","B",null,"M","?","$","?","M","E","R","?","T","T","$","?","?","M","R","B",null,"M","AVR","$","T","?","E","?","$","T","$","T","NM","?","?","R","B",null,"M","?","T","?","$","E","?","E","T","E","AVR","NM","M","$","R","B",null,"M","?","T","?","AVR","NM","?","R","T","R","$","T","?","$","R","B",null,"R","$","E","B",null],"character_chosen":"THE_SILENT","items_purchased":["Snake Skull","MerchantsRug","Chemical X","Lantern","TwistedFunnel","Ornamental Fan","Gremlin Horn","OrangePellets","Shuriken","Pen Nib","Dream Catcher","Membership Card","Matryoshka","hubris:EmptyBottle","Akabeko","Anchor","hubris:Metronome","TheAbacus","Lee\u0027s Waffle","Meat on the Bone","Ancient Tea Set","Fruit Juice","Pear","infinitespire:Eraser","HandDrill","Strawberry","hubris:HerbalPaste","Potion Belt","Juzu Bracelet","MealTicket","infinitespire:FocusingShard","CeramicFish","Sling","Singing Bowl","Lee\u0027s Waffle","hubris:PeanutButter","hubris:MedicalManual","Strange Spoon","infinitespire:Magic Flask","Turnip","hubris:Spice","hubris:Spice","Orrery"],"campfire_rested":2,"item_purchase_floors":[4,4,12,12,19,39,39,42,42,42,53,56,56,71,71,71,82,82,88,88,88,88,96,96,96,105,105,110,110,112,124,124,124,133,133,133,133,147,147,147,147,150,155],"current_hp_per_floor":[604,604,610,610,616,616,616,616,622,622,622,622,622,622,622,628,628,628,628,628,628,628,628,628,628,634,634,634,634,634,634,634,640,640,640,646,652,652,652,652,652,652,658,658,658,763,763,763,763,769,769,769,769,769,775,775,775,775,775,781,781,794,794,794,794,794,800,810,810,354,354,359,365,370,377,379,385,391,391,397,397,397,397,427,834,834,834,851,851,851,851,851,860,866,872,882,882,882,882,882,888,888,888,888,895,901,901,901,906,906,912,912,918,918,918,918,918,918,918,918,918,924,924,924,924,924,924,930,930,930,930,930,937,951,959,959,959,965,971,973,973,975,979,979,985,985,993,999,1001,1013,1013,1021,1021,1013,1023,1025,1033],"gold":8491,"neow_bonus":"","is_daily":false,"chose_seed":false,"campfire_upgraded":0,"win_rate":0.0,"timestamp":1609444164,"path_taken":["M","M","?","$","?","E","E","?","T","E","E","$","E","E","R","BOSS","M","$","$","?","AVR","E","M","NM","T","E","E","E","E","?","R","BOSS","M","?","?","AVR","$","E","E","$","T","E","E","E","E","NM","R","BOSS","M","$","AVR","?","$","NM","M","?","T","E","?","?","E","E","R","BOSS","M","?","$","?","?","E","?","NM","T","?","?","?","R","$","R","BOSS","M","?","$","?","M","E","R","?","T","?","$","?","?","?","R","BOSS","M","AVR","$","?","?","E","?","$","T","?","?","NM","?","?","R","BOSS","M","?","?","?","$","E","?","E","T","E","AVR","NM","M","$","R","BOSS","M","?","?","?","AVR","NM","?","R","T","R","$","?","?","$","R","BOSS","R","$","E","BOSS"],"items_purchased_type":["Relic","Relic","Relic","Relic","Relic","Relic","Relic","Relic","Relic","Relic","Relic","Relic","Relic","Relic","Relic","Relic","Relic","Relic","Relic","Relic","Relic","Potion","Relic","Relic","Relic","Relic","Relic","Relic","Relic","Relic","Relic","Relic","Relic","Relic","Relic","Relic","Relic","Relic","Relic","Relic","Relic","Relic","Relic"],"build_version":"2020-12-22","purchased_purges":0,"victory":true,"max_hp_per_floor":[604,604,610,610,616,616,616,616,622,622,622,622,622,622,622,628,628,628,628,628,628,628,628,628,628,634,634,634,634,634,634,634,640,640,640,646,652,652,652,652,652,652,658,658,658,763,763,763,763,769,769,769,769,769,775,775,775,775,775,781,781,794,794,794,794,794,800,810,810,810,810,810,816,816,816,816,822,828,828,834,834,834,834,834,834,834,834,851,851,851,851,851,860,866,872,882,882,882,882,882,888,888,888,888,895,901,901,901,906,906,912,912,918,918,918,918,918,918,918,918,918,924,924,924,924,924,924,930,930,930,930,930,937,951,959,959,959,965,971,973,973,975,979,979,985,985,993,999,1005,1013,1013,1021,1021,1013,1023,1025,1033],"card_choices":[{"not_picked":["Doppelganger","Unload","Wraith Form v2"],"picked":"SKIP","floor":6.0},{"not_picked":["Bullet Time","Glass Knife","Unload"],"picked":"SKIP","floor":7.0},{"not_picked":["Grand Finale","Malaise","Storm of Steel"],"picked":"SKIP","floor":10.0},{"not_picked":["Corpse Explosion","Glass Knife","Unload"],"picked":"SKIP","floor":11.0},{"not_picked":["Grand Finale","Night Terror","Wraith Form v2+1"],"picked":"SKIP","floor":13.0},{"not_picked":["Bullet Time","Grand Finale","Venomology"],"picked":"SKIP","floor":14.0},{"not_picked":["Adrenaline","Unload","Wraith Form v2+1"],"picked":"SKIP","floor":23.0},{"not_picked":["Envenom+1","Grand Finale","Burst"],"picked":"SKIP","floor":25.0},{"not_picked":["Doppelganger","Glass Knife","Grand Finale"],"picked":"SKIP","floor":27.0},{"not_picked":["Bullet Time","Envenom+1","infinitespire:Neurotoxin"],"picked":"SKIP","floor":28.0},{"not_picked":["Envenom+1","Phantasmal Killer","Malaise"],"picked":"SKIP","floor":29.0},{"not_picked":["Malaise","Envenom+1","Tools of the Trade+1"],"picked":"SKIP","floor":30.0},{"not_picked":["Wraith Form v2+1"],"picked":"SKIP","floor":40.0},{"not_picked":["Corpse Explosion"],"picked":"SKIP","floor":41.0},{"not_picked":["Grand Finale"],"picked":"SKIP","floor":44.0},{"not_picked":["Burst"],"picked":"SKIP","floor":45.0},{"not_picked":[],"picked":"A Thousand Cuts+1","floor":46.0},{"not_picked":["Envenom+1"],"picked":"SKIP","floor":47.0},{"not_picked":["After Image+1"],"picked":"SKIP","floor":48.0},{"not_picked":["After Image+1"],"picked":"SKIP","floor":48.0},{"not_picked":["Glass Knife"],"picked":"SKIP","floor":57.0},{"not_picked":["Glass Knife"],"picked":"SKIP","floor":57.0},{"not_picked":["Night Terror"],"picked":"SKIP","floor":61.0},{"not_picked":["Unload"],"picked":"SKIP","floor":64.0},{"not_picked":["Malaise"],"picked":"SKIP","floor":65.0},{"not_picked":["Grand Finale"],"picked":"SKIP","floor":74.0},{"not_picked":["Malaise"],"picked":"SKIP","floor":76.0},{"not_picked":["infinitespire:UltimateForm","infinitespire:NeuralNetwork"],"picked":"infinitespire:FutureSight","floor":85.0},{"not_picked":["Corpse Explosion+1"],"picked":"SKIP","floor":91.0},{"not_picked":["infinitespire:Collect","infinitespire:UltimateForm"],"picked":"infinitespire:DeathsTouch","floor":93.0},{"not_picked":["A Thousand Cuts+1","Glass Knife","Judgement"],"picked":"SKIP","floor":108.0},{"not_picked":["Burst+1","Corpse Explosion+1","Ragnarok"],"picked":"SKIP","floor":114.0},{"not_picked":["After Image+1","Phantasmal Killer+1","Vault"],"picked":"SKIP","floor":125.0},{"not_picked":["Adrenaline+1","Glass Knife","Devotion"],"picked":"SKIP","floor":127.0},{"not_picked":["Adrenaline+1","Glass Knife","Devotion"],"picked":"SKIP","floor":127.0},{"not_picked":["infinitespire:Neurotoxin+1","Adrenaline+1","Wish"],"picked":"SKIP","floor":129.0},{"not_picked":["Doppelganger+1","Die Die Die","Omniscience"],"picked":"SKIP","floor":131.0},{"not_picked":["infinitespire:Neurotoxin+1","Night Terror+1","Ragnarok"],"picked":"Singing Bowl","floor":135.0},{"not_picked":["Poisoned Stab+1","Sucker Punch+1","Halt"],"picked":"Singing Bowl","floor":140.0},{"not_picked":["Unload","Adrenaline+1","ConjureBlade"],"picked":"Singing Bowl","floor":142.0},{"not_picked":["infinitespire:DeathsTouch","infinitespire:UltimateForm","infinitespire:FutureSight"],"picked":"Singing Bowl","floor":143},{"not_picked":["Backflip+1","Dagger Spray+1","WheelKick"],"picked":"Singing Bowl","floor":143},{"not_picked":["Madness+1","Swift Strike"],"picked":"Singing Bowl","floor":149},{"not_picked":["Good Instincts+1","Forethought+1"],"picked":"Singing Bowl","floor":149},{"not_picked":["hubris:Ssssneak+1","Secret Weapon+1"],"picked":"Singing Bowl","floor":149},{"not_picked":["Corpse Explosion+1","Bullet Time+1","Scrawl"],"picked":"Singing Bowl","floor":152},{"not_picked":["Expertise+1","Prepared+1","SandsOfTime"],"picked":"Singing Bowl","floor":155},{"not_picked":["Prepared+1","Unload","PathToVictory"],"picked":"Singing Bowl","floor":155},{"not_picked":["Leg Sweep+1","hubris:SpiceAddiction","ReachHeaven"],"picked":"Singing Bowl","floor":155},{"not_picked":["Noxious Fumes+1","Flying Knee","FearNoEvil"],"picked":"Singing Bowl","floor":155},{"not_picked":["hubris:SpiceAddiction","All Out Attack","Protect"],"picked":"Singing Bowl","floor":155},{"not_picked":["Grand Finale","Phantasmal Killer+1","SpiritShield"],"picked":"Singing Bowl","floor":156},{"not_picked":["Malaise+1","After Image+1","MasterReality"],"picked":"Singing Bowl","floor":157}],"player_experience":1112525,"relics_obtained":[{"floor":1.0,"key":"Orichalcum"},{"floor":2.0,"key":"HornCleat"},{"floor":6.0,"key":"Tiny Chest"},{"floor":7.0,"key":"infinitespire:ShieldingShard"},{"floor":8.0,"key":"PreservedInsect"},{"floor":10.0,"key":"Bag of Marbles"},{"floor":11.0,"key":"hubris:SlimyHat"},{"floor":13.0,"key":"Frozen Egg 2"},{"floor":18.0,"key":"Bronze Scales"},{"floor":23.0,"key":"Nunchaku"},{"floor":24.0,"key":"hubris:CuriousFeather"},{"floor":25.0,"key":"Potion Belt"},{"floor":26.0,"key":"Blood Vial"},{"floor":28.0,"key":"Toy Ornithopter"},{"floor":29.0,"key":"Regal Pillow"},{"floor":35.0,"key":"Whetstone"},{"floor":36.0,"key":"MawBank"},{"floor":40.0,"key":"FossilizedHelix"},{"floor":41.0,"key":"Art of War"},{"floor":43.0,"key":"hubris:BundleOfHerbs"},{"floor":44.0,"key":"Ice Cream"},{"floor":45.0,"key":"Mercury Hourglass"},{"floor":46.0,"key":"infinitespire:Lychee Nut"},{"floor":47.0,"key":"Pantograph"},{"floor":49.0,"key":"Letter Opener"},{"floor":52.0,"key":"infinitespire:Beetle Shell"},{"floor":57.0,"key":"infinitespire:Midas Blood"},{"floor":58.0,"key":"infinitespire:WardingShard"},{"floor":60.0,"key":"Smiling Mask"},{"floor":61.0,"key":"hubris:Reverence"},{"floor":62.0,"key":"Strawberry"},{"floor":62.0,"key":"Sundial"},{"floor":63.0,"key":"Old Coin"},{"floor":64.0,"key":"StrikeDummy"},{"floor":65.0,"key":"Mummified Hand"},{"floor":69.0,"key":"infinitespire:Lucky Rock"},{"floor":73.0,"key":"Boot"},{"floor":75.0,"key":"Potion Belt"},{"floor":76.0,"key":"infinitespire:PuzzleCube"},{"floor":77.0,"key":"War Paint"},{"floor":80.0,"key":"Omamori"},{"floor":81.0,"key":"Toxic Egg 2"},{"floor":83.0,"key":"hubris:TenFootPole"},{"floor":86.0,"key":"Oddly Smooth Stone"},{"floor":90.0,"key":"Happy Flower"},{"floor":91.0,"key":"Tingsha"},{"floor":92.0,"key":"hubris:ToyBattleship"},{"floor":94.0,"key":"Girya"},{"floor":95.0,"key":"Question Card"},{"floor":99.0,"key":"hubris:DisguiseKit"},{"floor":100.0,"key":"White Beast Statue"},{"floor":103.0,"key":"hubris:SphereOfDissonance"},{"floor":106.0,"key":"hubris:OldNail"},{"floor":111.0,"key":"MawBank"},{"floor":113.0,"key":"Torii"},{"floor":114.0,"key":"Bird Faced Urn"},{"floor":114.0,"key":"Vajra"},{"floor":115.0,"key":"Omamori"},{"floor":117.0,"key":"Centennial Puzzle"},{"floor":120.0,"key":"Whetstone"},{"floor":122.0,"key":"infinitespire:EmpoweringShard"},{"floor":125.0,"key":"The Courier"},{"floor":125.0,"key":"Thread and Needle"},{"floor":127.0,"key":"hubris:MobiusCoin"},{"floor":127.0,"key":"Blue Candle"},{"floor":128.0,"key":"Eternal Feather"},{"floor":129.0,"key":"Paper Crane"},{"floor":129.0,"key":"infinitespire:BottledMercury"},{"floor":131.0,"key":"Bottled Lightning"},{"floor":131.0,"key":"hubris:Zylophone"},{"floor":132.0,"key":"infinitespire:Bottled Soul"},{"floor":134.0,"key":"Mango"},{"floor":137.0,"key":"infinitespire:Golems Mask"},{"floor":139.0,"key":"Old Coin"},{"floor":140.0,"key":"TungstenRod"},{"floor":142.0,"key":"Prayer Wheel"},{"floor":142.0,"key":"Calipers"},{"floor":143,"key":"infinitespire:Joker Card"},{"floor":144,"key":"Incense Burner"},{"floor":145,"key":"Lizard Tail"},{"floor":146,"key":"hubris:GlazedTorus"},{"floor":148,"key":"Circlet"},{"floor":154,"key":"hubris:Spice"},{"floor":156,"key":"Circlet"},{"floor":156,"key":"Circlet"}],"event_choices":[{"damage_healed":0.0,"max_hp_gain":0.0,"max_hp_loss":0.0,"gold_gain":175.0,"event_name":"Liars Game","player_choice":"AGREE","floor":3.0,"gold_loss":0.0,"damage_taken":0.0,"cards_obtained":["Doubt"]},{"damage_healed":0.0,"max_hp_gain":0.0,"max_hp_loss":0.0,"gold_gain":0.0,"event_name":"Accursed Blacksmith","player_choice":"Rummage","floor":5.0,"gold_loss":0.0,"damage_taken":0.0,"relics_obtained":["WarpedTongs"],"cards_obtained":["Pain"]},{"damage_healed":0.0,"max_hp_gain":0.0,"max_hp_loss":0.0,"gold_gain":0.0,"event_name":"The Mausoleum","player_choice":"Opened","floor":21.0,"gold_loss":0.0,"damage_taken":0.0,"relics_obtained":["Bag of Preparation"]},{"damage_healed":0.0,"max_hp_gain":0.0,"max_hp_loss":0.0,"gold_gain":0.0,"event_name":"Beggar","player_choice":"Ignored","floor":31.0,"gold_loss":0.0,"damage_taken":0.0},{"damage_healed":162.0,"max_hp_gain":0.0,"max_hp_loss":0.0,"gold_gain":0.0,"event_name":"Winding Halls","player_choice":"Writhe","floor":37.0,"gold_loss":0.0,"damage_taken":0.0,"cards_obtained":["Writhe"]},{"damage_healed":0.0,"max_hp_gain":0.0,"max_hp_loss":0.0,"gold_gain":175.0,"event_name":"Liars Game","player_choice":"AGREE","floor":55.0,"gold_loss":0.0,"damage_taken":0.0,"cards_obtained":["Doubt"]},{"damage_healed":0.0,"max_hp_gain":0.0,"max_hp_loss":0.0,"gold_gain":100.0,"event_name":"Wheel of Change","player_choice":"Gold","floor":59.0,"gold_loss":0.0,"damage_taken":0.0},{"damage_healed":0.0,"max_hp_gain":0.0,"max_hp_loss":0.0,"gold_gain":2250.0,"event_name":"Knowing Skull","player_choice":"GOLD GOLD GOLD GOLD GOLD GOLD GOLD GOLD GOLD GOLD GOLD GOLD GOLD GOLD GOLD GOLD GOLD GOLD GOLD GOLD GOLD GOLD GOLD GOLD GOLD ","floor":70.0,"potions_obtained":[],"gold_loss":0.0,"damage_taken":456.0,"cards_obtained":[]},{"damage_healed":0.0,"max_hp_gain":0.0,"max_hp_loss":0.0,"gold_gain":0.0,"event_name":"The Mausoleum","player_choice":"Opened","floor":78.0,"gold_loss":0.0,"damage_taken":0.0,"relics_obtained":["Unceasing Top"],"cards_obtained":["Writhe"]},{"damage_healed":0.0,"max_hp_gain":0.0,"max_hp_loss":0.0,"gold_gain":0.0,"event_name":"Back to Basics","player_choice":"Simplicity","floor":79.0,"gold_loss":0.0,"damage_taken":0.0,"cards_upgraded":[]},{"damage_healed":209.0,"max_hp_gain":0.0,"max_hp_loss":0.0,"gold_gain":0.0,"event_name":"Winding Halls","player_choice":"Writhe","floor":87.0,"gold_loss":0.0,"damage_taken":0.0,"cards_obtained":["Writhe"]},{"cards_removed":["Exhume"],"damage_healed":0.0,"max_hp_gain":0.0,"max_hp_loss":0.0,"gold_gain":0.0,"event_name":"Falling","player_choice":"Removed Skill","floor":89.0,"gold_loss":0.0,"damage_taken":0.0},{"damage_healed":0.0,"max_hp_gain":0.0,"max_hp_loss":0.0,"gold_gain":0.0,"event_name":"Transmorgrifier","player_choice":"Ignored","floor":98.0,"gold_loss":0.0,"damage_taken":0.0},{"damage_healed":0.0,"max_hp_gain":0.0,"max_hp_loss":0.0,"gold_gain":0.0,"event_name":"The Cleric","player_choice":"Leave","floor":107.0,"gold_loss":0.0,"damage_taken":0.0},{"damage_healed":0.0,"max_hp_gain":5.0,"max_hp_loss":0.0,"gold_gain":0.0,"event_name":"Big Fish","player_choice":"Donut","floor":109.0,"gold_loss":0.0,"damage_taken":0.0},{"damage_healed":0.0,"max_hp_gain":0.0,"max_hp_loss":0.0,"gold_gain":30.0,"event_name":"Dead Adventurer","player_choice":"Searched \u00272\u0027 times","floor":115.0,"gold_loss":0.0,"damage_taken":0.0},{"damage_healed":0.0,"max_hp_gain":0.0,"max_hp_loss":0.0,"gold_gain":99.0,"event_name":"Nest","player_choice":"Stole From Cult","floor":121.0,"gold_loss":0.0,"damage_taken":0.0},{"damage_healed":0.0,"max_hp_gain":0.0,"max_hp_loss":0.0,"gold_gain":0.0,"event_name":"Vampires","player_choice":"Ignored","floor":123.0,"gold_loss":0.0,"damage_taken":0.0},{"damage_healed":0.0,"max_hp_gain":0.0,"max_hp_loss":0.0,"gold_gain":0.0,"event_name":"Back to Basics","player_choice":"Simplicity","floor":126.0,"gold_loss":0.0,"damage_taken":0.0,"cards_upgraded":[]},{"damage_healed":240.0,"max_hp_gain":0.0,"max_hp_loss":0.0,"gold_gain":0.0,"event_name":"Winding Halls","player_choice":"Writhe","floor":138.0,"gold_loss":0.0,"damage_taken":0.0,"cards_obtained":["Writhe"]},{"damage_healed":0.0,"max_hp_gain":0.0,"max_hp_loss":0.0,"gold_gain":0.0,"event_name":"Mysterious Sphere","player_choice":"Fight","floor":140.0,"gold_loss":0.0,"damage_taken":0.0},{"damage_healed":0,"gold_gain":0,"player_choice":"Memory 3","damage_taken":10,"max_hp_gain":0,"max_hp_loss":0,"event_name":"SensoryStone","floor":149,"gold_loss":0}],"is_beta":false,"boss_relics":[{"not_picked":["Snecko Eye","hubris:TerracottaHorce","hubris:RunicObelisk"]},{"not_picked":["energizedSpire:MagnifyingGlass","hubris:CrackedHourglass"],"picked":"Busted Crown"},{"not_picked":["energizedSpire:RedRose","hubris:BlackHole"],"picked":"energizedSpire:NeverEndingSparkler"},{"not_picked":["energizedSpire:HugeHouse","hubris:BlackHole"],"picked":"Tiny House"},{"not_picked":["Sozu","energizedSpire:PogoStick"],"picked":"hubris:Backtick"},{"not_picked":["Runic Dome","Runic Pyramid"],"picked":"Black Star"},{"not_picked":["energizedSpire:MagnifyingGlass","energizedSpire:StickyHand"],"picked":"energizedSpire:HighHeels"},{"not_picked":["Pandora\u0027s Box","Coffee Dripper"],"picked":"Fusion Hammer"},{"not_picked":["hubris:BlackHole","hubris:Spice"],"picked":"energizedSpire:EnergizedDie"}],"items_purged_floors":[],"is_endless":true,"potions_floor_spawned":[1,6,8,10,27,28,29,30,33,41,44,45,57,61,65,72,74,76,84,90,91,101,103,108,115,118,120,125,127,129,132,135,137,140,143,143,152,156,157],"ascension_level":0}}