{"host":"u0pt4wuoyrjgzhh2","time":1609398989,"event":{"mods":["ATMod(°¢èªMod)","AchievementEnabler","Act Like it!","Aspiration","BaseMod","Better Note","Better Vampires","BetterRewards","Block Reminder","Challenge The Spire","Colored Map","Colored Powertips","Conspire","Dota2Spire","Downfall","Gensokyo","Highlight Path","Hubris","Minty Spire (QoL Compilation)","Permanent Neow","Quick Restart","Relic Stats","Replay The Spire","RumiaBox-Â¶Ã×æ«µÄÉñÃØºÐ×Ó","Shop Mod","Spicy Shops","StSLib","SuperFastMode","TestMod","The Jungle","Wandering Minibosses","vexMod","¡¾ÒÅÎï¿¨ÅÆ¡¿REMEMod"],"gold_per_floor":[99,114,154,172,172,122,122,171,271,271,284,65,65,65,99,110,110,110],"floor_reached":16,"playtime":612,"items_purged":["Guardian:Strike_Guardian"],"score":115,"play_id":"b5e027c7-a440-41e4-84ad-e5d4c53eb75f","local_time":"20201231151629","is_ascension_mode":true,"campfire_choices":[{"floor":1.0,"key":"DIG"},{"floor":10,"key":"RECALL"},{"floor":13,"key":"REST"}],"circlet_count":0,"master_deck":["Guardian:Strike_Guardian","Guardian:Strike_Guardian","Guardian:Strike_Guardian","Guardian:Defend_Guardian","Guardian:Defend_Guardian","Guardian:Defend_Guardian","Guardian:Defend_Guardian","Guardian:CurlUp","Guardian:TwinSlam","AT_FamilyPortrait","Impervious","Guardian:ArmoredProtocol","conspire:SpireCoStock","Guardian:Gem_Cyan","Guardian:BaubleBeam","Guardian:Gem_White","Guardian:Gem_Orange","Guardian:Gem_Orange","Guardian:Gem_White","Guardian:Gem_Crimson","Guardian:Gem_Yellow","Guardian:Gem_Synthetic"],"relics":["testmod-TestBox","REME_ComplimentaryCards","AT_ATBox","testmod-Prudence","testmod-CrystalShield","Guardian:PickAxe","aspiration:HummingbirdHeart","aspiration:SeaSaltIceCream","aspiration:Nostalgia","Replay:M_SmolderingBlood","vexMod:GhostlyGear"],"acts_visited":["Exordium"],"potions_floor_usage":[16],"damage_taken":[{"damage":0.0,"enemies":"Jaw Worm","floor":2.0,"turns":3.0},{"damage":0.0,"enemies":"Small Slimes","floor":3.0,"turns":4.0},{"damage":4.0,"enemies":"2 Louse","floor":4.0,"turns":2.0},{"damage":63,"enemies":"Gremlin Nob","floor":8,"turns":7},{"damage":4,"enemies":"Gremlin Gang","floor":11,"turns":2},{"damage":0,"enemies":"downfall:FleeingMerchant","floor":12,"turns":4},{"damage":0,"enemies":"Red Slaver","floor":15,"turns":6},{"damage":15,"enemies":"downfall:Watcher","floor":16,"turns":13}],"seed_played":"-7722897886522725596","potions_obtained":[{"floor":2.0,"key":"REME_GoldPotion"},{"floor":8,"key":"DuplicationPotion"},{"floor":11,"key":"Fire Potion"}],"is_trial":false,"path_per_floor":["R_BF","M","M","M","?","?","T","E","?","R","M","$","R","?","M","B"],"character_chosen":"GUARDIAN","items_purchased":["vexMod:GhostlyGear"],"campfire_rested":1,"item_purchase_floors":[12],"current_hp_per_floor":[80,80,80,76,76,76,76,18,18,18,14,14,38,14,14,0,0,0],"gold":110,"neow_bonus":"BOSS_RELIC","is_daily":false,"chose_seed":false,"campfire_upgraded":0,"win_rate":0.0,"timestamp":1609398989,"path_taken":["R_BF","M","M","M","?","?","T","E","?","R","?","?","R","?","M","BOSS"],"items_purchased_type":["Relic"],"build_version":"2020-12-22","purchased_purges":1,"victory":false,"max_hp_per_floor":[80,80,80,80,80,80,80,80,80,80,80,80,80,80,80,80,80,80],"relic_stats":{"counters":[8,41],"obtain_stats":[{"Guardian:PickAxe":1,"vexMod:GhostlyGear":12,"testmod-CrystalShield":0,"testmod-TestBox":0,"AT_ATBox":0,"testmod-Prudence":0,"aspiration:Nostalgia":8,"Replay:M_SmolderingBlood":8,"Guardian:ModeShifter":0,"aspiration:HummingbirdHeart":7,"aspiration:SeaSaltIceCream":8,"REME_ComplimentaryCards":0},{"Guardian:PickAxe":0,"vexMod:GhostlyGear":6,"testmod-CrystalShield":0,"testmod-TestBox":0,"AT_ATBox":0,"testmod-Prudence":0,"aspiration:Nostalgia":4,"Replay:M_SmolderingBlood":4,"Guardian:ModeShifter":0,"aspiration:HummingbirdHeart":3,"aspiration:SeaSaltIceCream":4,"REME_ComplimentaryCards":0},{"Guardian:PickAxe":0,"vexMod:GhostlyGear":22,"testmod-CrystalShield":0,"testmod-TestBox":0,"AT_ATBox":0,"testmod-Prudence":0,"aspiration:Nostalgia":16,"Replay:M_SmolderingBlood":16,"Guardian:ModeShifter":0,"aspiration:HummingbirdHeart":9,"aspiration:SeaSaltIceCream":16,"REME_ComplimentaryCards":0}]},"card_choices":[{"not_picked":["Guardian:Reroute","Guardian:Recover"],"picked":"Guardian:ArmoredProtocol","floor":2.0},{"not_picked":["Guardian:RollAttack","Guardian:PiercingHide"],"picked":"Guardian:Gem_Lightblue","floor":3.0},{"not_picked":["Guardian:ArmoredProtocol","Guardian:WalkerClaw","Guardian:FloatingOrbs"],"picked":"SKIP","floor":4.0},{"not_picked":["Guardian:Gem_Red","Guardian:EvasiveProtocol"],"picked":"Guardian:Gem_Yellow","floor":8},{"not_picked":["Uppercut","Clash"],"picked":"Guardian:Gem_Cyan","floor":11},{"not_picked":["Guardian:ShieldCharger","Guardian:RollAttack"],"picked":"Guardian:BaubleBeam","floor":12},{"not_picked":["Guardian:PiercingHide","Guardian:Repulse","Halt"],"picked":"SKIP","floor":15}],"player_experience":150203,"relics_obtained":[{"floor":1.0,"key":"Guardian:PickAxe"},{"floor":7,"key":"aspiration:HummingbirdHeart"},{"floor":8,"key":"aspiration:SeaSaltIceCream"}],"event_choices":[{"damage_healed":0,"gold_gain":0,"player_choice":"Invest 1","damage_taken":0,"max_hp_gain":0,"max_hp_loss":0,"event_name":"conspire:Investor","floor":6,"gold_loss":0}],"is_beta":false,"boss_relics":[],"items_purged_floors":[12],"is_endless":false,"potions_floor_spawned":[2,8,11],"killed_by":"downfall:Watcher","ascension_level":3}}