{"host":"bu0lvejwxlz725fi","time":1609408944,"event":{"mods":["AchievementEnabler","BaseMod","Downfall","Marisa????????","Minty Spire (QoL Compilation)","StSLib","The Disciple","The Hierophant","The Necromancer","The Senshi","The Servant 0.9.4"],"gold_per_floor":[117,64,64,84,96,96,116,136,211,243,243,263,263,282,282,228,228],"floor_reached":16,"playtime":1318,"items_purged":[],"score":104,"play_id":"80fcdf25-1fa1-426f-9eaf-84522ba42633","local_time":"20201231110224","is_ascension_mode":false,"campfire_choices":[{"data":"hierophant:MorningPrayer","floor":6,"key":"SMITH"},{"floor":11,"key":"REST"},{"floor":13,"key":"REST"},{"data":"hierophant:Kindle","floor":15,"key":"SMITH"}],"circlet_count":0,"master_deck":["hierophant:Strike_Hierophant","hierophant:Strike_Hierophant","hierophant:Strike_Hierophant","hierophant:Strike_Hierophant","hierophant:Punish","hierophant:Defend_Hierophant","hierophant:Defend_Hierophant","hierophant:Defend_Hierophant","hierophant:Defend_Hierophant","hierophant:ChurchCoffers","hierophant:Smite","hierophant:FieryStrike","hierophant:MorningPrayer+1","hierophant:Zeal","hierophant:Shelter","hierophant:Kindle+1","hierophant:ThreeLashes","hierophant:DisplayOfPower","hierophant:SolarFlare"],"relics":["hierophant:PropheticMaskRelic","NeowsBlessing","Ginger","InkBottle","MealTicket"],"acts_visited":["Exordium"],"potions_floor_usage":[10,16,16],"damage_taken":[{"damage":0,"enemies":"Small Slimes","floor":1,"turns":1},{"damage":0,"enemies":"Jaw Worm","floor":4,"turns":1},{"damage":0,"enemies":"Cultist","floor":5,"turns":1},{"damage":0,"enemies":"2 Fungi Beasts","floor":7,"turns":2},{"damage":0,"enemies":"Blue Slaver","floor":8,"turns":2},{"damage":30,"enemies":"Gremlin Nob","floor":10,"turns":4},{"damage":27,"enemies":"Exordium Thugs","floor":12,"turns":4},{"damage":0,"enemies":"Looter","floor":14,"turns":3},{"damage":56,"enemies":"The Guardian","floor":16,"turns":10}],"seed_played":"-771854933799813162","potions_obtained":[{"floor":1,"key":"GamblersBrew"},{"floor":4,"key":"AttackPotion"},{"floor":7,"key":"Explosive Potion"},{"floor":10,"key":"SkillPotion"}],"is_trial":false,"path_per_floor":["M","$","?","M","M","R","M","M","T","E","R","M","R","M","R","B"],"character_chosen":"HIEROPHANT","items_purchased":["hierophant:FieryStrike"],"campfire_rested":2,"item_purchase_floors":[2],"current_hp_per_floor":[75,75,68,68,68,68,68,68,68,38,60,33,55,55,55,0,0],"gold":228,"neow_bonus":"THREE_ENEMY_KILL","is_daily":false,"chose_seed":false,"campfire_upgraded":2,"win_rate":0.0,"timestamp":1609408944,"path_taken":["M","$","?","M","M","R","M","M","T","E","R","M","R","M","R","BOSS"],"items_purchased_type":["Card"],"build_version":"2020-12-22","purchased_purges":0,"victory":false,"max_hp_per_floor":[75,75,75,75,75,75,75,75,75,75,75,75,75,75,75,75,75],"card_choices":[{"not_picked":["hierophant:Refuge","hierophant:Remorse"],"picked":"hierophant:Smite","floor":1},{"not_picked":["hierophant:Sermon","hierophant:AuricShield"],"picked":"hierophant:MorningPrayer","floor":4},{"not_picked":["hierophant:Racketeering","hierophant:DisplayOfPower"],"picked":"hierophant:Zeal","floor":5},{"not_picked":["hierophant:Bribe","hierophant:CoinFling"],"picked":"hierophant:Shelter","floor":7},{"not_picked":["hierophant:AuricBeam","hierophant:HammerAndAnvil"],"picked":"hierophant:Kindle","floor":8},{"not_picked":["hierophant:SealAway","hierophant:Smite"],"picked":"hierophant:ThreeLashes","floor":10},{"not_picked":["hierophant:AuricShield","hierophant:MintersHammer"],"picked":"hierophant:DisplayOfPower","floor":12},{"not_picked":["hierophant:Repentance","hierophant:HolyVerse"],"picked":"hierophant:SolarFlare","floor":14}],"player_experience":106043,"relics_obtained":[{"floor":9,"key":"InkBottle"},{"floor":10,"key":"MealTicket"}],"event_choices":[{"damage_healed":0,"gold_gain":0,"player_choice":"Success","damage_taken":7,"relics_obtained":["Ginger"],"max_hp_gain":0,"max_hp_loss":0,"event_name":"Scrap Ooze","floor":3,"gold_loss":0}],"is_beta":false,"boss_relics":[],"items_purged_floors":[],"is_endless":false,"potions_floor_spawned":[1,4,7,10],"killed_by":"The Guardian","ascension_level":0}}