{"host":"pf9sh7nh6rpu9sau","time":1609428349,"event":{"mods":["2.2 Compatiblity","BaseMod","BetterRewards","Clockwork Mod","Downfall","Hermit","Mad Scientist","Minty Spire (QoL Compilation)","Permanent Neow","Quick Restart","Replay The Spire","Somnambulant","StSLib","The Clintock","The Cursed","The Disciple","The Hierophant","The Necromancer","The Runesmith"],"gold_per_floor":[114,114,133,22,22,50,84,84,84,84,106,136,11,11,11,121,121,146,46,59,64,64],"floor_reached":21,"playtime":1378,"items_purged":["hermit:Strike_Hermit","hermit:Strike_Hermit"],"score":195,"play_id":"52b68821-e9bf-49bc-948f-ae105ed23d6c","local_time":"20201231102549","is_ascension_mode":false,"campfire_choices":[{"floor":8,"key":"REST"},{"data":"hermit:TakeAim","floor":10,"key":"SMITH"},{"floor":15,"key":"REST"}],"circlet_count":0,"master_deck":["hermit:Strike_Hermit","hermit:Strike_Hermit","hermit:Defend_Hermit","hermit:Defend_Hermit","hermit:Defend_Hermit","hermit:Defend_Hermit","hermit:Snapshot","hermit:Covet","hermit:EternalForm+1","hermit:TakeAim+1","hermit:Gestalt","hermit:Combo","Pot Of Greed","Pot Of Greed","hermit:Scavenge","hermit:Headshot","hermit:Roulette","hermit:BigShot","hermit:Quickdraw","hermit:RoundhouseKick","hermit:EyeOfTheStorm","hermit:EyeOfTheStorm"],"relics":["hermit:Momento","WingedGreaves","Grinning Jar","Matryoshka","Dream Catcher","Shuriken","Pet Ghost","Chameleon Ring","Pear","Snecko Eye"],"acts_visited":["Exordium","TheCity"],"potions_floor_usage":[12],"damage_taken":[{"damage":2.0,"enemies":"Small Slimes","floor":1.0,"turns":3.0},{"damage":0.0,"enemies":"2 Louse","floor":3.0,"turns":3.0},{"damage":2.0,"enemies":"Lagavulin","floor":6.0,"turns":6.0},{"damage":27,"enemies":"Gremlin Nob","floor":7,"turns":6},{"damage":2,"enemies":"Cultist","floor":11,"turns":4},{"damage":15,"enemies":"3 Sentries","floor":12,"turns":5},{"damage":5,"enemies":"The Guardian","floor":16,"turns":9},{"damage":0,"enemies":"3 Byrds","floor":18,"turns":4},{"damage":14,"enemies":"Shell Parasite","floor":20,"turns":5},{"damage":1,"enemies":"Centurion and Healer","floor":21,"turns":2}],"seed_played":"-1256263712279931071","potions_obtained":[{"floor":1.0,"key":"AttackPotion"},{"floor":7,"key":"Strength Potion"},{"floor":16,"key":"Reflective Coating"},{"floor":18,"key":"Venom Potion"}],"is_trial":false,"path_per_floor":["M","?","M","$","?","E","E","R","T","R","M","E","$","T","R","B",null,"M","$","M","M"],"character_chosen":"HERMIT","items_purchased":["hermit:Combo","hermit:BigShot","hermit:Quickdraw"],"campfire_rested":2,"item_purchase_floors":[4,13,13],"current_hp_per_floor":[73,48,48,48,48,46,19,41,41,41,39,24,24,34,59,54,85,85,85,71,70,70],"gold":64,"neow_bonus":"ONE_RANDOM_RARE_CARD","is_daily":false,"chose_seed":false,"campfire_upgraded":1,"win_rate":0.0,"timestamp":1609428349,"path_taken":["M","?","M","$","?","E","E","R","T","R","?","E","$","?","R","BOSS","M","$","M","M"],"items_purchased_type":["Card","Card","Card"],"build_version":"2020-12-22","purchased_purges":2,"victory":false,"max_hp_per_floor":[75,75,75,75,75,75,75,75,75,75,75,75,75,85,85,85,85,85,85,85,85,85],"card_choices":[{"not_picked":["hermit:Desperado","hermit:Ricochet"],"picked":"hermit:TakeAim","floor":1.0},{"not_picked":["hermit:HighCaliber","hermit:Headshot"],"picked":"hermit:Gestalt","floor":3.0},{"not_picked":["hermit:Desperado","hermit:HighCaliber"],"picked":"hermit:Scavenge","floor":6.0},{"not_picked":["hermit:CalledShot","hermit:Midnight"],"picked":"hermit:Headshot","floor":7},{"not_picked":["hermit:Reprieve","hermit:LowProfile"],"picked":"hermit:Roulette","floor":11},{"not_picked":["hermit:Spite","hermit:Glare","hermit:Virtue"],"picked":"SKIP","floor":12},{"not_picked":["hermit:Gambit","hermit:FromBeyond"],"picked":"hermit:RoundhouseKick","floor":16},{"not_picked":["hermit:Deadeye+1","hermit:HoleUp"],"picked":"hermit:EyeOfTheStorm","floor":18},{"not_picked":["hermit:Virtue+1","hermit:Feint+1"],"picked":"hermit:EyeOfTheStorm","floor":20}],"player_experience":768832,"relics_obtained":[{"floor":6.0,"key":"Grinning Jar"},{"floor":7,"key":"Matryoshka"},{"floor":9,"key":"Dream Catcher"},{"floor":9,"key":"Shuriken"},{"floor":12,"key":"Pet Ghost"},{"floor":14,"key":"Chameleon Ring"},{"floor":14,"key":"Pear"}],"event_choices":[{"damage_healed":0.0,"max_hp_gain":0.0,"max_hp_loss":0.0,"gold_gain":0.0,"event_name":"Scrap Ooze","player_choice":"Success","floor":2.0,"gold_loss":0.0,"damage_taken":25.0,"relics_obtained":["WingedGreaves"]},{"damage_healed":0.0,"max_hp_gain":0.0,"max_hp_loss":0.0,"gold_gain":0.0,"event_name":"Upgrade Shrine","player_choice":"Upgraded","floor":5.0,"gold_loss":0.0,"damage_taken":0.0,"cards_upgraded":["hermit:EternalForm"]}],"is_beta":false,"boss_relics":[{"not_picked":["Sozu","hermit:ClaspedLocket"],"picked":"Snecko Eye"}],"items_purged_floors":[4,19],"is_endless":false,"potions_floor_spawned":[1,7,16,18],"killed_by":"Centurion and Healer","ascension_level":0}}