{"host":"eocn4tduyrehyy81","time":1609443412,"event":{"mods":["AchievementEnabler","Aspiration","BaseMod","BetterRewards","Custom Start","Minty Spire (QoL Compilation)","Replay The Spire","StSLib"],"gold_per_floor":[113,215,228,228,228,253,273,292,317,352,66,66,84,31,31,126,126,146,146,165,12,23,23,23,23,23,23,41,0,0,100,100,203,203,216,65,65,79,79,105,105,115,115,115,130,147,147,167,167,167,167],"floor_reached":50,"playtime":5160,"items_purged":[],"score":880,"play_id":"0c616eb8-d4ee-4e48-9f66-3bb67319de8e","local_time":"20201231133652","is_ascension_mode":false,"campfire_choices":[{"floor":12,"key":"REST"},{"floor":15,"key":"REST"},{"floor":32,"key":"REST"},{"floor":41,"key":"REST"},{"floor":44,"key":"REST"},{"floor":47,"key":"REST"},{"data":"Consume","floor":49,"key":"SMITH"}],"circlet_count":0,"master_deck":["Strike_B+1","Strike_B+1","Strike_B+1","Strike_B+1","Defend_B+1","Defend_B+1","Defend_B+1","Defend_B+1","Zap+1","Dualcast","Gash","Capacitor","Barrage","Gash","Go for the Eyes","BootSequence","Electrodynamics+1","Barrage","Sweeping Beam","Hologram+1","FIFO Queue","Gash","Rebound","Streamline","Leap","Ball Lightning","Buffer+1","Storm","Expertise","aspiration:Lunge","Dagger Spray","Chaos","Aggregate","Ball Lightning","Consume+1","Hello World","Rebound"],"relics":["Cracked Core","aspiration:Lifesprig","Pen Nib","Pet Ghost","Bird Faced Urn","aspiration:ArtOfWarUpgrade","MawBank","Medical Kit","aspiration:Stellarator","Lantern","aspiration:MysteriousAuxiliaryCore","Replay:Bottled Eggs","Black Star","Replay:Baseball","Pantograph","ReplayTheSpireMod:Lightbulb","Divine Protection"],"acts_visited":["Exordium","TheCity","TheBeyond"],"potions_floor_usage":[6,16,16,16,20,22,31,42,45,48,50],"damage_taken":[{"damage":6,"enemies":"2 Louse","floor":1,"turns":3},{"damage":3,"enemies":"Jaw Worm","floor":3,"turns":3},{"damage":0,"enemies":"Gremlin Nob","floor":6,"turns":3},{"damage":0,"enemies":"Small Slimes","floor":7,"turns":2},{"damage":2,"enemies":"2 Fungi Beasts","floor":8,"turns":3},{"damage":21,"enemies":"Lagavulin","floor":10,"turns":6},{"damage":8,"enemies":"Large Slime","floor":13,"turns":4},{"damage":40,"enemies":"Fading Forest","floor":16,"turns":11},{"damage":13,"enemies":"Shell Parasite","floor":18,"turns":3},{"damage":15,"enemies":"2 Thieves","floor":20,"turns":3},{"damage":5,"enemies":"Chosen and Byrds","floor":22,"turns":4},{"damage":22,"enemies":"Cultist and Chosen","floor":28,"turns":7},{"damage":4,"enemies":"Colosseum Slavers","floor":31,"turns":4},{"damage":13,"enemies":"Colosseum Nobs","floor":31,"turns":4},{"damage":39,"enemies":"Pondfish","floor":33,"turns":9},{"damage":4,"enemies":"3 Darklings","floor":35,"turns":3},{"damage":13,"enemies":"3 Shapes","floor":38,"turns":3},{"damage":48,"enemies":"Reptomancer","floor":40,"turns":7},{"damage":3,"enemies":"Sphere and 2 Shapes","floor":42,"turns":4},{"damage":24,"enemies":"Maw","floor":45,"turns":7},{"damage":6,"enemies":"4 Shapes","floor":46,"turns":3},{"damage":5,"enemies":"Jaw Worm Horde","floor":48,"turns":4},{"damage":87,"enemies":"Donu and Deca","floor":50,"turns":5}],"seed_played":"666712863294118807","potions_obtained":[{"floor":3,"key":"DistilledChaos"},{"floor":6,"key":"Elixir"},{"floor":10,"key":"PowerPotion"},{"floor":13,"key":"PowerPotion"},{"floor":16,"key":"DuplicationPotion"},{"floor":20,"key":"Languid Potion"},{"floor":28,"key":"Swift Potion"},{"floor":40,"key":"Weak Potion"},{"floor":45,"key":"FocusPotion"},{"floor":46,"key":"Fire Potion"}],"is_trial":false,"path_per_floor":["M","?","M","?","?","E","M","M","T","E","$","R","M","$","R","B",null,"M","?","M","$","M","R","$","R","T","?","M","?","$","?","R","B",null,"M","$","?","M","?","E","R","M","T","R","M","M","R","M","R","B"],"character_chosen":"DEFECT","items_purchased":["aspiration:Lifesprig","Pen Nib","Electrodynamics","Medical Kit","Regen Potion","Sweeping Beam","Gash","Rebound","PowerPotion","Replay:Baseball"],"campfire_rested":6,"item_purchase_floors":[0,0,11,11,11,14,21,21,21,36],"current_hp_per_floor":[69,39,36,61,61,61,63,63,63,44,44,66,62,62,75,59,75,62,62,53,53,54,54,54,54,54,54,38,38,38,29,51,18,75,71,71,71,62,62,22,44,49,49,71,57,51,73,74,74,0,0],"gold":167,"neow_bonus":"","is_daily":false,"chose_seed":false,"campfire_upgraded":1,"win_rate":0.0,"timestamp":1609443412,"path_taken":["M","?","M","?","?","E","M","M","T","E","?","R","M","$","R","BOSS","M","?","M","$","M","R","$","R","T","?","M","?","$","?","R","BOSS","M","$","?","M","?","E","R","M","T","R","M","?","R","M","R","BOSS"],"items_purchased_type":["Relic","Relic","Card","Relic","Potion","Card","Card","Card","Potion","Relic"],"build_version":"2020-12-22","purchased_purges":0,"victory":false,"max_hp_per_floor":[75,75,75,75,75,75,75,75,75,75,75,75,75,75,75,75,75,75,75,75,75,75,75,75,75,75,75,75,75,75,75,75,75,75,75,75,75,75,75,75,75,75,75,75,75,75,75,75,75,75,75],"card_choices":[{"not_picked":["Streamline","Conserve Battery"],"picked":"Gash","floor":1},{"not_picked":["Melter","BasicCrystalCard"],"picked":"Capacitor","floor":2},{"not_picked":["Beam Cell","Chill"],"picked":"Barrage","floor":2},{"not_picked":["Barrage","Undo"],"picked":"Gash","floor":3},{"not_picked":["ReplaySolidLightProjector","ReplayTheSpireMod:System Scan"],"picked":"Meteor Strike","floor":6},{"not_picked":["Cold Snap","BasicCrystalCard"],"picked":"Go for the Eyes","floor":7},{"not_picked":["Static Discharge","Capacitor"],"picked":"BootSequence","floor":8},{"not_picked":["ReplaySort","Coolheaded"],"picked":"Sunder","floor":10},{"not_picked":["Go for the Eyes","Compile Driver"],"picked":"Barrage","floor":13},{"not_picked":["Mirror Shield","Rainbow"],"picked":"Multi-Cast","floor":16},{"not_picked":["Compile Driver","Panic Button"],"picked":"Hologram+1","floor":18},{"not_picked":["BasicCrystalCard","Beam Cell"],"picked":"FIFO Queue","floor":20},{"not_picked":["Redo","Sweeping Beam"],"picked":"Streamline","floor":22},{"not_picked":["Coolheaded+1","Hologram"],"picked":"Leap","floor":28},{"not_picked":["Genetic Algorithm+1","ReplaySort"],"picked":"Ball Lightning","floor":31},{"not_picked":["ReplayRNGCard","Echo Form"],"picked":"Buffer","floor":33},{"not_picked":["Time Bomb","Streamline"],"picked":"Storm","floor":35},{"not_picked":["Compile Driver+1","ReplayTheSpireMod:System Scan"],"picked":"Chaos","floor":38},{"not_picked":["Turbo","ReplayTheSpireMod:Omega Cannon"],"picked":"Aggregate","floor":40},{"not_picked":["Rebound","Heatsinks"],"picked":"Ball Lightning","floor":42},{"not_picked":["Steam","Leap"],"picked":"Consume","floor":45},{"not_picked":["Cold Snap+1","Coolheaded+1"],"picked":"Hello World","floor":46},{"not_picked":["Beam Cell+1","aspiration:Polymerization"],"picked":"Rebound","floor":48}],"player_experience":52420,"relics_obtained":[{"floor":2,"key":"Pet Ghost"},{"floor":6,"key":"Bird Faced Urn"},{"floor":9,"key":"Art of War"},{"floor":10,"key":"MawBank"},{"floor":26,"key":"Lantern"},{"floor":31,"key":"aspiration:MysteriousAuxiliaryCore"},{"floor":31,"key":"Replay:Bottled Eggs"},{"floor":40,"key":"Pantograph"},{"floor":40,"key":"ReplayTheSpireMod:Lightbulb"},{"floor":43,"key":"Divine Protection"}],"event_choices":[{"damage_healed":25,"gold_gain":0,"player_choice":"Banana","damage_taken":0,"max_hp_gain":0,"max_hp_loss":0,"event_name":"Big Fish","floor":4,"gold_loss":0},{"damage_healed":0,"gold_gain":0,"player_choice":"Grow","damage_taken":0,"max_hp_gain":0,"max_hp_loss":0,"event_name":"Living Wall","floor":5,"gold_loss":0,"cards_upgraded":["Zap"]},{"damage_healed":0,"gold_gain":0,"player_choice":"Ignored","damage_taken":0,"max_hp_gain":0,"max_hp_loss":0,"event_name":"Beggar","floor":19,"gold_loss":0},{"damage_healed":0,"gold_gain":0,"player_choice":"Simplicity","damage_taken":0,"max_hp_gain":0,"max_hp_loss":0,"event_name":"Back to Basics","floor":27,"gold_loss":0,"cards_upgraded":["Strike_B","Strike_B","Strike_B","Strike_B","Defend_B","Defend_B","Defend_B","Defend_B"]},{"damage_healed":0,"gold_gain":0,"player_choice":"Paid Fearfully","damage_taken":0,"max_hp_gain":0,"max_hp_loss":0,"event_name":"Masked Bandits","floor":29,"gold_loss":41},{"damage_healed":0,"gold_gain":0,"player_choice":"Fight","damage_taken":0,"max_hp_gain":0,"max_hp_loss":0,"event_name":"Colosseum","floor":31,"gold_loss":0},{"damage_healed":0,"gold_gain":0,"player_choice":"Fought Nobs","damage_taken":0,"max_hp_gain":0,"max_hp_loss":0,"event_name":"Colosseum","floor":31,"gold_loss":0},{"damage_healed":0,"gold_gain":0,"player_choice":"Forge","damage_taken":0,"max_hp_gain":0,"max_hp_loss":0,"event_name":"Accursed Blacksmith","floor":39,"gold_loss":0,"cards_upgraded":["Buffer"]}],"is_beta":false,"boss_relics":[{"not_picked":["aspiration:RitualDagger","aspiration:WatcherSkillbook"],"picked":"aspiration:Stellarator"},{"not_picked":["Philosopher\u0027s Stone","ChewingGum"],"picked":"Black Star"}],"items_purged_floors":[],"is_endless":false,"potions_floor_spawned":[3,6,10,13,16,20,28,40,45,46],"killed_by":"Donu and Deca","ascension_level":0}}