{"host":"0e3sjn8nzeyxegex","time":1609437334,"event":{"mods":["Act Like it!","AlwaysNeverKeys","BaseMod","Better Altar","Better Note","Better Sensory Stone","Better Skull","Better Third Choice","Better Vampires","Colored Map","Friendly Minions","Minty Spire (QoL Compilation)","Permanent Neow","Quick Restart","StSLib","The Alterego","The Marked","Yakumo Yukari mod"],"gold_per_floor":[111,126,144,164,264,264,296,296,323,334,334,367,385,405,405,501,501,511,523,83,103,117,117,131,131,131,148,182,182,207,240,240,240,240],"floor_reached":33,"playtime":1774,"items_purged":["theMarked:Strike"],"score":301,"play_id":"fec82cda-4b40-47d3-b433-4b44aa4b6ec7","local_time":"20201231125534","is_ascension_mode":false,"campfire_choices":[{"data":"theMarked:Static","floor":6.0,"key":"SMITH"},{"data":"theMarked:Parry","floor":8.0,"key":"SMITH"},{"data":"theMarked:StartUp","floor":11.0,"key":"SMITH"},{"data":"theMarked:ParalyzingBlade","floor":15.0,"key":"SMITH"},{"data":"theMarked:Challenge","floor":23.0,"key":"SMITH"},{"data":"theMarked:WardOff","floor":25.0,"key":"SMITH"},{"data":"theMarked:TwofoldDefense","floor":29.0,"key":"SMITH"},{"data":"theMarked:Parkour","floor":32,"key":"SMITH"}],"circlet_count":0,"master_deck":["theMarked:Strike","theMarked:Strike","theMarked:Strike","theMarked:Strike","theMarked:Defend","theMarked:Defend","theMarked:Defend","theMarked:Defend","theMarked:SoldierOfQuellstein+1","theMarked:Parry+1","theMarked:Static+1","theMarked:BanishingWave","theMarked:StartUp+1","theMarked:TwofoldDefense+1","theMarked:Parkour+1","theMarked:ParalyzingBlade+1","theMarked:Challenge+1","theMarked:WardOff+1","theMarked:ParalyzingBlade+1","theMarked:WastefulDefense+1","theMarked:TwofoldDefense+1","theMarked:TakeCover+1"],"relics":["theMarked:ArtifactOfAir","Boot","Smiling Mask","Potion Belt","Coffee Dripper","Vajra","Letter Opener","Bottled Flame","Bag of Marbles","Oddly Smooth Stone","Question Card"],"acts_visited":["Exordium","TheCity"],"potions_floor_usage":[33,33],"damage_taken":[{"damage":0.0,"enemies":"Jaw Worm","floor":1.0,"turns":3.0},{"damage":0.0,"enemies":"Cultist","floor":2.0,"turns":3.0},{"damage":0.0,"enemies":"2 Louse","floor":3.0,"turns":2.0},{"damage":0.0,"enemies":"Lots of Slimes","floor":4.0,"turns":1.0},{"damage":8.0,"enemies":"Lagavulin","floor":7.0,"turns":5.0},{"damage":0.0,"enemies":"Exordium Thugs","floor":10.0,"turns":3.0},{"damage":11.0,"enemies":"3 Sentries","floor":12.0,"turns":7.0},{"damage":7.0,"enemies":"2 Fungi Beasts","floor":13.0,"turns":2.0},{"damage":0.0,"enemies":"Blue Slaver","floor":14.0,"turns":3.0},{"damage":20.0,"enemies":"The Guardian","floor":16.0,"turns":10.0},{"damage":0.0,"enemies":"Spheric Guardian","floor":18.0,"turns":3.0},{"damage":9.0,"enemies":"Shell Parasite","floor":19.0,"turns":6.0},{"damage":16.0,"enemies":"Snake Plant","floor":21.0,"turns":4.0},{"damage":0.0,"enemies":"3 Cultists","floor":22.0,"turns":5.0},{"damage":8.0,"enemies":"Shelled Parasite and Fungi","floor":24.0,"turns":5.0},{"damage":0.0,"enemies":"Cultist and Chosen","floor":27.0,"turns":5.0},{"damage":11.0,"enemies":"Gremlin Leader","floor":28.0,"turns":7.0},{"damage":14,"enemies":"Slavers","floor":31,"turns":6},{"damage":6,"enemies":"Automaton","floor":33,"turns":5}],"seed_played":"-2103611827037137696","potions_obtained":[{"floor":2.0,"key":"Weak Potion"},{"floor":3.0,"key":"SkillPotion"},{"floor":10.0,"key":"PowerPotion"},{"floor":13.0,"key":"SneckoOil"},{"floor":18.0,"key":"FearPotion"},{"floor":19.0,"key":"theMarked:ChargePotion"}],"is_trial":false,"path_per_floor":["M","M","M","M","?","R","E","R","T","M","R","E","M","M","R","B",null,"M","M","$","M","M","R","M","R","T","M","E","R","T","E","R","B"],"character_chosen":"THE_DEFAULT","items_purchased":["Vajra","Letter Opener"],"campfire_rested":0,"item_purchase_floors":[20,20],"current_hp_per_floor":[70,70,70,70,70,70,62,62,62,62,62,51,44,44,44,24,70,70,61,61,45,45,45,37,37,37,37,26,26,26,12,12,6,6],"gold":240,"neow_bonus":"UPGRADE_CARD","is_daily":false,"chose_seed":false,"campfire_upgraded":8,"win_rate":0.0,"timestamp":1609437334,"path_taken":["M","M","M","M","?","R","E","R","T","M","R","E","M","M","R","BOSS","M","M","$","M","?","R","M","R","T","M","E","R","?","E","R","BOSS"],"items_purchased_type":["Relic","Relic"],"build_version":"2020-12-22","purchased_purges":1,"victory":false,"max_hp_per_floor":[70,70,70,70,70,70,70,70,70,70,70,70,70,70,70,70,70,70,70,70,70,70,70,70,70,70,70,70,70,70,70,70,70,70],"card_choices":[{"not_picked":["theMarked:ContemptForTheProud","theMarked:DeterminationOfTheMarked"],"picked":"theMarked:Parry","floor":1.0},{"not_picked":["theMarked:ElectricStrings","theMarked:Convert"],"picked":"theMarked:Static","floor":2.0},{"not_picked":["theMarked:Static","theMarked:ElectricStrings"],"picked":"theMarked:BanishingWave","floor":3.0},{"not_picked":["theMarked:ResourceFulStrike","theMarked:Improvise"],"picked":"theMarked:StartUp","floor":4.0},{"not_picked":["theMarked:ResourceFulStrike","theMarked:HeightenedSenses"],"picked":"theMarked:TwofoldDefense","floor":7.0},{"not_picked":["theMarked:ComboAttacks","theMarked:RogueSparks"],"picked":"theMarked:Parkour","floor":10.0},{"not_picked":["theMarked:ElectricStrings","theMarked:BanishingStrike","theMarked:BanishingWave"],"picked":"SKIP","floor":12.0},{"not_picked":["theMarked:WastefulAttack","theMarked:ResourceFulStrike","theMarked:SwordAndMagic"],"picked":"SKIP","floor":13.0},{"not_picked":["theMarked:Aftermath","theMarked:Frustration"],"picked":"theMarked:ParalyzingBlade","floor":14.0},{"not_picked":["theMarked:MuscleMemory","theMarked:DispelDoubt"],"picked":"theMarked:Challenge","floor":16.0},{"not_picked":["theMarked:ChainLightning","theMarked:EnhanceMovement"],"picked":"theMarked:WardOff","floor":18.0},{"not_picked":["theMarked:Overcharge","theMarked:Aftermath+1"],"picked":"theMarked:ParalyzingBlade+1","floor":19.0},{"not_picked":["theMarked:RepellingDischarge","theMarked:Parkour+1"],"picked":"theMarked:WastefulDefense+1","floor":21.0},{"not_picked":["theMarked:Polarize","theMarked:RepellingDischarge","theMarked:WastefulDefense"],"picked":"SKIP","floor":22.0},{"not_picked":["theMarked:Overthink+1","theMarked:Parry"],"picked":"theMarked:TwofoldDefense+1","floor":24.0},{"not_picked":["theMarked:TunnelVision","theMarked:ElectricStrings"],"picked":"theMarked:TakeCover+1","floor":27.0},{"not_picked":["theMarked:Polarize","theMarked:KeepCalmAndFightOn","theMarked:Vacuum"],"picked":"SKIP","floor":28.0},{"not_picked":["theMarked:ElectricStrings","theMarked:CreepingChasm","theMarked:WastefulAttack"],"picked":"SKIP","floor":31}],"player_experience":1153427,"relics_obtained":[{"floor":7.0,"key":"Boot"},{"floor":9.0,"key":"Smiling Mask"},{"floor":12.0,"key":"Potion Belt"},{"floor":26.0,"key":"Bottled Flame"},{"floor":28.0,"key":"Bag of Marbles"},{"floor":30.0,"key":"Oddly Smooth Stone"},{"floor":31,"key":"Question Card"}],"event_choices":[{"damage_healed":0.0,"max_hp_gain":0.0,"max_hp_loss":0.0,"gold_gain":100.0,"event_name":"Golden Shrine","player_choice":"Pray","floor":5.0,"gold_loss":0.0,"damage_taken":0.0}],"is_beta":false,"boss_relics":[{"not_picked":["theMarked:BronzeBlade","Fusion Hammer"],"picked":"Coffee Dripper"}],"items_purged_floors":[20],"is_endless":false,"potions_floor_spawned":[2,3,10,13,18,19],"killed_by":"Automaton","ascension_level":0}}