{"host":"963ykkbusvcbqwtq","time":1609411721,"event":{"mods":["2.2 Compatiblity","AchievementEnabler","Arknights The Spire","BaseMod","Colored Map","GifTheSpireLib","GungeonMod","Lobotomy","Luminous","Minty Spire (QoL Compilation)","StSLib","SuperFastMode","The Bug Knight"],"gold_per_floor":[110,110,129,129,331,331,405,440,491,512,557,557,588,608,608,738,738,758,277,308,333,354,354,404,404,404,404,429,452,468,489,514,514,514,514],"floor_reached":34,"playtime":1322,"items_purged":["DemoMod:Strike_Huntress","DemoMod:GunslingerForm"],"score":381,"play_id":"9f4dad11-4a1e-4381-abd4-1a31ed26d249","local_time":"20201231194841","is_ascension_mode":true,"campfire_choices":[{"data":"DemoMod:Casey","floor":6.0,"key":"SMITH"},{"data":"DemoMod:TableSutra","floor":12.0,"key":"SMITH"},{"data":"DemoMod:FortunesFavor","floor":15.0,"key":"SMITH"},{"data":"DemoMod:BalloonGun","floor":23,"key":"SMITH"},{"data":"DemoMod:SpreadAmmo","floor":25,"key":"SMITH"},{"data":"DemoMod:ConditionalReflex","floor":27,"key":"SMITH"},{"floor":33,"key":"REST"}],"circlet_count":0,"master_deck":["DemoMod:Defend_Huntress","DemoMod:Defend_Huntress","DemoMod:Roll","DemoMod:ManualReload","DemoMod:RustySidearm","DemoMod:CrossBow+1","DemoMod:SpreadAmmo+1","DemoMod:Casey+1","DemoMod:FortunesFavor+1","DemoMod:TableSutra+1","DemoMod:ProbeStrike","DemoMod:ConditionalReflex+1","DemoMod:BalloonGun+1","DemoMod:TripleGun+1","DemoMod:GunslingerForm+1","DemoMod:BattleInHaste","DemoMod:AWP","DemoMod:StrategicReserve+1","DemoMod:PotionOfGunFriendShip+1","DemoMod:HungryBullets+1"],"relics":["DemoMod:Dog","CogitoBucket","RabbitCall","Golden Idol","HollowMod:JonisBlessing","DemoMod:LamentConfigurum","Ornamental Fan","Whetstone","ats:Originium","DemoMod:ChaffGrenade","Nunchaku","Boot","DemoMod:Bottle","LuminousBracelet","Astrolabe","OrangePellets","Bag of Marbles","Red Mask","SkinProphecy","Theresia","AtMidnight"],"acts_visited":["Exordium","TheCity","DemoMod:Maze"],"potions_floor_usage":[22],"damage_taken":[{"damage":0.0,"enemies":"2 Louse","floor":1.0,"turns":3.0},{"damage":0.0,"enemies":"Small Slimes","floor":3.0,"turns":4.0},{"damage":23.0,"enemies":"3 Sentries","floor":7.0,"turns":8.0},{"damage":9.0,"enemies":"Gremlin Nob","floor":8.0,"turns":4.0},{"damage":0.0,"enemies":"Jaw Worm","floor":10.0,"turns":3.0},{"damage":0.0,"enemies":"Lagavulin","floor":11.0,"turns":6.0},{"damage":0.0,"enemies":"Gremlin Nob","floor":13.0,"turns":4.0},{"damage":0.0,"enemies":"Blue Slaver","floor":14.0,"turns":4.0},{"damage":20.0,"enemies":"Hexaghost","floor":16.0,"turns":14.0},{"damage":3.0,"enemies":"Shell Parasite","floor":18.0,"turns":5.0},{"damage":0,"enemies":"Masked Bandits","floor":20,"turns":3},{"damage":0,"enemies":"Chosen","floor":21,"turns":5},{"damage":8,"enemies":"Sentry and Sphere","floor":22,"turns":10},{"damage":0,"enemies":"DemoMod:Veteran_shot_gun_kin_and_bullet_kin","floor":28,"turns":1},{"damage":0,"enemies":"DemoMod:4_Bullet_Kins","floor":29,"turns":4},{"damage":0,"enemies":"DemoMod:Red_and_blue_shotgun_kin_with_gunsinger","floor":30,"turns":3},{"damage":7,"enemies":"DemoMod:Veteran_shot_gun_kin_and_red_shotgun_kin_with_gunsinger","floor":31,"turns":2},{"damage":20,"enemies":"DemoMod:Veteran_shot_gun_kin_and_blue_shotgun_kin_with_gunsinger","floor":32,"turns":6},{"damage":35,"enemies":"DemoMod:ResourcefulRat","floor":34,"turns":16}],"seed_played":"-8880601794677281061","potions_obtained":[{"floor":3.0,"key":"Energy Potion"},{"floor":10.0,"key":"Weak Potion"},{"floor":14.0,"key":"SteroidPotion"},{"floor":22,"key":"Strength Potion"},{"floor":28,"key":"FearPotion"}],"is_trial":false,"path_per_floor":["M","?","M","?","$","R","?","E","T","M","E","R","E","M","R","B",null,"M","$","?","M","M","R","?","R","T","R","M","M","M","M","M","R","B"],"character_chosen":"HUNTRESS","items_purchased":["HollowMod:JonisBlessing","DemoMod:LamentConfigurum","Ornamental Fan","DemoMod:GnawedKey","DemoMod:Casey","OrangePellets","Bag of Marbles","DemoMod:AWP"],"campfire_rested":1,"item_purchase_floors":[5,5,5,5,5,19,19,19],"current_hp_per_floor":[70,53,53,53,53,53,30,21,21,21,21,21,21,36,36,16,75,72,72,72,65,57,57,57,57,65,65,61,57,53,42,14,34,0,0],"gold":514,"neow_bonus":"","is_daily":false,"chose_seed":false,"campfire_upgraded":6,"win_rate":0.0,"timestamp":1609411721,"path_taken":["M","?","M","?","$","R","?","E","T","M","E","R","E","M","R","BOSS","M","$","?","M","M","R","?","R","T","R","M","M","M","M","M","R","BOSS"],"items_purchased_type":["Relic","Relic","Relic","Relic","Card","Relic","Relic","Card"],"build_version":"2020-12-22","purchased_purges":2,"victory":false,"max_hp_per_floor":[70,70,70,70,70,70,70,70,70,70,70,70,70,85,85,75,75,75,75,75,65,65,65,65,65,65,65,67,69,61,63,67,67,59,59],"card_choices":[{"not_picked":["DemoMod:Replace","DemoMod:HungryBullets"],"picked":"DemoMod:SpreadAmmo","floor":1.0},{"not_picked":["DemoMod:BattleInHaste","DemoMod:DirectionalPad","DemoMod:CombinedRifle"],"picked":"SKIP","floor":3.0},{"not_picked":["DemoMod:Ejector","DemoMod:AbyssalTentacle"],"picked":"DemoMod:FortunesFavor","floor":7.0},{"not_picked":["DemoMod:ProbeStrike","DemoMod:SkilledReload"],"picked":"DemoMod:TableSutra","floor":8.0},{"not_picked":["DemoMod:Ejector","DemoMod:Casey","DemoMod:Replace"],"picked":"SKIP","floor":10.0},{"not_picked":["DemoMod:Replace","DemoMod:ConditionalReflex"],"picked":"DemoMod:GunslingerForm","floor":11.0},{"not_picked":["DemoMod:CombinedRifle","DemoMod:PracticeMakesPerfect"],"picked":"DemoMod:ProbeStrike","floor":13.0},{"not_picked":["DemoMod:JK47","DemoMod:BattleInHaste"],"picked":"DemoMod:ConditionalReflex","floor":14.0},{"not_picked":["DemoMod:Slinger","DemoMod:BlackHoleGun"],"picked":"DemoMod:BalloonGun","floor":16.0},{"not_picked":["DemoMod:SniperShot","DemoMod:ChanceBullets"],"picked":"DemoMod:BattleInHaste","floor":18.0},{"not_picked":["DemoMod:AbyssalTentacle","DemoMod:ChanceBullets","DemoMod:SAA"],"picked":"SKIP","floor":21},{"not_picked":["DemoMod:SAA","DemoMod:ChanceBullets","DemoMod:Ejector"],"picked":"SKIP","floor":22},{"not_picked":["DemoMod:Unmoved","DemoMod:DirectionalPad"],"picked":"DemoMod:StrategicReserve+1","floor":28},{"not_picked":["DemoMod:Unity+1","DemoMod:SAA","DemoMod:ConditionalReflex"],"picked":"SKIP","floor":29},{"not_picked":["DemoMod:FeignSurrender+1","DemoMod:LifeOrb","DemoMod:DoubleSwitch"],"picked":"SKIP","floor":30},{"not_picked":["DemoMod:BattleInHaste+1","DemoMod:ProbeStrike"],"picked":"DemoMod:PotionOfGunFriendShip+1","floor":31},{"not_picked":["DemoMod:Unity","DemoMod:BattleInHaste"],"picked":"DemoMod:HungryBullets+1","floor":32}],"player_experience":221993,"relics_obtained":[{"floor":7.0,"key":"Whetstone"},{"floor":8.0,"key":"ats:Originium"},{"floor":8.0,"key":"DemoMod:ChaffGrenade"},{"floor":9.0,"key":"Nunchaku"},{"floor":11.0,"key":"ats:Originium"},{"floor":11.0,"key":"Boot"},{"floor":13.0,"key":"DemoMod:Bottle"},{"floor":20,"key":"Red Mask"},{"floor":32,"key":"AtMidnight"}],"event_choices":[{"damage_healed":0.0,"max_hp_gain":0.0,"max_hp_loss":0.0,"gold_gain":0.0,"event_name":"Golden Idol","player_choice":"Take Damage","floor":2.0,"gold_loss":0.0,"damage_taken":17.0,"relics_obtained":["Golden Idol"]},{"damage_healed":0.0,"max_hp_gain":0.0,"max_hp_loss":0.0,"gold_gain":0.0,"event_name":"Liars Game","player_choice":"Ignored","floor":4.0,"gold_loss":0.0,"damage_taken":0.0},{"damage_healed":0.0,"max_hp_gain":0.0,"max_hp_loss":0.0,"gold_gain":0.0,"event_name":"Dead Adventurer","player_choice":"Searched \u00272\u0027 times","floor":7.0,"gold_loss":0.0,"damage_taken":0.0},{"damage_healed":0,"gold_gain":0,"player_choice":"Fought Bandits","damage_taken":0,"max_hp_gain":0,"max_hp_loss":0,"event_name":"Masked Bandits","floor":20,"gold_loss":0},{"damage_healed":0,"gold_gain":100,"player_choice":"Bet on Murderer","damage_taken":0,"max_hp_gain":0,"max_hp_loss":0,"event_name":"The Joust","floor":24,"gold_loss":50}],"is_beta":false,"boss_relics":[{"not_picked":["Calling Bell","DemoMod:ElasticCartridgeClip"],"picked":"Astrolabe"}],"items_purged_floors":[5,19],"is_endless":false,"potions_floor_spawned":[3,10,14,22,28],"killed_by":"DemoMod:ResourcefulRat","ascension_level":2}}