{"host":"jm9833yuloeli2yd","time":1609382024,"event":{"mods":["AchievementEnabler","BaseMod","Better Altar","Better Match","Better Note","Better Sensory Stone","Better Skull","Better Third Choice","Better Vampires","BetterRewards","Colored Map","Colored Powertips","DeckTracker","Marked Mod","Minty Spire (QoL Compilation)","Permanent Neow","Quick Restart","StSLib","SuperFastMode"],"gold_per_floor":[115,125,125,15,15,15,15,25,79,111,111,111,111],"floor_reached":12,"playtime":171,"items_purged":[],"score":172,"play_id":"00814f7e-322f-44ce-a235-a0071a6a9675","local_time":"20201230213344","is_ascension_mode":true,"campfire_choices":[{"floor":7.0,"key":"REST"},{"floor":11.0,"key":"REST"}],"circlet_count":0,"master_deck":["AscendersBane","Strike_B","Strike_B","Strike_B+1","Defend_B","Defend_B+1","Defend_B+1","Defend_B","Zap+1","Dualcast","Rebound","Defragment","Gash+1","Loop","Hologram","Ball Lightning"],"relics":["Cracked Core","War Paint","Whetstone","Bag of Marbles"],"acts_visited":["Exordium"],"potions_floor_usage":[],"damage_taken":[{"damage":7.0,"enemies":"2 Louse","floor":1.0,"turns":2.0},{"damage":2.0,"enemies":"Jaw Worm","floor":2.0,"turns":2.0},{"damage":2.0,"enemies":"3 Sentries","floor":6.0,"turns":2.0},{"damage":4.0,"enemies":"Small Slimes","floor":8.0,"turns":3.0},{"damage":11.0,"enemies":"Lagavulin","floor":10.0,"turns":6.0},{"damage":38,"enemies":"Gremlin Nob","floor":12,"turns":3}],"seed_played":"119919182306599754","potions_obtained":[{"floor":2.0,"key":"SmokeBomb"},{"floor":8.0,"key":"EssenceOfSteel"}],"is_trial":false,"path_per_floor":["M","M","?","$","?","E","R","M","T","E","R","E"],"character_chosen":"DEFECT","items_purchased":["Gash","Loop"],"campfire_rested":2,"item_purchase_floors":[4,4],"current_hp_per_floor":[57,55,48,48,3,1,22,18,18,7,28,0,0],"gold":111,"neow_bonus":"UPGRADE_CARD","is_daily":false,"chose_seed":false,"campfire_upgraded":0,"win_rate":0.0,"timestamp":1609382024,"path_taken":["M","M","?","$","?","E","R","M","T","E","R","E"],"items_purchased_type":["Card","Card"],"build_version":"2020-12-22","purchased_purges":0,"victory":false,"max_hp_per_floor":[71,71,71,71,71,71,71,71,71,71,71,71,71],"card_choices":[{"not_picked":["Leap","Conserve Battery"],"picked":"Rebound","floor":1.0},{"not_picked":["Redo","Turbo"],"picked":"Defragment","floor":2.0},{"not_picked":["Rip and Tear","Rebound"],"picked":"Hologram","floor":8.0},{"not_picked":["Beam Cell","Go for the Eyes"],"picked":"Ball Lightning","floor":10.0}],"player_experience":1200588,"relics_obtained":[{"floor":9.0,"key":"Whetstone"},{"floor":10.0,"key":"Bag of Marbles"}],"event_choices":[{"cards_removed":["Strike_B"],"damage_healed":0.0,"max_hp_gain":0.0,"max_hp_loss":0.0,"gold_gain":0.0,"event_name":"Golden Wing","player_choice":"Card Removal","floor":3.0,"gold_loss":0.0,"damage_taken":7.0},{"damage_healed":0.0,"max_hp_gain":0.0,"max_hp_loss":0.0,"gold_gain":0.0,"event_name":"betterThird:BetterScrap","player_choice":"Relic ","floor":5.0,"gold_loss":0.0,"damage_taken":45.0,"cards_obtained":["Skewer"]}],"is_beta":false,"boss_relics":[],"items_purged_floors":[],"is_endless":false,"potions_floor_spawned":[2,6,8],"killed_by":"Gremlin Nob","ascension_level":20}}