{"host":"h3yie3u3olngyjol","time":1609390312,"event":{"mods":["BaseMod","Colored Powertips","Downfall","Highlight Path","Infinite Spire","Lobotomy","LobotomyExtend","Marked Mod","Minty Spire (QoL Compilation)","Prisma Mod","Replay The Spire","RumiaBox-露米娅的神秘盒子","Shop Mod","StSLib","The Hierophant","The Runesmith","vexMod"],"gold_per_floor":[114,126,126,144,144,144,144,144],"floor_reached":7,"playtime":223,"items_purged":[],"score":76,"play_id":"7b446532-8b3a-4f52-a37a-0c03e034121c","local_time":"20201231125152","is_ascension_mode":true,"campfire_choices":[{"floor":6,"key":"REST"}],"circlet_count":0,"master_deck":["AscendersBane","Strike_P","Strike_P","Strike_P","Strike_P","Defend_P","Defend_P","Defend_P","Defend_P","Eruption","Vigilance","LongBird","Crescendo","SignatureMove"],"relics":["PureWater","CogitoBucket","LetterFromLob","Golden Idol"],"acts_visited":["Exordium"],"potions_floor_usage":[],"damage_taken":[{"damage":0,"enemies":"2 Louse","floor":1,"turns":2},{"damage":19,"enemies":"Small Slimes","floor":2,"turns":3},{"damage":7,"enemies":"Jaw Worm","floor":4,"turns":2},{"damage":47,"enemies":"3 Sentries","floor":7,"turns":4}],"seed_played":"-1647832684361257096","potions_obtained":[],"is_trial":false,"path_per_floor":["M","M","?","M","?","R","E"],"character_chosen":"WATCHER","items_purchased":[],"campfire_rested":1,"item_purchase_floors":[],"current_hp_per_floor":[61,42,19,12,12,32,0,0],"gold":144,"neow_bonus":"","is_daily":false,"chose_seed":false,"campfire_upgraded":0,"win_rate":0.0,"timestamp":1609390312,"path_taken":["M","M","?","M","?","R","E"],"items_purchased_type":[],"build_version":"2020-12-22","purchased_purges":0,"victory":false,"max_hp_per_floor":[68,68,68,68,68,68,68,68],"card_choices":[{"not_picked":["GalaxyChild","Murderer"],"picked":"LongBird","floor":1},{"not_picked":["PathToVictory","Halt"],"picked":"Crescendo","floor":1},{"not_picked":["BeautyBeast","LaLuna","ShyLook"],"picked":"Singing Bowl","floor":2},{"not_picked":["WindmillStrike","Consecrate"],"picked":"SignatureMove","floor":2},{"not_picked":["Scorched","CrumblingArmor","LaLuna"],"picked":"Singing Bowl","floor":4},{"not_picked":["Replay:Anticipation","Evaluate","CutThroughFate"],"picked":"SKIP","floor":4}],"player_experience":447617,"relics_obtained":[{"floor":1,"key":"LetterFromLob"}],"event_choices":[{"damage_healed":0,"gold_gain":0,"player_choice":"Take Damage","damage_taken":23,"relics_obtained":["Golden Idol"],"max_hp_gain":0,"max_hp_loss":0,"event_name":"Golden Idol","floor":3,"gold_loss":0},{"damage_healed":0,"gold_gain":0,"player_choice":"Fled","damage_taken":0,"max_hp_gain":0,"max_hp_loss":0,"event_name":"Scrap Ooze","floor":5,"gold_loss":0}],"is_beta":false,"boss_relics":[],"items_purged_floors":[],"is_endless":false,"potions_floor_spawned":[],"killed_by":"3 Sentries","ascension_level":17}}