{"host":"17xjy7b7ubl548g2","time":1609399314,"event":{"mods":["2.2 Compatiblity","Act Like it!","Aspiration","Astrologer","Bard","BaseMod","Bestiary","Challenge The Spire","ChefMod","Colored Map","Conspire","Elementarium","Energized Spire","GifTheSpireLib","Halation","Hallownest","Hubris","Infinite Spire","Jedi Mod","Jorbs\u0027s Wanderer Trilogy","Marisa（霧雨　魔理沙）","Marked Mod","Minty Spire (QoL Compilation)","Pale of the Ancients","Permanent Neow","Puzzle Mod","Replay The Spire","Robot Space Explorer","Spicy Shops","StSLib","Stuff the Spire","The Blue Laboratory","The Bug Knight","The Construct","The Disciple","The Hayseed","The Hierophant","The Marked","The Runesmith","The Sage"],"gold_per_floor":[111,111,211,221,221,221,233,268,268,268,288,308,308,340,340,445,445,459,476,476,476,494,524,524,554,554,566,592,692,692,719,719,824,824,836,836,252,252,252,252,277,277,277,305,305,324,324,343,343,343,343],"floor_reached":50,"playtime":5288,"items_purged":["theMarked:Strike","theMarked:Strike","theMarked:Strike"],"score":700,"play_id":"a24d353f-0371-4488-9642-b1067db93fd2","local_time":"20201231022154","is_ascension_mode":true,"campfire_choices":[{"data":"theMarked:SoldierOfQuellstein","floor":6.0,"key":"SMITH"},{"data":"theMarked:StartUp","floor":10.0,"key":"SMITH"},{"data":"theMarked:MagicAdept","floor":13.0,"key":"SMITH"},{"data":"theMarked:Parkour","floor":15.0,"key":"SMITH"},{"data":"infinitespire:Menacing","floor":24.0,"key":"SMITH"},{"data":"theMarked:TurnInvisible","floor":30.0,"key":"SMITH"},{"data":"theMarked:Parry","floor":32.0,"key":"SMITH"},{"data":"theMarked:Abjuration","floor":40,"key":"SMITH"},{"data":"infinitespire:DeathsTouch","floor":42,"key":"SMITH"},{"floor":47,"key":"DIG"},{"floor":49,"key":"RECALL"}],"circlet_count":0,"master_deck":["theMarked:Strike","theMarked:Defend+1","theMarked:Defend+1","theMarked:Defend","theMarked:Defend","theMarked:SoldierOfQuellstein+1","theMarked:MagicAdept+1","theMarked:ResourceFulStrike","theMarked:TwofoldDefense","theMarked:Parkour+1","theMarked:StartUp+1","theMarked:ChainLightning","theMarked:SwordAndMagic","theMarked:ChainLightning","theMarked:TurnInvisible+1","theMarked:Static+1","theMarked:ParalyzingBlade+1","infinitespire:Collect","infinitespire:Menacing+1","theMarked:WastefulDefense+1","theMarked:Parkour","theMarked:FavorableWinds","theMarked:RepellingDischarge","theMarked:Parry+1","theMarked:HeightenedSenses","theMarked:MuscleMemory","theMarked:ChainLightning","theMarked:Abjuration+1","theMarked:ComboAttacks+1","theMarked:MaelstromOfLightning","infinitespire:DeathsTouch+1","theMarked:Seal+1","theMarked:ElectricStrings","theMarked:Parkour+1"],"relics":["theMarked:ArtifactOfAir","Eternal Feather","halation:EternalFortune","aspiration:ChemicalBlood","Replay:Wax Seal","Bag of Preparation","energizedSpire:OgreHead","halation:SwordOfLegend","StuffTheSpire:SapphireSignet","Shovel","Kunai","conspire:GiftBox","halation:KoshaPiece","conspire:SpecialSausage","Toy Ornithopter","jedi:shrinkray","War Paint","Replay:WaspNest","Dead Branch","halation:LettersToHer","Omamori"],"acts_visited":["Exordium","TheCity","TheBeyond"],"potions_floor_usage":[41,41,44,50,50],"damage_taken":[{"damage":0.0,"enemies":"Small Slimes","floor":1.0,"turns":3.0},{"damage":2.0,"enemies":"2 Louse","floor":4.0,"turns":2.0},{"damage":1.0,"enemies":"Cultist","floor":7.0,"turns":3.0},{"damage":11.0,"enemies":"Lagavulin","floor":8.0,"turns":7.0},{"damage":0.0,"enemies":"3 Louse","floor":11.0,"turns":3.0},{"damage":1.0,"enemies":"Looter","floor":12.0,"turns":3.0},{"damage":11.0,"enemies":"3 Sentries","floor":14.0,"turns":5.0},{"damage":54.0,"enemies":"Hexaghost","floor":16.0,"turns":10.0},{"damage":2.0,"enemies":"Chosen","floor":18.0,"turns":4.0},{"damage":0.0,"enemies":"Spheric Guardian","floor":19.0,"turns":2.0},{"damage":12.0,"enemies":"Snake Plant","floor":22.0,"turns":4.0},{"damage":0.0,"enemies":"Slavers","floor":23.0,"turns":3.0},{"damage":5.0,"enemies":"Gremlin Leader","floor":25.0,"turns":5.0},{"damage":8.0,"enemies":"Sentry and Sphere","floor":27.0,"turns":4.0},{"damage":4.0,"enemies":"Nightmare","floor":28.0,"turns":10.0},{"damage":7.0,"enemies":"Colosseum Slavers","floor":29.0,"turns":4.0},{"damage":20.0,"enemies":"Colosseum Nobs","floor":29.0,"turns":4.0},{"damage":20.0,"enemies":"Slavers","floor":31.0,"turns":5.0},{"damage":21.0,"enemies":"Champ","floor":33.0,"turns":9.0},{"damage":0.0,"enemies":"3 Shapes","floor":35.0,"turns":4.0},{"damage":42,"enemies":"Nightmare","floor":41,"turns":9},{"damage":12,"enemies":"R_Hoarder","floor":44,"turns":5},{"damage":0,"enemies":"Orb Walker","floor":46,"turns":2},{"damage":3,"enemies":"4 Shapes","floor":48,"turns":3},{"damage":92,"enemies":"conspire:OrnateMirror","floor":50,"turns":7}],"seed_played":"5952773902424317425","potions_obtained":[{"floor":8.0,"key":"PowerPotion"},{"floor":16.0,"key":"GamblersBrew"},{"floor":19.0,"key":"Explosive Potion"},{"floor":23.0,"key":"Death Potion"},{"floor":25.0,"key":"Dexterity Potion"},{"floor":27.0,"key":"PowerPotion"},{"floor":31.0,"key":"blueLaboratory:NullPotion"},{"floor":35.0,"key":"blueLaboratory:FruitPunch"}],"is_trial":false,"path_per_floor":["M","?","?","M","?","R","M","E","T","R","M","M","R","E","R","B",null,"M","M","AVR","?","M","E","R","E","T","M","NM","?","R","E","R","B",null,"M","?","$","?","?","R","NM","R","T","E","AVR","M","R","M","R","B"],"character_chosen":"THE_DEFAULT","items_purchased":["theMarked:ComboAttacks+1","Toy Ornithopter","jedi:shrinkray","theMarked:MaelstromOfLightning","Adrenaline Potion"],"campfire_rested":0,"item_purchase_floors":[37,37,37,37,37],"current_hp_per_floor":[70,45,45,43,46,52,51,40,40,49,49,48,57,46,55,1,73,71,71,71,71,62,62,73,68,68,64,63,38,59,39,57,40,79,79,79,79,79,79,79,39,60,60,53,53,53,77,74,81,0,0],"gold":343,"neow_bonus":"ONE_RANDOM_RARE_CARD","is_daily":false,"chose_seed":false,"campfire_upgraded":9,"win_rate":0.0,"timestamp":1609399314,"path_taken":["M","?","?","?","?","R","M","E","T","R","M","M","R","E","R","BOSS","M","M","AVR","?","M","E","R","E","T","?","NM","?","R","E","R","BOSS","M","?","$","?","?","R","NM","R","T","E","AVR","M","R","M","R","BOSS"],"items_purchased_type":["Card","Relic","Relic","Card","Potion"],"build_version":"2020-12-22","purchased_purges":3,"victory":false,"max_hp_per_floor":[70,70,70,70,73,73,73,73,73,73,73,73,73,73,73,73,73,73,73,73,73,76,76,76,76,76,76,79,79,79,79,79,79,79,79,79,79,79,79,79,81,81,81,81,81,81,81,81,81,81,81],"card_choices":[{"not_picked":["theMarked:ElectricStrings","theMarked:Overthink"],"picked":"theMarked:ResourceFulStrike","floor":1.0},{"not_picked":["theMarked:SwordAndMagic","theMarked:WastefulDefense"],"picked":"theMarked:TwofoldDefense","floor":4.0},{"not_picked":["theMarked:Indomitable","theMarked:Overthink"],"picked":"theMarked:Parkour","floor":7.0},{"not_picked":["theMarked:Convert","theMarked:WastefulDefense"],"picked":"theMarked:StartUp","floor":8.0},{"not_picked":["theMarked:ElectricStrings","theMarked:Vacuum"],"picked":"theMarked:ChainLightning","floor":11.0},{"not_picked":["theMarked:MysticalArsenal","theMarked:Standoff"],"picked":"theMarked:SwordAndMagic","floor":12.0},{"not_picked":["theMarked:MysticalArsenal","theMarked:Aftermath"],"picked":"theMarked:ChainLightning","floor":14.0},{"not_picked":["theMarked:UnarmedFury","theMarked:Vacuum"],"picked":"theMarked:TurnInvisible","floor":16.0},{"not_picked":["theMarked:ResourceFulStrike","theMarked:Indomitable"],"picked":"theMarked:Static+1","floor":18.0},{"not_picked":["theMarked:WastefulAttack","theMarked:SwordAndMagic"],"picked":"theMarked:ParalyzingBlade+1","floor":19.0},{"not_picked":["theMarked:ElectricStrings","theMarked:Panic+1"],"picked":"theMarked:WastefulDefense+1","floor":22.0},{"not_picked":["theMarked:BindingBlade","theMarked:Seal+1"],"picked":"theMarked:Parkour","floor":23.0},{"not_picked":["theMarked:MagicAdept","theMarked:ElectricStrings"],"picked":"theMarked:FavorableWinds","floor":25.0},{"not_picked":["theMarked:ElectricStrings","theMarked:EmpowerWeapon"],"picked":"theMarked:RepellingDischarge","floor":27.0},{"not_picked":["theMarked:MuscleMemory","theMarked:EmpowerWeapon"],"picked":"theMarked:Parry","floor":28.0},{"not_picked":["theMarked:EmpowerWeapon","theMarked:Generate"],"picked":"theMarked:HeightenedSenses","floor":29.0},{"not_picked":["theMarked:UnarmedFury","theMarked:TurnInvisible"],"picked":"theMarked:MuscleMemory","floor":29.0},{"not_picked":["theMarked:WastefulDefense","theMarked:WastefulAttack"],"picked":"theMarked:ChainLightning","floor":31.0},{"not_picked":["theMarked:BindingBlade","theMarked:FavorableWinds"],"picked":"theMarked:Abjuration","floor":33.0},{"not_picked":["theMarked:Aftermath+1","theMarked:TakeCover+1","theMarked:Parry"],"picked":"SKIP","floor":35.0},{"not_picked":["theMarked:Aftermath+1","theMarked:TakeCover+1","theMarked:Parry"],"picked":"SKIP","floor":35.0},{"not_picked":["infinitespire:Execution","hubris:InfiniteBlow"],"picked":"infinitespire:DeathsTouch","floor":41},{"not_picked":["theMarked:Panic+1","theMarked:PowerFlow+1"],"picked":"theMarked:Seal+1","floor":41},{"not_picked":["theMarked:Improvise+1","theMarked:Generate"],"picked":"theMarked:ElectricStrings","floor":44},{"not_picked":["theMarked:WastefulDefense+1","theMarked:WastefulAttack"],"picked":"theMarked:Parkour+1","floor":46},{"not_picked":["theMarked:ComboAttacks","theMarked:GodGivenPower+1","theMarked:Frustration"],"picked":"SKIP","floor":48}],"player_experience":1605218,"relics_obtained":[{"floor":8.0,"key":"aspiration:ChemicalBlood"},{"floor":9.0,"key":"Replay:Wax Seal"},{"floor":14.0,"key":"Bag of Preparation"},{"floor":22.0,"key":"halation:EternalFortune"},{"floor":23.0,"key":"halation:SwordOfLegend"},{"floor":25.0,"key":"StuffTheSpire:SapphireSignet"},{"floor":28.0,"key":"halation:EternalFortune"},{"floor":28.0,"key":"Shovel"},{"floor":29.0,"key":"Kunai"},{"floor":29.0,"key":"conspire:GiftBox"},{"floor":31.0,"key":"halation:KoshaPiece"},{"floor":41,"key":"War Paint"},{"floor":43,"key":"Replay:WaspNest"},{"floor":44,"key":"Dead Branch"},{"floor":47,"key":"Omamori"}],"event_choices":[{"damage_healed":0.0,"max_hp_gain":0.0,"max_hp_loss":0.0,"gold_gain":0.0,"event_name":"Scrap Ooze","player_choice":"Success","floor":2.0,"gold_loss":0.0,"damage_taken":25.0,"relics_obtained":["Eternal Feather"]},{"damage_healed":0.0,"max_hp_gain":0.0,"max_hp_loss":0.0,"gold_gain":100.0,"event_name":"Golden Shrine","player_choice":"Pray","floor":3.0,"gold_loss":0.0,"damage_taken":0.0},{"cards_removed":["theMarked:Strike"],"damage_healed":0.0,"max_hp_gain":0.0,"max_hp_loss":0.0,"gold_gain":0.0,"event_name":"Bonfire Elementals","player_choice":"Offered Basic","floor":21.0,"gold_loss":0.0,"damage_taken":0.0},{"damage_healed":0.0,"max_hp_gain":0.0,"max_hp_loss":0.0,"gold_gain":0.0,"event_name":"Colosseum","player_choice":"Fight","floor":29.0,"gold_loss":0.0,"damage_taken":0.0},{"damage_healed":0.0,"max_hp_gain":0.0,"max_hp_loss":0.0,"gold_gain":0.0,"event_name":"Colosseum","player_choice":"Fought Nobs","floor":29.0,"gold_loss":0.0,"damage_taken":0.0},{"damage_healed":0,"gold_gain":0,"player_choice":"Leave","damage_taken":0,"max_hp_gain":0,"max_hp_loss":0,"event_name":"conspire:Investor","floor":38,"gold_loss":0}],"is_beta":false,"boss_relics":[{"not_picked":["StuffTheSpire:Kangaroo","energizedSpire:EnergizedDie"],"picked":"energizedSpire:OgreHead"},{"not_picked":["energizedSpire:HugeHouse","jedi:hotpepper"],"picked":"conspire:SpecialSausage"}],"items_purged_floors":[20,37,45],"is_endless":false,"potions_floor_spawned":[8,16,19,23,25,27,31,35,44,46,48],"killed_by":"conspire:OrnateMirror","ascension_level":3}}