{"host":"vmo6qas4tfa0p776","time":1609431333,"event":{"mods":["AchievementEnabler","BaseMod","Bestiary","Better Altar","Better Match","Better Note","Better Sensory Stone","Better Skull","Better Third Choice","Colored Map","Downfall","Minty Spire (QoL Compilation)","Relic Stats","Robot Space Explorer","Spicy Shops","StSLib","The Marked"],"gold_per_floor":[349,363,380,380,392,392,392,409,429,5,36,55,55,67,82,82,82],"floor_reached":16,"playtime":1041,"items_purged":[],"score":106,"play_id":"3f0a7dbf-9da0-4cc3-b991-d3e9484cfac5","local_time":"20201231111533","is_ascension_mode":false,"campfire_choices":[{"floor":1,"key":"RECALL"},{"floor":13,"key":"REST"}],"circlet_count":0,"master_deck":["sneckomod:Strike","sneckomod:Strike+1","sneckomod:Strike","sneckomod:Defend+1","sneckomod:Defend+1","sneckomod:Defend","sneckomod:TailWhip","sneckomod:SnekBite","sneckomod:Unknown","sneckomod:Unknown","sneckomod:UnknownWeak","sneckomod:UnknownCommonSkill","sneckomod:UnknownClassGREEN","sneckomod:DiceBlock","Regret","sneckomod:UnknownX","sneckomod:SoulRoll","sneckomod:UnknownClassBLUE","sneckomod:SoulRoll","sneckomod:UnknownStrength","sneckomod:UnknownUncommonAttack","sneckomod:Unknown2Cost","sneckomod:WideSting","sneckomod:UnlimitedRolls","sneckomod:DiceCrush"],"relics":["sneckomod:SneckoSoul","sneckomod:ConfusingCodex","Nunchaku"],"acts_visited":["Exordium"],"potions_floor_usage":[9,15,16,16],"damage_taken":[{"damage":0,"enemies":"2 Louse","floor":2,"turns":2},{"damage":13,"enemies":"Small Slimes","floor":3,"turns":3},{"damage":1,"enemies":"Cultist","floor":5,"turns":3},{"damage":3,"enemies":"2 Fungi Beasts","floor":8,"turns":4},{"damage":24,"enemies":"Gremlin Gang","floor":9,"turns":5},{"damage":3,"enemies":"downfall:FleeingMerchant","floor":10,"turns":4},{"damage":15,"enemies":"3 Sentries","floor":11,"turns":8},{"damage":13,"enemies":"Large Slime","floor":12,"turns":7},{"damage":0,"enemies":"Blue Slaver","floor":14,"turns":3},{"damage":13,"enemies":"Lots of Slimes","floor":15,"turns":2},{"damage":24,"enemies":"downfall:Watcher","floor":16,"turns":5}],"seed_played":"8301085193600582688","potions_obtained":[{"floor":8,"key":"LiquidBronze"},{"floor":9,"key":"SpeedPotion"},{"floor":11,"key":"sneckomod:CheatPotion"},{"floor":12,"key":"Ancient Potion"}],"is_trial":false,"path_per_floor":["R","M","M","?","M","?","T","M","M","$","E","M","R","M","M","B"],"character_chosen":"THE_SNECKO","items_purchased":["sneckomod:ConfusingCodex","sneckomod:SoulRoll","sneckomod:UnknownStrength","sneckomod:UnknownUncommonAttack"],"campfire_rested":1,"item_purchase_floors":[10,10,10,10],"current_hp_per_floor":[63,64,60,61,60,60,60,58,34,34,20,7,36,36,23,0,0],"gold":82,"neow_bonus":"TWO_FIFTY_GOLD","is_daily":false,"chose_seed":false,"campfire_upgraded":0,"win_rate":0.0,"timestamp":1609431333,"path_taken":["R","M","M","?","?","?","T","M","M","$","E","M","R","M","M","BOSS"],"items_purchased_type":["Relic","Card","Card","Card"],"build_version":"2020-12-22","purchased_purges":0,"victory":false,"max_hp_per_floor":[90,91,92,93,93,93,93,94,94,97,98,98,98,98,98,98,98],"relic_stats":{"Nunchaku":[2],"counters":[11,46],"obtain_stats":[{"Nunchaku":11,"sneckomod:ConfusingCodex":10,"sneckomod:SneckoSoul":0},{"Nunchaku":7,"sneckomod:ConfusingCodex":6,"sneckomod:SneckoSoul":0},{"Nunchaku":29,"sneckomod:ConfusingCodex":21,"sneckomod:SneckoSoul":0}]},"card_choices":[{"not_picked":["sneckomod:QuickMove","sneckomod:QuickBite"],"picked":"sneckomod:UnknownWeak","floor":2},{"not_picked":["sneckomod:ImprovisedGuard","sneckomod:Nope"],"picked":"sneckomod:UnknownCommonSkill","floor":3},{"not_picked":["sneckomod:QuickBite","sneckomod:QuickMove"],"picked":"sneckomod:DiceBlock","floor":5},{"not_picked":["sneckomod:WideSting","sneckomod:QuickMove"],"picked":"sneckomod:UnknownX","floor":8},{"not_picked":["sneckomod:UnknownClassHEXA_GHOST_PURPLE","sneckomod:UnknownStrength"],"picked":"sneckomod:SoulRoll","floor":9},{"not_picked":["sneckomod:QuickBite","sneckomod:QuickMove"],"picked":"sneckomod:UnknownClassBLUE","floor":10},{"not_picked":["sneckomod:WideSting","sneckomod:DiceBlock"],"picked":"sneckomod:Unknown2Cost","floor":11},{"not_picked":["sneckomod:UnknownClassPURPLE","sneckomod:Unknown2Cost"],"picked":"sneckomod:WideSting","floor":12},{"not_picked":["sneckomod:UnknownDexterity","sneckomod:UnknownCommonSkill"],"picked":"sneckomod:UnlimitedRolls","floor":14},{"not_picked":["sneckomod:UnknownUncommonAttack","sneckomod:UnknownExhaust"],"picked":"sneckomod:DiceCrush","floor":15}],"player_experience":210369,"relics_obtained":[{"floor":11,"key":"Nunchaku"}],"event_choices":[{"damage_healed":0,"gold_gain":1,"player_choice":"4","damage_taken":0,"max_hp_gain":0,"max_hp_loss":0,"event_name":"betterStone:BetterStone","floor":4,"gold_loss":0,"cards_obtained":["sneckomod:UnknownClassGREEN"]}],"is_beta":false,"boss_relics":[],"items_purged_floors":[],"is_endless":false,"potions_floor_spawned":[8,9,11,12],"killed_by":"downfall:Watcher","ascension_level":0}}