{"host":"qwttrqaysb380yri","time":1609416541,"event":{"mods":["BaseMod","Custom Start","Minty Spire (QoL Compilation)","Permanent Neow","Puzzle Mod","Relic Stats","StSLib","The Hierophant"],"gold_per_floor":[115,131,149,149,100,131,147,147,147,158,184,149,179,208,208,279,279,289,301,301,301],"floor_reached":20,"playtime":658,"items_purged":[],"score":340,"play_id":"3d82f2c6-c170-42c8-b4f1-4d00b69e41bc","local_time":"20201231130901","is_ascension_mode":true,"campfire_choices":[{"floor":8,"key":"REST"},{"data":"Noxious Fumes","floor":15,"key":"SMITH"}],"circlet_count":0,"master_deck":["AscendersBane","Strike_G","Strike_G","Strike_G","Strike_G+1","Strike_G","Defend_G","Defend_G","Defend_G+1","Defend_G","Defend_G","Survivor+1","Neutralize","Dagger Spray","Reflex+1","Quick Slash","Calculated Gamble","Dagger Throw","Noxious Fumes+1","Dagger Spray","Deadly Poison","Bullet Time","Crippling Poison","Reflex"],"relics":["Cursed Key","War Paint","Girya","Peace Pipe","HoveringKite"],"acts_visited":["Exordium","TheCity"],"potions_floor_usage":[6,11,14,16,20],"damage_taken":[{"damage":0,"enemies":"2 Louse","floor":1,"turns":3},{"damage":7,"enemies":"Cultist","floor":2,"turns":5},{"damage":0,"enemies":"Small Slimes","floor":3,"turns":2},{"damage":10,"enemies":"3 Sentries","floor":6,"turns":7},{"damage":1,"enemies":"Blue Slaver","floor":7,"turns":5},{"damage":4,"enemies":"Looter","floor":10,"turns":3},{"damage":17,"enemies":"Lagavulin","floor":11,"turns":5},{"damage":5,"enemies":"3 Sentries","floor":14,"turns":5},{"damage":25,"enemies":"Slime Boss","floor":16,"turns":8},{"damage":9,"enemies":"Chosen","floor":18,"turns":4},{"damage":22,"enemies":"Spheric Guardian","floor":19,"turns":4},{"damage":21,"enemies":"Snake Plant","floor":20,"turns":3}],"seed_played":"324341707277732623","potions_obtained":[{"floor":1,"key":"Strength Potion"},{"floor":6,"key":"GhostInAJar"},{"floor":10,"key":"PowerPotion"},{"floor":11,"key":"CunningPotion"},{"floor":16,"key":"CunningPotion"},{"floor":19,"key":"DuplicationPotion"}],"is_trial":false,"path_per_floor":["M","M","M","?","?","E","M","R","T","M","E","?","?","E","R","B",null,"M","M","M"],"character_chosen":"THE_SILENT","items_purchased":[],"campfire_rested":1,"item_purchase_floors":[],"current_hp_per_floor":[59,52,52,32,32,22,21,40,40,36,19,35,35,30,30,5,51,42,20,0,0],"gold":301,"neow_bonus":"BOSS_RELIC","is_daily":false,"chose_seed":false,"campfire_upgraded":1,"win_rate":0.0,"timestamp":1609416541,"path_taken":["M","M","M","?","?","E","M","R","T","M","E","?","?","E","R","BOSS","M","M","M"],"items_purchased_type":[],"build_version":"2020-12-22","purchased_purges":0,"victory":false,"max_hp_per_floor":[66,66,66,66,66,66,66,66,66,66,66,66,66,66,66,66,66,66,66,66,66],"relic_stats":{"Peace Pipe":0,"counters":[12,54],"HoveringKite":[6],"War Paint":["Defend_G","Reflex"],"Cursed Key":0,"obtain_stats":[{"Peace Pipe":14,"Girya":11,"HoveringKite":17,"War Paint":6,"Cursed Key":0,"Ring of the Snake":0},{"Peace Pipe":8,"Girya":7,"HoveringKite":9,"War Paint":4,"Cursed Key":0,"Ring of the Snake":0},{"Peace Pipe":35,"Girya":30,"HoveringKite":43,"War Paint":17,"Cursed Key":0,"Ring of the Snake":0}]},"card_choices":[{"not_picked":["Tactician","Deadly Poison"],"picked":"Dagger Spray","floor":1},{"not_picked":["Accuracy","Deadly Poison"],"picked":"Reflex","floor":2},{"not_picked":["Expertise","Backflip"],"picked":"Quick Slash","floor":3},{"not_picked":["Footwork","Cloak And Dagger"],"picked":"Calculated Gamble","floor":6},{"not_picked":["Finisher","PiercingWail"],"picked":"Dagger Throw","floor":7},{"not_picked":["Quick Slash","Bouncing Flask"],"picked":"Noxious Fumes","floor":10},{"not_picked":["Doppelganger","Prepared"],"picked":"Dagger Spray","floor":11},{"not_picked":["Dagger Throw","Escape Plan"],"picked":"Deadly Poison","floor":14},{"not_picked":["Adrenaline","Wraith Form v2"],"picked":"Bullet Time","floor":16},{"not_picked":["Dagger Spray","Finisher"],"picked":"Crippling Poison","floor":18},{"not_picked":["Flying Knee","Crippling Poison"],"picked":"Reflex","floor":19}],"player_experience":1968954,"relics_obtained":[{"floor":6,"key":"War Paint"},{"floor":11,"key":"Girya"},{"floor":14,"key":"Peace Pipe"}],"event_choices":[{"damage_healed":0,"gold_gain":0,"player_choice":"Entered Light","damage_taken":20,"max_hp_gain":0,"max_hp_loss":0,"event_name":"Shining Light","floor":4,"gold_loss":0,"cards_upgraded":["Strike_G","Survivor"]},{"damage_healed":0,"gold_gain":0,"player_choice":"Left Gold","damage_taken":0,"max_hp_gain":0,"max_hp_loss":0,"event_name":"World of Goop","floor":5,"gold_loss":49},{"damage_healed":16,"gold_gain":0,"player_choice":"Healed","damage_taken":0,"max_hp_gain":0,"max_hp_loss":0,"event_name":"The Cleric","floor":12,"gold_loss":35},{"damage_healed":0,"gold_gain":30,"player_choice":"Searched \u00271\u0027 times","damage_taken":0,"max_hp_gain":0,"max_hp_loss":0,"event_name":"Dead Adventurer","floor":13,"gold_loss":0}],"is_beta":false,"boss_relics":[{"not_picked":["Pandora\u0027s Box","SlaversCollar"],"picked":"HoveringKite"}],"items_purged_floors":[],"is_endless":false,"potions_floor_spawned":[1,6,10,11,16,19],"killed_by":"Snake Plant","ascension_level":15}}