{"host":"eeeqmyc7a1933jos","time":1609457250,"event":{"mods":["2.2 Compatiblity","Act Like it!","BaseMod","CapriCore","Colored Powertips","Conspire","Downfall","Elementarium","Friendly Minions","Gensokyo","GifTheSpireLib","Gremlin Mod","Hallownest","Hermit","Hubris","Infinite Spire","Jorbs\u0027s Wanderer Trilogy","Marisa????????","Mimic Mod","Minty Spire (QoL Compilation)","Pale of the Ancients","Random Character Button","Random Character Mod","Reimu??????","Relic Sorter","Relic Stats","Replay The Spire","SIMod","Shade Mod","StSLib","The Administrix","The Bug Knight","The Hierophant","The Immortal","The Mystic","The Runesmith","The Senshi","The Vixen","TheBandit","TheFirefly","TheVacant","Wandering Minibosses"],"gold_per_floor":[368,384,177,191,31,31,64,64,103,3,3,3,3],"floor_reached":12,"playtime":908,"items_purged":["hubris:Defend_Merchant"],"score":89,"play_id":"c30c787d-2bb0-4527-a2a7-698c51c39720","local_time":"20210101002730","is_ascension_mode":true,"campfire_choices":[{"data":"PropBag","floor":6,"key":"SMITH"},{"data":"UpSweep","floor":8,"key":"SMITH"},{"data":"SuperNova","floor":11,"key":"SMITH"}],"circlet_count":0,"master_deck":["Strike_MRS","Strike_MRS","Strike_MRS","Strike_MRS","Defend_MRS","Defend_MRS","Defend_MRS","Defend_MRS","MasterSpark","UpSweep+1","Runesmith:Strike_RS","UnstableBomb","PropBag+1","AlicesGift+1","ShootingEcho","Gensokyo:Shovel","Gensokyo:MysteriousEgg","PowerUp","SuperNova+1","ManaConvection","conspire:SpireCoStock","conspire:SpireCoStock"],"relics":["MiniHakkero","Replay:Ringing Soul","Art of War","Meat on the Bone"],"acts_visited":["Exordium"],"potions_floor_usage":[],"damage_taken":[{"damage":0,"enemies":"Gensokyo:3_Fairies","floor":1,"turns":5},{"damage":9,"enemies":"Gensokyo:Gryphon","floor":2,"turns":3},{"damage":4,"enemies":"Gensokyo:2_Kodama","floor":4,"turns":3},{"damage":13,"enemies":"Gensokyo:Mamizou","floor":7,"turns":8},{"damage":10,"enemies":"Gensokyo:Kitsune","floor":9,"turns":6},{"damage":33,"enemies":"Gensokyo:Cirno","floor":12,"turns":7}],"seed_played":"-1979481956683381233","potions_obtained":[],"is_trial":false,"path_per_floor":["M","M","$","M","COS","R","E","R","MIM","?","R","E"],"character_chosen":"MARISA","items_purchased":["PropBag","AlicesGift+1"],"campfire_rested":0,"item_purchase_floors":[3,3],"current_hp_per_floor":[75,66,66,62,62,62,52,52,45,48,48,15,15],"gold":3,"neow_bonus":"TWO_FIFTY_GOLD","is_daily":false,"chose_seed":false,"campfire_upgraded":3,"win_rate":0.0,"timestamp":1609457250,"path_taken":["M","M","$","M","COS","R","E","R","MIM","?","R","E"],"items_purchased_type":["Card","Card"],"build_version":"2020-12-22","purchased_purges":1,"victory":false,"max_hp_per_floor":[75,75,75,75,75,75,78,78,81,84,84,84,84],"relic_stats":{"counters":[6,32],"Art of War":[0],"obtain_stats":[{"Replay:Ringing Soul":7,"Gremlin Horn":9,"Sundial":7,"Art of War":9,"MiniHakkero":0,"Mercury Hourglass":4,"Meat on the Bone":12},{"Replay:Ringing Soul":4,"Gremlin Horn":5,"Sundial":4,"Art of War":5,"MiniHakkero":0,"Mercury Hourglass":3,"Meat on the Bone":6},{"Replay:Ringing Soul":19,"Gremlin Horn":20,"Sundial":12,"Art of War":25,"MiniHakkero":0,"Mercury Hourglass":11,"Meat on the Bone":26}],"Meat on the Bone":0},"card_choices":[{"not_picked":["EnergyRecoil","DeepEcoloBomb","MilkyWay"],"picked":"SKIP","floor":1},{"not_picked":["Acceleration","DoubleSpark"],"picked":"UnstableBomb","floor":2},{"not_picked":["GravityBeat","6A"],"picked":"ShootingEcho","floor":4},{"not_picked":["ChargingUp","WitchOfGreed"],"picked":"PowerUp","floor":7},{"not_picked":["TreasureHunter","StarDustReverie"],"picked":"SuperNova","floor":9},{"not_picked":["GrandCross","ChargeUpSpray"],"picked":"ManaConvection","floor":9}],"player_experience":1394428,"relics_obtained":[{"floor":7,"key":"Replay:Ringing Soul"},{"floor":9,"key":"Art of War"}],"event_choices":[{"damage_healed":0,"gold_gain":0,"player_choice":"Invest 2","damage_taken":0,"max_hp_gain":0,"max_hp_loss":0,"event_name":"conspire:Investor","floor":10,"gold_loss":0}],"is_beta":false,"boss_relics":[],"items_purged_floors":[3],"is_endless":false,"potions_floor_spawned":[],"killed_by":"Gensokyo:Cirno","ascension_level":4}}