{"host":"idf7jkg8jogr8thm","time":1609383264,"event":{"mods":["AchievementEnabler","BaseMod","Colored Map","Colored Powertips","Minty Spire (QoL Compilation)","StSLib"],"gold_per_floor":[114,126,126,142,161,161,194,194,246,263,273,273,291,304,304,403,403,417,430,430,430,446,446,446],"floor_reached":23,"playtime":1477,"items_purged":[],"score":222,"play_id":"cda1487a-285b-428a-a2bf-97743eaca664","local_time":"20201230215424","is_ascension_mode":false,"campfire_choices":[{"floor":6,"key":"RECALL"},{"floor":12,"key":"REST"},{"floor":15,"key":"REST"}],"circlet_count":0,"master_deck":["Strike_B","Strike_B","Strike_B","Strike_B","Defend_B","Defend_B","Defend_B","Defend_B","Zap","Dualcast","Redo","Doom and Gloom+1","Streamline","Self Repair","Capacitor","Sweeping Beam","Parasite","Ball Lightning","Doom and Gloom","Loop","Redo","Machine Learning","Defragment","Self Repair","BootSequence"],"relics":["Cracked Core","Pear","Black Star"],"acts_visited":["Exordium","TheCity"],"potions_floor_usage":[22,22,22],"damage_taken":[{"damage":1,"enemies":"Cultist","floor":1,"turns":3},{"damage":14,"enemies":"Small Slimes","floor":2,"turns":3},{"damage":6,"enemies":"Jaw Worm","floor":4,"turns":3},{"damage":9,"enemies":"Blue Slaver","floor":5,"turns":3},{"damage":51,"enemies":"Lagavulin","floor":7,"turns":6},{"damage":0,"enemies":"2 Fungi Beasts","floor":10,"turns":2},{"damage":17,"enemies":"Gremlin Gang","floor":11,"turns":3},{"damage":8,"enemies":"Large Slime","floor":13,"turns":4},{"damage":17,"enemies":"Looter","floor":14,"turns":4},{"damage":46,"enemies":"Slime Boss","floor":16,"turns":9},{"damage":32,"enemies":"3 Byrds","floor":18,"turns":5},{"damage":29,"enemies":"Chosen","floor":19,"turns":5},{"damage":38,"enemies":"Sentry and Sphere","floor":22,"turns":5},{"damage":30,"enemies":"Centurion and Healer","floor":23,"turns":5}],"seed_played":"-2899750872913571867","potions_obtained":[{"floor":1,"key":"Explosive Potion"},{"floor":4,"key":"GamblersBrew"},{"floor":10,"key":"SteroidPotion"},{"floor":13,"key":"LiquidMemories"},{"floor":14,"key":"AttackPotion"}],"is_trial":false,"path_per_floor":["M","M","?","M","M","R","E","?","T","M","M","R","M","M","R","B",null,"M","M","?","?","M","M"],"character_chosen":"DEFECT","items_purchased":[],"campfire_rested":2,"item_purchase_floors":[],"current_hp_per_floor":[74,60,60,54,52,52,18,39,39,46,36,61,60,50,75,36,85,60,38,66,50,26,0,0],"gold":446,"neow_bonus":"THREE_CARDS","is_daily":false,"chose_seed":false,"campfire_upgraded":0,"win_rate":0.0,"timestamp":1609383264,"path_taken":["M","M","?","?","M","R","E","?","T","M","M","R","M","M","R","BOSS","M","M","?","?","M","M"],"items_purchased_type":[],"build_version":"2020-12-22","purchased_purges":0,"victory":false,"max_hp_per_floor":[75,75,75,75,75,75,85,85,85,85,85,85,85,85,85,85,85,85,85,85,90,90,90,90],"card_choices":[{"not_picked":["Hologram","Coolheaded"],"picked":"Redo","floor":0},{"not_picked":["Rebound","Skim"],"picked":"Doom and Gloom","floor":1},{"not_picked":["Genetic Algorithm","Steam"],"picked":"Streamline","floor":2},{"not_picked":["BootSequence","Storm"],"picked":"Self Repair","floor":4},{"not_picked":["Conserve Battery","Heatsinks"],"picked":"Capacitor","floor":5},{"not_picked":["Skim","Compile Driver"],"picked":"Sweeping Beam","floor":7},{"not_picked":["Cold Snap","Compile Driver"],"picked":"Ball Lightning","floor":10},{"not_picked":["Beam Cell","Ball Lightning"],"picked":"Doom and Gloom","floor":11},{"not_picked":["Coolheaded","Hologram"],"picked":"Loop","floor":13},{"not_picked":["Auto Shields","Reinforced Body"],"picked":"Redo","floor":14},{"not_picked":["Fission","Buffer"],"picked":"Machine Learning","floor":16},{"not_picked":["Compile Driver","Conserve Battery"],"picked":"Defragment","floor":18},{"not_picked":["Steam","FTL"],"picked":"Self Repair","floor":19},{"not_picked":["Hologram","Auto Shields+1"],"picked":"BootSequence","floor":22}],"player_experience":68485,"relics_obtained":[{"floor":7,"key":"Pear"}],"event_choices":[{"damage_healed":0,"gold_gain":0,"player_choice":"Forge","damage_taken":0,"max_hp_gain":0,"max_hp_loss":0,"event_name":"Accursed Blacksmith","floor":3,"gold_loss":0,"cards_upgraded":["Doom and Gloom"]},{"damage_healed":21,"gold_gain":0,"player_choice":"Healed and dodged fight","damage_taken":0,"max_hp_gain":0,"max_hp_loss":0,"event_name":"Mushrooms","floor":8,"gold_loss":0,"cards_obtained":["Parasite"]},{"damage_healed":28,"gold_gain":0,"player_choice":"Heal","damage_taken":0,"max_hp_gain":0,"max_hp_loss":0,"event_name":"The Library","floor":20,"gold_loss":0},{"damage_healed":0,"gold_gain":0,"player_choice":"Shed Blood","damage_taken":21,"max_hp_gain":5,"max_hp_loss":0,"event_name":"Forgotten Altar","floor":21,"gold_loss":0}],"is_beta":false,"boss_relics":[{"not_picked":["Calling Bell","Ectoplasm"],"picked":"Black Star"}],"items_purged_floors":[],"is_endless":false,"potions_floor_spawned":[1,4,10,13,14],"killed_by":"Centurion and Healer","ascension_level":0}}