{"host":"gttgmv2wah99hzdm","time":1609447250,"event":{"mods":["AchievementEnabler","BaseMod","Bestiary","Block Reminder","Filter the Spire","Minty Spire (QoL Compilation)","Relic Stats","ojb\u0027s Better Paths Mod","ojb\u0027s Info Mod"],"gold_per_floor":[116,116,10,10,21,21,56,56,56,56,66,84,110,36,36,110,110,127,52,62,62,9,9,36,54,54,54,381,391,391,441,441,512,512,531,549,564,564,583,616,634,662,662,327,327,379,411,411,411,411,411,411,411,30,65,65],"floor_reached":57,"playtime":5705,"items_purged":["Shame","Warcry"],"score":2772,"play_id":"2e834ba2-64eb-4bb3-9ac3-82f850b8b4bd","local_time":"20201231144050","is_ascension_mode":true,"campfire_choices":[{"data":"Shockwave","floor":6.0,"key":"SMITH"},{"data":"Pommel Strike","floor":8.0,"key":"SMITH"},{"data":"Flame Barrier","floor":10.0,"key":"SMITH"},{"floor":15.0,"key":"REST"},{"floor":23.0,"key":"REST"},{"data":"Demon Form","floor":27.0,"key":"SMITH"},{"floor":30.0,"key":"REST"},{"data":"True Grit","floor":32.0,"key":"SMITH"},{"floor":45.0,"key":"RECALL"},{"floor":49,"key":"REST"},{"data":"Disarm","floor":53,"key":"SMITH"}],"circlet_count":0,"master_deck":["AscendersBane","Bash","Shockwave+1","Iron Wave","Pommel Strike+1","Flame Barrier+1","Demon Form+1","Shrug It Off+1","Metallicize","Feed","Cleave","True Grit+1","Reaper","Fiend Fire","Inflame","Armaments+1","Reaper","Rampage","Rampage","Hemokinesis","Pommel Strike+1","Combust","Battle Trance+1","Shockwave","True Grit+1","Offering","Disarm+1","Reaper","Secret Technique","Heavy Blade"],"relics":["SacredBark","Orichalcum","Centennial Puzzle","Lantern","Cursed Key","Bag of Preparation","Potion Belt","Old Coin","Pandora\u0027s Box","Omamori","War Paint","ClockworkSouvenir","Incense Burner","Mummified Hand","Cauldron","Ornamental Fan"],"acts_visited":["Exordium","TheCity","TheBeyond","TheEnding"],"potions_floor_usage":[54,56,56],"damage_taken":[{"damage":9.0,"enemies":"Small Slimes","floor":1.0,"turns":4.0},{"damage":11.0,"enemies":"Cultist","floor":5.0,"turns":5.0},{"damage":15.0,"enemies":"3 Sentries","floor":7.0,"turns":7.0},{"damage":6.0,"enemies":"Jaw Worm","floor":11.0,"turns":2.0},{"damage":16.0,"enemies":"Large Slime","floor":12.0,"turns":6.0},{"damage":5.0,"enemies":"Lagavulin","floor":13.0,"turns":6.0},{"damage":6.0,"enemies":"Hexaghost","floor":16.0,"turns":8.0},{"damage":28.0,"enemies":"Spheric Guardian","floor":18.0,"turns":7.0},{"damage":7.0,"enemies":"Chosen","floor":20.0,"turns":5.0},{"damage":4.0,"enemies":"Book of Stabbing","floor":24.0,"turns":5.0},{"damage":4.0,"enemies":"Centurion and Healer","floor":25.0,"turns":6.0},{"damage":18.0,"enemies":"Slavers","floor":28.0,"turns":6.0},{"damage":31.0,"enemies":"Sentry and Sphere","floor":29.0,"turns":9.0},{"damage":25.0,"enemies":"Champ","floor":33.0,"turns":12.0},{"damage":3.0,"enemies":"Orb Walker","floor":35.0,"turns":2.0},{"damage":2.0,"enemies":"3 Shapes","floor":36.0,"turns":3.0},{"damage":60.0,"enemies":"Spire Growth","floor":37.0,"turns":8.0},{"damage":30.0,"enemies":"Maw","floor":39.0,"turns":6.0},{"damage":63.0,"enemies":"Nemesis","floor":40.0,"turns":11.0},{"damage":2.0,"enemies":"Sphere and 2 Shapes","floor":41.0,"turns":3.0},{"damage":87.0,"enemies":"Reptomancer","floor":42.0,"turns":9.0},{"damage":71,"enemies":"2 Orb Walkers","floor":46,"turns":5},{"damage":67,"enemies":"Giant Head","floor":47,"turns":9},{"damage":101,"enemies":"Donu and Deca","floor":50,"turns":11},{"damage":106,"enemies":"Awakened One","floor":51,"turns":14},{"damage":27,"enemies":"Shield and Spear","floor":55,"turns":5},{"damage":116,"enemies":"The Heart","floor":56,"turns":9}],"seed_played":"6971318495104903047","potions_obtained":[{"floor":2.0,"key":"AttackPotion"},{"floor":2.0,"key":"LiquidBronze"},{"floor":13.0,"key":"LiquidBronze"},{"floor":16.0,"key":"BlessingOfTheForge"},{"floor":24.0,"key":"FairyPotion"},{"floor":25.0,"key":"LiquidMemories"},{"floor":33.0,"key":"Block Potion"},{"floor":35.0,"key":"Explosive Potion"},{"floor":36.0,"key":"LiquidMemories"},{"floor":41.0,"key":"BloodPotion"},{"floor":47,"key":"LiquidMemories"},{"floor":54,"key":"Fruit Juice"},{"floor":54,"key":"CultistPotion"},{"floor":54,"key":"PowerPotion"}],"is_trial":false,"path_per_floor":["M","?","$","$","M","R","E","R","T","R","M","M","E","$","R","B",null,"M","?","M","?","$","R","E","M","T","R","E","M","R","?","R","B",null,"M","M","M","?","M","E","M","E","T","$","R","?","E","?","R","B","B",null,"R","$","E","B",null],"character_chosen":"IRONCLAD","items_purchased":["Iron Wave","Fire Potion","Metallicize","Dexterity Potion","Disarm","ClockworkSouvenir","SkillPotion","EssenceOfSteel","Heavy Blade","Cauldron"],"campfire_rested":4,"item_purchase_floors":[3,3,14,22,44,44,44,54,54,54],"current_hp_per_floor":[59,59,59,59,48,48,33,33,33,33,27,11,6,6,28,22,62,34,34,30,30,30,53,52,48,48,48,33,5,31,31,31,6,67,73,93,86,86,83,74,92,106,106,106,106,96,84,74,107,113,113,115,115,125,119,91],"gold":65,"neow_bonus":"BOSS_RELIC","is_daily":false,"chose_seed":false,"campfire_upgraded":6,"win_rate":0.0,"timestamp":1609447250,"path_taken":["M","?","?","$","M","R","E","R","T","R","M","M","E","$","R","BOSS","M","?","M","?","$","R","E","M","T","R","E","M","R","?","R","BOSS","M","M","?","?","M","E","M","E","T","$","R","?","E","?","R","BOSS","BOSS","R","$","E","BOSS"],"items_purchased_type":["Card","Potion","Card","Potion","Card","Relic","Potion","Potion","Card","Relic"],"build_version":"2020-12-22","purchased_purges":2,"victory":true,"max_hp_per_floor":[75,75,75,75,75,75,75,75,75,75,75,75,75,75,75,75,75,75,75,78,78,78,78,81,81,81,81,84,87,87,87,87,87,87,90,93,97,97,100,100,103,106,106,106,106,109,113,113,113,113,116,116,116,126,129,129],"relic_stats":{"Centennial Puzzle":[69],"counters":[27,183],"Mummified Hand":[21],"Ornamental Fan":[8],"Pandora\u0027s Box":["Fiend Fire","Inflame","Armaments","Reaper","Rampage","Rampage","Warcry","Hemokinesis"],"Bag of Preparation":[36],"Orichalcum":[300],"War Paint":["Shrug It Off","Armaments"],"Cursed Key":1,"obtain_stats":[{"Potion Belt":24,"Lantern":13,"SacredBark":0,"Bag of Preparation":21,"Omamori":40,"Incense Burner":46,"Orichalcum":7,"War Paint":42,"Cursed Key":17,"Burning Blood":0,"Old Coin":28,"ClockworkSouvenir":44,"Cauldron":54,"Centennial Puzzle":9,"Mummified Hand":47,"Ornamental Fan":55,"Pandora\u0027s Box":34},{"Potion Belt":10,"Lantern":6,"SacredBark":0,"Bag of Preparation":9,"Omamori":19,"Incense Burner":22,"Orichalcum":3,"War Paint":21,"Cursed Key":7,"Burning Blood":0,"Old Coin":12,"ClockworkSouvenir":21,"Cauldron":25,"Centennial Puzzle":3,"Mummified Hand":23,"Ornamental Fan":26,"Pandora\u0027s Box":14},{"Potion Belt":55,"Lantern":30,"SacredBark":0,"Bag of Preparation":50,"Omamori":118,"Incense Burner":135,"Orichalcum":16,"War Paint":130,"Cursed Key":38,"Burning Blood":0,"Old Coin":67,"ClockworkSouvenir":130,"Cauldron":169,"Centennial Puzzle":16,"Mummified Hand":144,"Ornamental Fan":174,"Pandora\u0027s Box":88}]},"card_choices":[{"not_picked":["Warcry","Shrug It Off"],"picked":"Shockwave","floor":1.0},{"not_picked":["Sword Boomerang","Perfected Strike"],"picked":"Pommel Strike","floor":5.0},{"not_picked":["Reckless Charge","Anger"],"picked":"Flame Barrier","floor":7.0},{"not_picked":["Clothesline","Fire Breathing"],"picked":"Demon Form","floor":11.0},{"not_picked":["Power Through","Iron Wave","Dual Wield"],"picked":"SKIP","floor":12.0},{"not_picked":["Hemokinesis","Flex"],"picked":"Shrug It Off","floor":13.0},{"not_picked":["Brutality","Double Tap"],"picked":"Feed","floor":16.0},{"not_picked":["Clothesline","Wild Strike"],"picked":"Cleave","floor":18.0},{"not_picked":["Fire Breathing","Spot Weakness","Rampage"],"picked":"SKIP","floor":20.0},{"not_picked":["Whirlwind","Warcry","Heavy Blade+1"],"picked":"SKIP","floor":24.0},{"not_picked":["Sentinel","Carnage"],"picked":"Armaments","floor":25.0},{"not_picked":["Spot Weakness","Warcry","Berserk"],"picked":"SKIP","floor":28.0},{"not_picked":["Wild Strike","Rampage"],"picked":"True Grit","floor":29.0},{"not_picked":["Double Tap","Limit Break"],"picked":"Reaper","floor":33.0},{"not_picked":["Iron Wave+1","Body Slam","Thunderclap"],"picked":"SKIP","floor":35.0},{"not_picked":["Combust+1","Heavy Blade"],"picked":"Pommel Strike+1","floor":36.0},{"not_picked":["Sever Soul","Thunderclap","Clothesline"],"picked":"SKIP","floor":37.0},{"not_picked":["Reckless Charge","Thunderclap"],"picked":"Battle Trance+1","floor":39.0},{"not_picked":["Pommel Strike","Shrug It Off"],"picked":"Shockwave","floor":40.0},{"not_picked":["Body Slam","Thunderclap+1"],"picked":"True Grit+1","floor":41.0},{"not_picked":["Clash","Shrug It Off"],"picked":"Offering","floor":42.0},{"not_picked":["Wild Strike","Iron Wave+1"],"picked":"Reaper","floor":47},{"not_picked":["Blind","Forethought"],"picked":"Secret Technique","floor":48},{"not_picked":["True Grit","Fire Breathing+1","Havoc"],"picked":"SKIP","floor":55}],"player_experience":1050785,"relics_obtained":[{"floor":7.0,"key":"Orichalcum"},{"floor":9.0,"key":"Centennial Puzzle"},{"floor":13.0,"key":"Lantern"},{"floor":24.0,"key":"Potion Belt"},{"floor":28.0,"key":"Old Coin"},{"floor":40.0,"key":"Omamori"},{"floor":42.0,"key":"War Paint"},{"floor":46,"key":"Incense Burner"},{"floor":47,"key":"Mummified Hand"},{"floor":55,"key":"Ornamental Fan"}],"event_choices":[{"damage_healed":0.0,"max_hp_gain":0.0,"max_hp_loss":0.0,"gold_gain":0.0,"event_name":"Lab","player_choice":"Got Potions","floor":2.0,"gold_loss":0.0,"damage_taken":0.0},{"cards_removed":["Strike_R"],"damage_healed":0.0,"max_hp_gain":0.0,"max_hp_loss":0.0,"gold_gain":0.0,"event_name":"Beggar","player_choice":"Gave Gold","floor":19.0,"gold_loss":75.0,"damage_taken":0.0},{"damage_healed":0.0,"max_hp_gain":0.0,"max_hp_loss":0.0,"gold_gain":0.0,"event_name":"Addict","player_choice":"Stole Relic","floor":21.0,"gold_loss":0.0,"damage_taken":0.0,"relics_obtained":["Bag of Preparation"],"cards_obtained":["Shame"]},{"damage_healed":0.0,"max_hp_gain":0.0,"max_hp_loss":0.0,"gold_gain":50.0,"event_name":"Golden Shrine","player_choice":"Pray","floor":31.0,"gold_loss":0.0,"damage_taken":0.0},{"damage_healed":0.0,"max_hp_gain":0.0,"max_hp_loss":0.0,"gold_gain":0.0,"cards_transformed":["Armaments"],"event_name":"Transmorgrifier","player_choice":"Transformed","floor":38.0,"gold_loss":0.0,"damage_taken":0.0,"cards_obtained":["Combust"]},{"damage_healed":0,"gold_gain":0,"player_choice":"Fight","damage_taken":0,"max_hp_gain":0,"max_hp_loss":0,"event_name":"Mysterious Sphere","floor":46,"gold_loss":0},{"damage_healed":0,"gold_gain":0,"player_choice":"Memory 3","damage_taken":10,"max_hp_gain":0,"max_hp_loss":0,"event_name":"SensoryStone","floor":48,"gold_loss":0}],"is_beta":false,"boss_relics":[{"not_picked":["Runic Cube","Philosopher\u0027s Stone"],"picked":"Cursed Key"},{"not_picked":["Tiny House","Runic Dome"],"picked":"Pandora\u0027s Box"}],"items_purged_floors":[44,54],"is_endless":false,"potions_floor_spawned":[5,13,16,24,25,33,35,36,39,41,47],"ascension_level":20}}