{"host":"bz6gkvdcavhdnmlv","time":1609399916,"event":{"mods":["2.2 Compatiblity","Aspiration","BaseMod","BetterRewards","Block Reminder","CCEM","Clawfect","Colored Map","Conspire","Downfall","Energized Spire","GifTheSpireLib","Googly Eyes","Halation","Highlight Path","Hubris","Infinite Spire","Minty Spire (QoL Compilation)","Permanent Neow","Quick Restart","Replay The Spire","Spicy Shops","StSLib","Stuff the Spire","SuperFastMode","The Construct","The IronCluck","Unceasing Turn Reminder","everything is the same but u backflip on backflip"],"gold_per_floor":[110,127,127,146,146,146,158,158,158,184,202,220,239,239,239,335,335,353,353,177,177,177,207,207,218,218,218,218],"floor_reached":27,"playtime":970,"items_purged":[],"score":258,"play_id":"a53b6ae8-cae1-4e55-9505-1ff9446c3d17","local_time":"20201231023156","is_ascension_mode":false,"campfire_choices":[{"floor":6,"key":"REST"},{"floor":15,"key":"REST"},{"floor":24,"key":"RECALL"}],"circlet_count":0,"master_deck":["Gash","Gash+1","Gash+1","Gash","Gash","Defend_B","Defend_B","Defend_B","Defend_B","BasicCrystalCard","Auto Shields","Clawfect:ClawLightning","FTL","StuffTheSpire:Plugnplay","Darkness","Clawfect:ClawForTheEyes","Clawfect:ClawpileDriver","Clawfect:ClawingBeam","Clawfect:ClawSnap","StuffTheSpire:Vigor","Coolheaded+1"],"relics":["halation:SimulatedSpire","halation:BlackBeret","Replay:Wax Seal","Fusion Hammer","energizedSpire:UnstableMolecules","Geode","StuffTheSpire:Experiment12"],"acts_visited":["Exordium","TheCity"],"potions_floor_usage":[16,18,23,25,25],"damage_taken":[{"damage":1,"enemies":"Jaw Worm","floor":1,"turns":4},{"damage":6,"enemies":"2 Louse","floor":2,"turns":4},{"damage":0,"enemies":"Cultist","floor":4,"turns":4},{"damage":5,"enemies":"Looter","floor":7,"turns":4},{"damage":34,"enemies":"Gremlin Nob","floor":10,"turns":4},{"damage":6,"enemies":"Exordium Wildlife","floor":11,"turns":3},{"damage":2,"enemies":"3 Louse","floor":12,"turns":4},{"damage":4,"enemies":"Exordium Thugs","floor":13,"turns":5},{"damage":30,"enemies":"Hexaghost","floor":16,"turns":7},{"damage":10,"enemies":"3 Byrds","floor":18,"turns":4},{"damage":10,"enemies":"Book of Stabbing","floor":23,"turns":5},{"damage":0,"enemies":"Spheric Guardian","floor":25,"turns":3},{"damage":67,"enemies":"Gremlin Leader","floor":27,"turns":4}],"seed_played":"228849983867381926","potions_obtained":[{"floor":1,"key":"construct:ShiftPotion"},{"floor":7,"key":"Energy Potion"},{"floor":10,"key":"Doom Potion"},{"floor":13,"key":"Dexterity Potion"},{"floor":16,"key":"Adrenaline Potion"},{"floor":18,"key":"Slimebound:ThreeZeroPotion"},{"floor":23,"key":"Swift Potion"}],"is_trial":false,"path_per_floor":["M","M","?","M","?","R","M","?","T","E","M","M","M","?","R_BF","B",null,"M","?","?","AVR","?","E","R","M","T","E"],"character_chosen":"DEFECT","items_purchased":[],"campfire_rested":2,"item_purchase_floors":[],"current_hp_per_floor":[74,68,53,53,53,75,70,70,70,36,30,28,24,29,53,23,80,70,70,70,70,70,60,60,60,60,0,0],"gold":218,"neow_bonus":"SIMULATED_SPIRE","is_daily":false,"chose_seed":false,"campfire_upgraded":0,"win_rate":0.0,"timestamp":1609399916,"path_taken":["M","M","?","M","?","R","M","?","T","E","M","?","M","?","R_BF","BOSS","M","?","?","AVR","?","E","R","M","T","E"],"items_purchased_type":[],"build_version":"2020-12-22","purchased_purges":0,"victory":false,"max_hp_per_floor":[75,75,75,75,75,75,75,75,75,75,75,75,75,80,80,80,80,80,80,80,80,80,80,80,80,80,80,80],"card_choices":[{"not_picked":["Steam","Darkness"],"picked":"BasicCrystalCard","floor":1},{"not_picked":["StuffTheSpire:LoadUp","FTL","Steam"],"picked":"SKIP","floor":1},{"not_picked":["Turbo","Hologram"],"picked":"Auto Shields","floor":2},{"not_picked":["Gash","ReplayGash"],"picked":"Clawfect:ClawLightning","floor":4},{"not_picked":["StuffTheSpire:LoadUp","Conserve Battery"],"picked":"FTL","floor":7},{"not_picked":["ReplayTheSpireMod:Reroute Power","BasicCrystalCard","Clawfect:ClawpileDriver"],"picked":"SKIP","floor":7},{"not_picked":["Panic Button","Sunder"],"picked":"Darkness","floor":10},{"not_picked":["StuffTheSpire:Plugnplay","Self Repair","ReplaySort"],"picked":"SKIP","floor":10},{"not_picked":["Clawfect:ClawingBeam","Hologram"],"picked":"Clawfect:ClawForTheEyes","floor":11},{"not_picked":["hubris:DoWhile","Clawfect:ClawCell","StuffTheSpire:CleanHardDrive"],"picked":"SKIP","floor":11},{"not_picked":["Coolheaded","Steam"],"picked":"Clawfect:ClawpileDriver","floor":12},{"not_picked":["Clawfect:ClawCell","StuffTheSpire:Purify","FIFO Queue"],"picked":"SKIP","floor":12},{"not_picked":["Conserve Battery","ReplayTheSpireMod:Dual Polarity"],"picked":"Clawfect:ClawingBeam","floor":13},{"not_picked":["Turbo","Panic Button","Clawfect:ScrapingClaw"],"picked":"SKIP","floor":13},{"not_picked":["Clawfect:Clawrage","Clawfect:ClawLightning"],"picked":"Clawfect:ClawSnap","floor":18},{"not_picked":["Reinforced Body","Stack","BasicCrystalCard+1"],"picked":"SKIP","floor":18},{"not_picked":["BasicCrystalCard","Recycle+1"],"picked":"Coolheaded+1","floor":23},{"not_picked":["Stack+1","Steam","Darkness+1"],"picked":"SKIP","floor":23},{"not_picked":["White Noise","Conserve Battery+1","ReplaySort"],"picked":"SKIP","floor":25},{"not_picked":["Reprogram","Conserve Battery","BasicCrystalCard"],"picked":"SKIP","floor":25}],"player_experience":199024,"relics_obtained":[{"floor":9,"key":"halation:BlackBeret"},{"floor":10,"key":"Replay:Wax Seal"},{"floor":23,"key":"StuffTheSpire:Experiment12"}],"event_choices":[{"damage_healed":0,"gold_gain":0,"player_choice":"Entered Light","damage_taken":15,"max_hp_gain":0,"max_hp_loss":0,"event_name":"Shining Light","floor":3,"gold_loss":0,"cards_upgraded":["Gash","Gash"]},{"damage_healed":0,"gold_gain":0,"cards_transformed":["Defend_B"],"player_choice":"Transformed","damage_taken":0,"max_hp_gain":0,"max_hp_loss":0,"event_name":"Transmorgrifier","floor":8,"gold_loss":0,"cards_obtained":["StuffTheSpire:Plugnplay"]},{"damage_healed":0,"gold_gain":0,"player_choice":"Donut","damage_taken":0,"max_hp_gain":5,"max_hp_loss":0,"event_name":"Big Fish","floor":14,"gold_loss":0},{"damage_healed":0,"gold_gain":0,"player_choice":"Ignored","damage_taken":0,"max_hp_gain":0,"max_hp_loss":0,"event_name":"Beggar","floor":19,"gold_loss":0},{"damage_healed":0,"gold_gain":0,"player_choice":"Ignored","damage_taken":0,"max_hp_gain":0,"max_hp_loss":0,"event_name":"Cursed Tome","floor":22,"gold_loss":0}],"is_beta":false,"boss_relics":[{"not_picked":["Ectoplasm","infinitespire:Cupcake"],"picked":"Fusion Hammer"}],"items_purged_floors":[],"is_endless":false,"potions_floor_spawned":[1,7,10,13,16,18,23],"killed_by":"Gremlin Leader","ascension_level":0}}