{"host":"ff0k6g9g9j8o52vm","time":1609458393,"event":{"mods":["AchievementEnabler","Aspiration","Astrologer","BaseMod","Beaked The Cultist","Better Altar","Better Note","Better Sensory Stone","Better Skull","Better Third Choice","Colored Map","Colored Powertips","Curses Come First","Downfall","Energized Spire","GifTheSpireLib","Gremlin Mod","Hermit","Highlight Path","Hubris","Infinite Spire","Jorbs\u0027s Wanderer Trilogy","Koishi","Marisa????????","Minty Spire (QoL Compilation)","Quick Restart","Random Character Button","Replay The Spire","Robot Space Explorer","Shade Mod","Somnambulant","StSLib","The Bug Knight","The Clintock","The Construct","The Cursed","The Disciple","The Dragon Tamer","The Forsaken","The Gatherer","The Hayseed","The Hierophant","The Jungle","The Marked","The Mystic","The Necromancer","The Poker Player","The Runesmith","The Sage","The Saiyan","The Senshi","The Servant 0.9.4","The Wild Card","TheArtist","Wandering Minibosses","Yuri Mod","vexMod"],"gold_per_floor":[116,116,222,238,252,280,296,296,320,320,345,358,376,394,394,490,490,502,502,617,628,124,124,1,1,27,37,37,37,47,62,62,161,161,173,183,183,209,223,223,239,239,239,239,239,259,259,271,271,271],"floor_reached":51,"playtime":3575,"items_purged":["Voices","Strike_W"],"score":661,"play_id":"21e19e8e-f8ac-4fc7-95c5-3dfc7ae4656d","local_time":"20201231154633","is_ascension_mode":false,"campfire_choices":[{"floor":8,"key":"REST"},{"floor":10,"key":"REST"},{"data":"Summon_Vampire_Lady","floor":15,"key":"SMITH"},{"floor":23,"key":"REST"},{"floor":29,"key":"REST"},{"floor":32,"key":"REST"},{"floor":40,"key":"REST"},{"floor":42,"key":"REST"},{"floor":44,"key":"REST"},{"data":"infinitespire:Punishment","floor":47,"key":"SMITH"}],"circlet_count":0,"master_deck":["Strike_W","Strike_W+1","Defend_W","Defend_W","Defend_W","Defend_W","Negative_Energy_Arrows","Bone_Wall","Blood_Curse+1","Negative_Energy_Javelin+1","Negative_Energy_Javelin+1","Summon_Vampire_Lady+1","Negative_Energy_Mist+1","Shade_Step+1","Summon_Undead","Blood_Is_Power+1","Negative_Energy_Javelin","Grasp_Heart","Blood_Wake","expansioncontent:DonusPower+1","Flesh_Made_Foul","Blood_for_Blood","Necrotic_Claws+1","Necrotic_Claws","Summon_Death_Knight","Exploit","Requiem","infinitespire:Punishment+1","Bone_Prison","Blood_Whip+1","Wraith"],"relics":["Vampire_Amulet","Toy Ornithopter","Du-Vu Doll","Gremlin Food","aspiration:TomeofQuesting","vexMod:TanglingVine","Nloth\u0027s Gift","Replay:Rubber Ducky","Snack Pack","hubris:TenFootPole","Anchor","aspiration:SecretTechniqueScroll","aspiration:ChemicalBlood","Blue Candle","Strange Spoon"],"acts_visited":["Exordium","TheCity","TheBeyond"],"potions_floor_usage":[16,16,33,36,39,41,41,50,50,50,50,50,50,50,50,50,50,50],"damage_taken":[{"damage":0,"enemies":"2 Louse","floor":1,"turns":3},{"damage":2,"enemies":"Jaw Worm","floor":4,"turns":2},{"damage":3,"enemies":"Cultist","floor":5,"turns":3},{"damage":16,"enemies":"3 Sentries","floor":6,"turns":8},{"damage":15,"enemies":"Large Slime","floor":7,"turns":5},{"damage":17,"enemies":"Gremlin Nob","floor":11,"turns":4},{"damage":3,"enemies":"Looter","floor":12,"turns":2},{"damage":3,"enemies":"Exordium Thugs","floor":13,"turns":4},{"damage":11,"enemies":"Large Slime","floor":14,"turns":5},{"damage":16,"enemies":"Slime Boss","floor":16,"turns":8},{"damage":14,"enemies":"Spheric Guardian","floor":18,"turns":3},{"damage":12,"enemies":"Snake Plant","floor":21,"turns":3},{"damage":33,"enemies":"Snecko","floor":27,"turns":5},{"damage":11,"enemies":"Cultist and Chosen","floor":30,"turns":5},{"damage":23,"enemies":"Centurion and Healer","floor":31,"turns":5},{"damage":26,"enemies":"Champ","floor":33,"turns":9},{"damage":6,"enemies":"Orb Walker","floor":35,"turns":3},{"damage":56,"enemies":"3 Darklings","floor":36,"turns":5},{"damage":31,"enemies":"Writhing Mass","floor":39,"turns":6},{"damage":47,"enemies":"Spire Growth","floor":41,"turns":4},{"damage":6,"enemies":"Maw","floor":46,"turns":6},{"damage":14,"enemies":"Transient","floor":48,"turns":5},{"damage":115,"enemies":"Donu and Deca","floor":50,"turns":7}],"seed_played":"4953902698944001826","potions_obtained":[{"floor":1,"key":"SpeedPotion"},{"floor":6,"key":"FearPotion"},{"floor":11,"key":"DuplicationPotion"},{"floor":14,"key":"BlessingOfTheForge"},{"floor":18,"key":"Reflective Coating"},{"floor":21,"key":"ColorlessPotion"},{"floor":35,"key":"BlessingOfTheForge"},{"floor":41,"key":"LiquidBronze"},{"floor":48,"key":"Energy Potion"},{"floor":50,"key":"ColorlessPotion"}],"is_trial":false,"path_per_floor":["M","?","?","M","M","E","M","R","T","R","E","M","M","M","R","B",null,"M","?","?","M","$","R","$","T","T","M","?","R","M","M","R","B",null,"M","M","?","T","M","R","M","R","T","R","AVR","M","R","M","R_BF","B",null],"character_chosen":"NECROMANCER","items_purchased":["Snack Pack","expansioncontent:DonusPower","Flesh_Made_Foul","Blood_for_Blood","Necrotic_Claws"],"campfire_rested":8,"item_purchase_floors":[22,22,22,24,24],"current_hp_per_floor":[82,82,43,43,42,32,21,45,45,69,63,62,63,68,68,82,82,73,73,35,28,28,52,52,52,52,28,28,52,51,34,58,69,82,80,36,36,36,20,44,18,42,42,66,66,80,80,82,82,55],"gold":271,"neow_bonus":"TEN_PERCENT_HP_BONUS","is_daily":false,"chose_seed":false,"campfire_upgraded":2,"win_rate":0.0,"timestamp":1609458393,"path_taken":["M","?","?","M","M","E","M","R","T","R","E","M","?","M","R","BOSS","M","?","?","M","$","R","?","?","T","?","?","R","M","M","R","BOSS","M","M","?","?","M","R","M","R","T","R","AVR","?","R","M","R_BF","BOSS"],"items_purchased_type":["Relic","Card","Card","Card","Card"],"build_version":"2020-12-22","purchased_purges":2,"victory":true,"max_hp_per_floor":[82,82,82,82,82,82,82,82,82,82,82,82,82,82,82,82,82,82,82,82,82,82,82,82,82,82,82,82,82,82,82,82,82,82,82,82,82,82,82,82,82,82,82,82,82,82,82,82,82,82],"card_choices":[{"not_picked":["Uncharnel","Shackles_Of_Pain"],"picked":"Blood_Curse","floor":1},{"not_picked":["Death_March_Dance","Plague_Bolt"],"picked":"Negative_Energy_Javelin","floor":4},{"not_picked":["Blood_Curse","Blood_for_Blood"],"picked":"Negative_Energy_Javelin","floor":5},{"not_picked":["Bone_Prison","Life_Drain"],"picked":"Summon_Vampire_Lady","floor":6},{"not_picked":["Finger_Of_Death","Pandemic"],"picked":"Negative_Energy_Mist","floor":7},{"not_picked":["Deaths_Shadow","Flesh_Made_Foul"],"picked":"Shade_Step","floor":11},{"not_picked":["Blood_Curse","Toxic_Smoke_Screen"],"picked":"Summon_Undead","floor":12},{"not_picked":["Corrupt","Toxic_Smoke_Screen"],"picked":"Blood_Is_Power","floor":13},{"not_picked":["Blood_Curse","Whirlwind_of_Bones"],"picked":"Negative_Energy_Javelin","floor":14},{"not_picked":["Skeleton_Dragon","Summon_Death_Knight"],"picked":"Grasp_Heart","floor":16},{"not_picked":["Shackles_Of_Pain+1","Consume_Illness","Chill_Blood"],"picked":"SKIP","floor":18},{"not_picked":["Death_Coil","Bone_Spikes+1"],"picked":"Blood_Wake","floor":21},{"not_picked":["Summon_Undead_Army","Blood_Curse","Consume_Illness"],"picked":"SKIP","floor":27},{"not_picked":["Necromantic_Selection","Consume_Illness","Blood_Is_Power"],"picked":"SKIP","floor":30},{"not_picked":["Blood_Curse","Blood_Whip"],"picked":"Exploit","floor":31},{"not_picked":["Blood_Wake","Blood_Magic"],"picked":"Requiem","floor":33},{"not_picked":["Violent_Necrosis+1","Negative_Energy_Mist","Bone_Spikes+1"],"picked":"SKIP","floor":35},{"not_picked":["Bone_Armor+1","Reap_The_Weak","Scare"],"picked":"SKIP","floor":36},{"not_picked":["Uncharnel+1","Blood_Curse+1","Negative_Energy_Javelin+1"],"picked":"SKIP","floor":39},{"not_picked":["Bones_to_Steel+1","Whirlwind_of_Bones","Bone_Bullets"],"picked":"SKIP","floor":41},{"not_picked":["Blood_Is_Power+1","Consume_Illness+1"],"picked":"Bone_Prison","floor":46},{"not_picked":["Toxic_Smoke_Screen+1","Violent_Necrosis"],"picked":"Blood_Whip+1","floor":48}],"player_experience":930083,"relics_obtained":[{"floor":2,"key":"ReplayTheSpireMod:Ring of Challenge"},{"floor":6,"key":"Du-Vu Doll"},{"floor":9,"key":"Gremlin Food"},{"floor":11,"key":"aspiration:TomeofQuesting"},{"floor":25,"key":"hubris:TenFootPole"},{"floor":26,"key":"Anchor"},{"floor":38,"key":"aspiration:ChemicalBlood"},{"floor":43,"key":"Blue Candle"}],"event_choices":[{"damage_healed":0,"gold_gain":106,"player_choice":"GO UP RE ","damage_taken":44,"relics_obtained":["Toy Ornithopter"],"max_hp_gain":0,"max_hp_loss":0,"event_name":"betterSkull:BetterSkull","floor":3,"gold_loss":0,"cards_upgraded":["Blood_Curse"]},{"damage_healed":0,"gold_gain":0,"player_choice":"Traded Relic","damage_taken":0,"relics_obtained":["Nloth\u0027s Gift"],"max_hp_gain":0,"max_hp_loss":0,"event_name":"N\u0027loth","floor":19,"relics_lost":["ReplayTheSpireMod:Ring of Challenge"],"gold_loss":0},{"damage_healed":0,"gold_gain":115,"player_choice":"GO UP RE ","damage_taken":43,"relics_obtained":["Replay:Rubber Ducky"],"max_hp_gain":0,"max_hp_loss":0,"event_name":"betterSkull:BetterSkull","floor":20,"gold_loss":0,"cards_upgraded":["Negative_Energy_Javelin"]},{"damage_healed":0,"gold_gain":0,"cards_transformed":["Strike_W"],"player_choice":"Transformed","damage_taken":0,"max_hp_gain":0,"max_hp_loss":0,"event_name":"Transmorgrifier","floor":28,"gold_loss":0,"cards_obtained":["Summon_Death_Knight"]},{"damage_healed":0,"gold_gain":0,"player_choice":"Ignored","damage_taken":0,"max_hp_gain":0,"max_hp_loss":0,"event_name":"OrinTheCat","floor":49,"gold_loss":0}],"is_beta":false,"boss_relics":[{"not_picked":["Replay:Drink Me","theForsaken:PaleLantern"],"picked":"vexMod:TanglingVine"},{"not_picked":["Philosopher\u0027s Stone","Cursed Key"],"picked":"aspiration:SecretTechniqueScroll"}],"items_purged_floors":[22,45],"is_endless":false,"potions_floor_spawned":[1,6,11,14,18,21,31,35,48],"ascension_level":0}}