{"host":"kh6fvhxn285ncg0o","time":1609409062,"event":{"mods":["Act Like it!","BaseMod","Colored Map","Friendly Minions","Keyboard Shortcuts","Minty Spire (QoL Compilation)","Quick Restart","Relic Stats","StSLib","SuperFastMode"],"gold_per_floor":[16,30,40,40,56,56,56],"floor_reached":6,"playtime":267,"items_purged":[],"score":76,"play_id":"80a6402d-3868-47ef-a4f8-c69515dc4216","local_time":"20201231190422","is_ascension_mode":true,"campfire_choices":[],"circlet_count":0,"master_deck":["AscendersBane","Strike_G","Strike_G","Strike_G","Strike_G","Strike_G","Defend_G","Defend_G","Defend_G","Defend_G","Defend_G","Survivor","Neutralize","Blade Dance","Backstab","Pain","Skewer"],"relics":["Ring of the Snake","FossilizedHelix","WarpedTongs"],"acts_visited":["Exordium"],"potions_floor_usage":[],"damage_taken":[{"damage":0.0,"enemies":"Cultist","floor":1.0,"turns":4.0},{"damage":0.0,"enemies":"2 Louse","floor":2.0,"turns":2.0},{"damage":0.0,"enemies":"Jaw Worm","floor":3.0,"turns":3.0},{"damage":16.0,"enemies":"Large Slime","floor":5.0,"turns":7.0},{"damage":22,"enemies":"Lagavulin","floor":6,"turns":4}],"seed_played":"8357644649162928931","potions_obtained":[{"floor":1.0,"key":"LiquidBronze"},{"floor":3.0,"key":"Explosive Potion"},{"floor":5.0,"key":"LiquidMemories"}],"is_trial":false,"path_per_floor":["M","M","M","?","M","E"],"character_chosen":"THE_SILENT","items_purchased":[],"campfire_rested":0,"item_purchase_floors":[],"current_hp_per_floor":[59,59,59,59,43,21,21],"gold":56,"neow_bonus":"ONE_RARE_RELIC","is_daily":false,"chose_seed":false,"campfire_upgraded":0,"win_rate":0.0,"timestamp":1609409062,"path_taken":["M","?","M","?","?","E"],"items_purchased_type":[],"build_version":"2020-12-22","purchased_purges":0,"victory":false,"max_hp_per_floor":[66,66,66,66,66,66,66],"relic_stats":{"counters":[5,20],"obtain_stats":[{"FossilizedHelix":0,"Ring of the Snake":0,"WarpedTongs":4},{"FossilizedHelix":0,"Ring of the Snake":0,"WarpedTongs":3},{"FossilizedHelix":0,"Ring of the Snake":0,"WarpedTongs":9}],"Ring of the Snake":[10],"WarpedTongs":[11]},"card_choices":[{"not_picked":["Flechettes","Bane"],"picked":"Blade Dance","floor":1.0},{"not_picked":["Flying Knee","Blade Dance"],"picked":"Backstab","floor":3.0},{"not_picked":["Expertise","Deadly Poison"],"picked":"Skewer","floor":5.0}],"player_experience":3331715,"relics_obtained":[],"event_choices":[{"damage_healed":0.0,"max_hp_gain":0.0,"max_hp_loss":0.0,"gold_gain":0.0,"event_name":"Accursed Blacksmith","player_choice":"Rummage","floor":4.0,"gold_loss":0.0,"damage_taken":0.0,"relics_obtained":["WarpedTongs"],"cards_obtained":["Pain"]}],"is_beta":false,"boss_relics":[],"items_purged_floors":[],"is_endless":false,"potions_floor_spawned":[1,3,5],"killed_by":"Lagavulin","ascension_level":20}}