{"host":"qwttrqaysb380yri","time":1609378538,"event":{"mods":["BaseMod","Custom Start","Minty Spire (QoL Compilation)","Permanent Neow","Puzzle Mod","Relic Stats","StSLib","The Hierophant"],"gold_per_floor":[109,119,269,269,282,282,310,310,356,5,31,31,31,56,56,135,135,150,168,178,178,194,194,194,229,241,253,180,227,48,48,48,48,48],"floor_reached":33,"playtime":997,"items_purged":[],"score":523,"play_id":"4f1d2609-d4eb-4017-964e-7f0802211c3f","local_time":"20201231023538","is_ascension_mode":true,"campfire_choices":[{"floor":6,"key":"REST"},{"floor":13,"key":"REST"},{"floor":15,"key":"REST"},{"floor":23,"key":"REST"},{"floor":27,"key":"REST"},{"floor":32,"key":"REST"}],"circlet_count":0,"master_deck":["AscendersBane","Strike_G","Strike_G","Strike_G","Strike_G","Strike_G+1","Defend_G","Defend_G","Defend_G+1","Defend_G","Defend_G","Survivor","Neutralize","Flying Knee","Poisoned Stab","Crippling Poison","Poisoned Stab","Glass Knife","Die Die Die","Parasite","Prepared","Night Terror+1","Riddle With Holes","Backflip","Well Laid Plans","Corpse Explosion","Magnetism"],"relics":["Fusion Hammer","Orichalcum","Vajra","ClockworkSouvenir","Toy Ornithopter","PreservedInsect","Cursed Key","MawBank","StoneCalendar","Bronze Scales"],"acts_visited":["Exordium","TheCity"],"potions_floor_usage":[7,11,16,22,25,25],"damage_taken":[{"damage":0,"enemies":"Jaw Worm","floor":1,"turns":4},{"damage":1,"enemies":"2 Louse","floor":2,"turns":3},{"damage":0,"enemies":"Small Slimes","floor":5,"turns":3},{"damage":31,"enemies":"Gremlin Nob","floor":7,"turns":5},{"damage":11,"enemies":"3 Sentries","floor":11,"turns":6},{"damage":6,"enemies":"Gremlin Nob","floor":14,"turns":3},{"damage":4,"enemies":"Hexaghost","floor":16,"turns":9},{"damage":0,"enemies":"3 Byrds","floor":18,"turns":4},{"damage":2,"enemies":"Chosen","floor":19,"turns":5},{"damage":25,"enemies":"Snake Plant","floor":20,"turns":5},{"damage":4,"enemies":"3 Cultists","floor":22,"turns":4},{"damage":24,"enemies":"Book of Stabbing","floor":25,"turns":4},{"damage":15,"enemies":"Slavers","floor":29,"turns":3},{"damage":41,"enemies":"Champ","floor":33,"turns":9}],"seed_played":"-9080790643616604756","potions_obtained":[{"floor":5,"key":"FearPotion"},{"floor":14,"key":"LiquidMemories"},{"floor":16,"key":"DistilledChaos"},{"floor":20,"key":"SkillPotion"},{"floor":22,"key":"Swift Potion"},{"floor":25,"key":"SneckoOil"}],"is_trial":false,"path_per_floor":["M","M","?","?","M","R","E","?","T","$","E","?","R","E","R","B",null,"M","M","M","?","M","R","?","E","T","R","?","E","$","T","R","B"],"character_chosen":"THE_SILENT","items_purchased":["Glass Knife","ColorlessPotion","ClockworkSouvenir","Magnetism"],"campfire_rested":6,"item_purchase_floors":[10,10,10,30],"current_hp_per_floor":[59,58,58,51,51,66,35,15,15,15,4,20,39,33,52,53,63,63,61,36,36,37,56,56,42,42,61,61,46,46,46,65,24,24],"gold":48,"neow_bonus":"BOSS_RELIC","is_daily":false,"chose_seed":false,"campfire_upgraded":0,"win_rate":0.0,"timestamp":1609378538,"path_taken":["M","M","?","?","M","R","E","?","T","?","E","?","R","E","R","BOSS","M","M","M","?","?","R","?","E","T","R","?","E","$","?","R","BOSS"],"items_purchased_type":["Card","Potion","Relic","Card"],"build_version":"2020-12-22","purchased_purges":0,"victory":false,"max_hp_per_floor":[66,66,66,66,66,66,66,66,66,66,66,66,66,66,66,66,66,66,66,66,66,66,66,66,66,66,66,66,66,66,66,66,66,66],"relic_stats":{"counters":[14,67],"Bronze Scales":[9],"StoneCalendar":[52],"PreservedInsect":84,"Orichalcum":[180],"Cursed Key":0,"MawBank":60,"obtain_stats":[{"Bronze Scales":29,"Vajra":9,"StoneCalendar":28,"Fusion Hammer":0,"PreservedInsect":14,"Orichalcum":7,"Cursed Key":17,"MawBank":25,"Toy Ornithopter":11,"Ring of the Snake":0,"ClockworkSouvenir":10},{"Bronze Scales":13,"Vajra":4,"StoneCalendar":12,"Fusion Hammer":0,"PreservedInsect":6,"Orichalcum":4,"Cursed Key":7,"MawBank":12,"Toy Ornithopter":5,"Ring of the Snake":0,"ClockworkSouvenir":4},{"Bronze Scales":58,"Vajra":15,"StoneCalendar":55,"Fusion Hammer":0,"PreservedInsect":24,"Orichalcum":15,"Cursed Key":33,"MawBank":55,"Toy Ornithopter":21,"Ring of the Snake":0,"ClockworkSouvenir":15}],"Toy Ornithopter":20},"card_choices":[{"not_picked":["Well Laid Plans","Dodge and Roll"],"picked":"Flying Knee","floor":1},{"not_picked":["Acrobatics","Deadly Poison"],"picked":"Poisoned Stab","floor":2},{"not_picked":["Underhanded Strike","Quick Slash"],"picked":"Crippling Poison","floor":5},{"not_picked":["Eviscerate","Catalyst"],"picked":"Poisoned Stab","floor":7},{"not_picked":["Dagger Throw","Tactician"],"picked":"Die Die Die","floor":11},{"not_picked":["Dodge and Roll","Dagger Throw"],"picked":"Prepared","floor":14},{"not_picked":["Storm of Steel","Phantasmal Killer"],"picked":"Night Terror","floor":16},{"not_picked":["Deflect+1","Sucker Punch","Dagger Throw"],"picked":"SKIP","floor":18},{"not_picked":["Flying Knee","Deflect","Endless Agony"],"picked":"SKIP","floor":19},{"not_picked":["Poisoned Stab","Dagger Spray"],"picked":"Riddle With Holes","floor":20},{"not_picked":["Dagger Throw","Terror"],"picked":"Backflip","floor":22},{"not_picked":["Endless Agony+1","Acrobatics"],"picked":"Well Laid Plans","floor":25},{"not_picked":["Deflect","Deadly Poison"],"picked":"Corpse Explosion","floor":29}],"player_experience":1964003,"relics_obtained":[{"floor":7,"key":"Orichalcum"},{"floor":9,"key":"Vajra"},{"floor":11,"key":"Toy Ornithopter"},{"floor":14,"key":"PreservedInsect"},{"floor":25,"key":"MawBank"},{"floor":29,"key":"Bronze Scales"}],"event_choices":[{"damage_healed":0,"gold_gain":150,"player_choice":"AGREE","damage_taken":0,"max_hp_gain":0,"max_hp_loss":0,"event_name":"Liars Game","floor":3,"gold_loss":0,"cards_obtained":["Doubt"]},{"cards_removed":["Doubt"],"damage_healed":0,"gold_gain":0,"player_choice":"Card Removal","damage_taken":7,"max_hp_gain":0,"max_hp_loss":0,"event_name":"Golden Wing","floor":4,"gold_loss":0},{"damage_healed":0,"gold_gain":0,"player_choice":"Entered Light","damage_taken":20,"max_hp_gain":0,"max_hp_loss":0,"event_name":"Shining Light","floor":8,"gold_loss":0,"cards_upgraded":["Defend_G","Strike_G"]},{"damage_healed":16,"gold_gain":0,"player_choice":"Healed and dodged fight","damage_taken":0,"max_hp_gain":0,"max_hp_loss":0,"event_name":"Mushrooms","floor":12,"gold_loss":0,"cards_obtained":["Parasite"]},{"damage_healed":0,"gold_gain":0,"player_choice":"Upgraded","damage_taken":0,"max_hp_gain":0,"max_hp_loss":0,"event_name":"Upgrade Shrine","floor":21,"gold_loss":0,"cards_upgraded":["Night Terror"]},{"damage_healed":0,"gold_gain":0,"player_choice":"Ignored","damage_taken":0,"max_hp_gain":0,"max_hp_loss":0,"event_name":"Vampires","floor":24,"gold_loss":0},{"damage_healed":0,"gold_gain":0,"player_choice":"Obtained Relic","damage_taken":0,"relics_obtained":["StoneCalendar"],"max_hp_gain":0,"max_hp_loss":0,"event_name":"Addict","floor":28,"gold_loss":85}],"is_beta":false,"boss_relics":[{"not_picked":["Busted Crown","SacredBark"],"picked":"Cursed Key"}],"items_purged_floors":[],"is_endless":false,"potions_floor_spawned":[5,14,16,20,22,25],"killed_by":"Champ","ascension_level":15}}