{"host":"0tg1gncob7yth7j0","time":1609433170,"event":{"mods":["BaseMod","Best Route Mod","Block Reminder","Disable Question Mark Monsters","Gold Saver","Minty Spire (QoL Compilation)","SacredBarkPlus","StSLib","Transform Curses"],"gold_per_floor":[112,112,112,10,31,65,65,81,135,135,159,159,182,200,200,295,358,381,396,3,26,39,39,39,39,39],"floor_reached":25,"playtime":1168,"items_purged":[],"score":391,"play_id":"00bb5df4-4865-40fa-9606-4aea37f566e7","local_time":"20201231114610","is_ascension_mode":true,"campfire_choices":[{"data":"Eruption","floor":7,"key":"SMITH"},{"data":"ClearTheMind","floor":10,"key":"SMITH"},{"data":"Crescendo","floor":12,"key":"SMITH"},{"floor":15,"key":"REST"},{"floor":23,"key":"REST"}],"circlet_count":0,"master_deck":["AscendersBane","Strike_P","Strike_P","Strike_P","Strike_P","Defend_P","Defend_P","Defend_P","Defend_P","Eruption+1","Vigilance","ClearTheMind+1","BattleHymn","EmptyFist","EmptyFist","CutThroughFate+1","Crescendo+1","Consecrate","Protect","Brilliance","Protect","LessonLearned","Meditate"],"relics":["PureWater","NeowsBlessing","Golden Idol","Omamori","Happy Flower","Tiny House","Matryoshka"],"acts_visited":["Exordium","TheCity"],"potions_floor_usage":[11,16,16,18,18],"damage_taken":[{"damage":0,"enemies":"2 Louse","floor":1,"turns":1},{"damage":0,"enemies":"Jaw Worm","floor":5,"turns":1},{"damage":0,"enemies":"3 Sentries","floor":6,"turns":1},{"damage":0,"enemies":"Cultist","floor":8,"turns":3},{"damage":8,"enemies":"Large Slime","floor":11,"turns":4},{"damage":0,"enemies":"2 Fungi Beasts","floor":13,"turns":2},{"damage":0,"enemies":"3 Louse","floor":14,"turns":1},{"damage":27,"enemies":"Hexaghost","floor":16,"turns":7},{"damage":4,"enemies":"3 Byrds","floor":18,"turns":5},{"damage":19,"enemies":"2 Thieves","floor":19,"turns":4},{"damage":7,"enemies":"Cultist and Chosen","floor":21,"turns":4},{"damage":45,"enemies":"Snake Plant","floor":22,"turns":5},{"damage":39,"enemies":"Slavers","floor":25,"turns":2}],"seed_played":"5395273059948634047","potions_obtained":[{"floor":5,"key":"DuplicationPotion"},{"floor":11,"key":"AttackPotion"},{"floor":14,"key":"Strength Potion"},{"floor":16,"key":"DuplicationPotion"},{"floor":17,"key":"Ambrosia"},{"floor":19,"key":"FairyPotion"}],"is_trial":false,"path_per_floor":["M","?","?","$","M","E","R","M","T","R","M","R","M","M","R","B",null,"M","M","$","M","M","R","?","E"],"character_chosen":"WATCHER","items_purchased":["BattleHymn","EmptyFist","Matryoshka","LessonLearned"],"campfire_rested":2,"item_purchase_floors":[4,4,20,20],"current_hp_per_floor":[61,61,44,44,44,44,44,44,44,44,36,36,36,36,56,29,63,59,40,40,33,15,36,36,0,0],"gold":39,"neow_bonus":"THREE_ENEMY_KILL","is_daily":false,"chose_seed":false,"campfire_upgraded":3,"win_rate":0.0,"timestamp":1609433170,"path_taken":["M","?","?","?","M","E","R","M","T","R","M","R","M","M","R","BOSS","M","M","$","?","M","R","?","E"],"items_purchased_type":["Card","Card","Relic","Card"],"build_version":"2020-12-22","purchased_purges":0,"victory":false,"max_hp_per_floor":[68,68,68,68,68,68,68,68,68,68,68,68,68,68,68,68,73,73,73,73,73,73,73,73,73,73],"card_choices":[{"not_picked":["JustLucky","InnerPeace"],"picked":"ClearTheMind","floor":1},{"not_picked":["WindmillStrike","Evaluate"],"picked":"EmptyFist","floor":5},{"not_picked":["CrushJoints","PathToVictory"],"picked":"CutThroughFate","floor":6},{"not_picked":["Worship","Collect","FlurryOfBlows"],"picked":"SKIP","floor":8},{"not_picked":["LikeWater","Evaluate"],"picked":"Crescendo","floor":11},{"not_picked":["BowlingBash","Omniscience"],"picked":"Consecrate","floor":13},{"not_picked":["JustLucky","CrushJoints"],"picked":"Protect","floor":14},{"not_picked":["Ragnarok","SpiritShield"],"picked":"Brilliance","floor":16},{"not_picked":["Evaluate","Indignation"],"picked":"Protect","floor":17},{"not_picked":["FlurryOfBlows","Consecrate","Fasting2"],"picked":"SKIP","floor":18},{"not_picked":["Study","Wireheading","FlyingSleeves"],"picked":"SKIP","floor":19},{"not_picked":["ThirdEye+1","ReachHeaven"],"picked":"Meditate","floor":21},{"not_picked":["Pray","CutThroughFate","EmptyBody"],"picked":"SKIP","floor":22}],"player_experience":3615634,"relics_obtained":[{"floor":6,"key":"Omamori"},{"floor":9,"key":"Happy Flower"}],"event_choices":[{"damage_healed":0,"gold_gain":0,"player_choice":"Leave","damage_taken":0,"max_hp_gain":0,"max_hp_loss":0,"event_name":"The Cleric","floor":2,"gold_loss":0},{"damage_healed":0,"gold_gain":0,"player_choice":"Take Damage","damage_taken":17,"relics_obtained":["Golden Idol"],"max_hp_gain":0,"max_hp_loss":0,"event_name":"Golden Idol","floor":3,"gold_loss":0},{"damage_healed":0,"gold_gain":0,"player_choice":"Ignored","damage_taken":0,"max_hp_gain":0,"max_hp_loss":0,"event_name":"Cursed Tome","floor":24,"gold_loss":0}],"is_beta":false,"boss_relics":[{"not_picked":["Empty Cage","Snecko Eye"],"picked":"Tiny House"}],"items_purged_floors":[],"is_endless":false,"potions_floor_spawned":[5,11,14,16,19],"killed_by":"Slavers","ascension_level":14}}