{"host":"089us5wx8446qekd","time":1609373875,"event":{"mods":["AchievementEnabler","BaseMod","Bestiary","Colored Powertips","Highlight Path","Minty Spire (QoL Compilation)"],"gold_per_floor":[118,118,118,118,137,171,171,188,215,215,228,262,262,280,280,280,280],"floor_reached":16,"playtime":920,"items_purged":[],"score":116,"play_id":"0f7f0391-8fb8-4143-8fb7-30c494931b26","local_time":"20201231011755","is_ascension_mode":true,"campfire_choices":[{"data":"Pommel Strike","floor":7,"key":"SMITH"},{"floor":13,"key":"REST"},{"data":"Pommel Strike","floor":15,"key":"SMITH"}],"circlet_count":0,"master_deck":["Strike_R","Strike_R","Strike_R","Strike_R","Strike_R","Defend_R","Defend_R","Defend_R","Defend_R","Bash+1","Pommel Strike+1","Anger+1","Pommel Strike+1","Clash","Flex"],"relics":["Burning Blood","Anchor","Bag of Marbles","Self Forming Clay","Calipers"],"acts_visited":["Exordium"],"potions_floor_usage":[],"damage_taken":[{"damage":8.0,"enemies":"Jaw Worm","floor":1.0,"turns":4.0},{"damage":7,"enemies":"Small Slimes","floor":5,"turns":2},{"damage":26,"enemies":"Lagavulin","floor":6,"turns":5},{"damage":0,"enemies":"2 Louse","floor":8,"turns":2},{"damage":3,"enemies":"Red Slaver","floor":11,"turns":2},{"damage":27,"enemies":"3 Sentries","floor":12,"turns":6},{"damage":0,"enemies":"3 Louse","floor":14,"turns":2},{"damage":44,"enemies":"The Guardian","floor":16,"turns":6}],"seed_played":"2141986200671428805","potions_obtained":[{"floor":5,"key":"SmokeBomb"},{"floor":11,"key":"BlessingOfTheForge"},{"floor":14,"key":"Weak Potion"}],"is_trial":false,"path_per_floor":["M","?","?","?","M","E","R","M","T","?","M","E","R","M","R","B"],"character_chosen":"IRONCLAD","items_purchased":[],"campfire_rested":1,"item_purchase_floors":[],"current_hp_per_floor":[78,78,78,78,77,57,57,63,63,30,33,12,36,42,42,0,0],"gold":280,"neow_bonus":"THREE_CARDS","is_daily":false,"chose_seed":false,"campfire_upgraded":2,"win_rate":0.0,"timestamp":1609373875,"path_taken":["M","?","?","?","M","E","R","?","T","?","M","E","R","M","R","BOSS"],"items_purchased_type":[],"build_version":"2020-12-22","purchased_purges":0,"victory":false,"max_hp_per_floor":[80,80,80,80,80,80,80,80,80,80,80,80,80,80,80,80,80],"card_choices":[{"not_picked":["Perfected Strike","Armaments"],"picked":"Pommel Strike","floor":0.0},{"not_picked":["Cleave","Whirlwind"],"picked":"Anger","floor":1.0},{"not_picked":["Armaments","Metallicize","Shrug It Off"],"picked":"SKIP","floor":5},{"not_picked":["Dark Embrace","Flame Barrier"],"picked":"Pommel Strike","floor":6},{"not_picked":["Clothesline","Dark Embrace","Berserk"],"picked":"SKIP","floor":8},{"not_picked":["Disarm","Perfected Strike","Heavy Blade"],"picked":"SKIP","floor":11},{"not_picked":["Entrench","Corruption"],"picked":"Clash","floor":12},{"not_picked":["Twin Strike","Headbutt"],"picked":"Flex","floor":14}],"player_experience":22553,"relics_obtained":[{"floor":6,"key":"Anchor"},{"floor":9,"key":"Bag of Marbles"},{"floor":12,"key":"Calipers"}],"event_choices":[{"damage_healed":0.0,"max_hp_gain":0.0,"max_hp_loss":0.0,"gold_gain":0.0,"event_name":"Golden Wing","player_choice":"Ignored","floor":2.0,"gold_loss":0.0,"damage_taken":0.0},{"damage_healed":0,"gold_gain":0,"player_choice":"Grow","damage_taken":0,"max_hp_gain":0,"max_hp_loss":0,"event_name":"Living Wall","floor":3,"gold_loss":0,"cards_upgraded":["Anger"]},{"damage_healed":0,"gold_gain":0,"player_choice":"Upgraded","damage_taken":0,"max_hp_gain":0,"max_hp_loss":0,"event_name":"Upgrade Shrine","floor":4,"gold_loss":0,"cards_upgraded":["Bash"]},{"damage_healed":0,"gold_gain":0,"player_choice":"Success","damage_taken":33,"relics_obtained":["Self Forming Clay"],"max_hp_gain":0,"max_hp_loss":0,"event_name":"Scrap Ooze","floor":10,"gold_loss":0}],"is_beta":false,"boss_relics":[],"items_purged_floors":[],"is_endless":false,"potions_floor_spawned":[5,11,14],"killed_by":"The Guardian","ascension_level":1}}