{"host":"na09lpbrez4gbfiz","time":1609456521,"event":{"mods":["Act Like it!","BaseMod","BetterRewards","Colored Map","Colored Powertips","DeckTracker","Googly Eyes","Highlight Path","Minty Spire (QoL Compilation)","Quick Restart","Spicy Shops","StSLib","SuperFastMode","Synergy Search"],"gold_per_floor":[112,112,112,126,126,169,189,189,189,224,238,263,263,276,276,400,700,718,733,733,733,246,289,289,289],"floor_reached":24,"playtime":586,"items_purged":["Strike_R"],"score":389,"play_id":"e2f403d8-4836-4850-b638-9451bae14dad","local_time":"20210101001521","is_ascension_mode":true,"campfire_choices":[{"data":"Bash","floor":8,"key":"SMITH"},{"data":"Metallicize","floor":13,"key":"SMITH"},{"data":"Juggernaut","floor":15,"key":"SMITH"}],"circlet_count":0,"master_deck":["AscendersBane","Strike_R","Strike_R","Strike_R","Defend_R","Defend_R+1","Defend_R+1","Defend_R","Bash+1","Ghostly Armor","Metallicize+1","Juggernaut+1","Feed","CurseOfTheBell","Shrug It Off","Inflame"],"relics":["Burning Blood","NeowsBlessing","Golden Idol","Eternal Feather","Regal Pillow","Pen Nib","Pantograph","Calling Bell","Bronze Scales","Question Card","Old Coin","Enchiridion","Omamori","War Paint","Oddly Smooth Stone"],"acts_visited":["Exordium","TheCity"],"potions_floor_usage":[10,16,19,23],"damage_taken":[{"damage":0,"enemies":"Jaw Worm","floor":1,"turns":1},{"damage":0,"enemies":"Small Slimes","floor":4,"turns":1},{"damage":0,"enemies":"3 Sentries","floor":6,"turns":1},{"damage":6,"enemies":"2 Louse","floor":7,"turns":4},{"damage":24,"enemies":"Gremlin Nob","floor":10,"turns":4},{"damage":2,"enemies":"Looter","floor":11,"turns":4},{"damage":5,"enemies":"Blue Slaver","floor":12,"turns":5},{"damage":0,"enemies":"Exordium Wildlife","floor":14,"turns":5},{"damage":64,"enemies":"The Guardian","floor":16,"turns":11},{"damage":19,"enemies":"Shell Parasite","floor":18,"turns":6},{"damage":13,"enemies":"3 Byrds","floor":19,"turns":2},{"damage":13,"enemies":"Book of Stabbing","floor":23,"turns":5},{"damage":41,"enemies":"3 Cultists","floor":24,"turns":4}],"seed_played":"4489303288439124042","potions_obtained":[{"floor":1,"key":"Explosive Potion"},{"floor":7,"key":"GamblersBrew"},{"floor":10,"key":"LiquidBronze"},{"floor":12,"key":"EssenceOfSteel"},{"floor":18,"key":"Weak Potion"},{"floor":19,"key":"Strength Potion"}],"is_trial":false,"path_per_floor":["M","?","?","M","?","E","M","R","T","E","M","M","R","M","R","B",null,"M","M","?","?","$","E","M"],"character_chosen":"IRONCLAD","items_purchased":["Omamori","War Paint","Regen Potion"],"campfire_rested":0,"item_purchase_floors":[22,22,22],"current_hp_per_floor":[78,58,51,57,50,56,56,62,62,44,48,49,55,61,67,22,66,53,46,46,30,30,41,0,0],"gold":289,"neow_bonus":"THREE_ENEMY_KILL","is_daily":false,"chose_seed":false,"campfire_upgraded":3,"win_rate":0.0,"timestamp":1609456521,"path_taken":["M","?","?","M","?","E","M","R","T","E","M","M","R","M","R","BOSS","M","M","?","?","$","E","M"],"items_purchased_type":["Relic","Relic","Potion"],"build_version":"2020-12-22","purchased_purges":1,"victory":false,"max_hp_per_floor":[80,80,80,80,80,80,80,80,80,80,80,80,80,80,80,80,80,80,80,80,80,80,80,80,80],"card_choices":[{"not_picked":["Dark Embrace","Havoc","Evolve"],"picked":"SKIP","floor":1},{"not_picked":["Havoc","Pommel Strike"],"picked":"Ghostly Armor","floor":4},{"not_picked":["Clothesline","Feel No Pain","Dual Wield"],"picked":"SKIP","floor":6},{"not_picked":["Blood for Blood","Twin Strike","Rupture"],"picked":"SKIP","floor":7},{"not_picked":["Evolve","Dropkick","Havoc"],"picked":"SKIP","floor":10},{"not_picked":["Combust","True Grit"],"picked":"Metallicize","floor":11},{"not_picked":["Heavy Blade","Clothesline","Havoc"],"picked":"SKIP","floor":12},{"not_picked":["Thunderclap","Havoc"],"picked":"Juggernaut","floor":14},{"not_picked":["Fiend Fire","Barricade"],"picked":"Feed","floor":16},{"not_picked":["Thunderclap","Warcry","Impervious","Burning Pact+1"],"picked":"SKIP","floor":18},{"not_picked":["Flex","Second Wind+1","Wild Strike+1"],"picked":"Shrug It Off","floor":19},{"not_picked":["Shockwave","Twin Strike+1","Evolve"],"picked":"Inflame","floor":23}],"player_experience":251046,"relics_obtained":[{"floor":6,"key":"Regal Pillow"},{"floor":9,"key":"Pen Nib"},{"floor":10,"key":"Pantograph"},{"floor":17,"key":"Bronze Scales"},{"floor":17,"key":"Question Card"},{"floor":17,"key":"Old Coin"},{"floor":21,"key":"Enchiridion"},{"floor":23,"key":"Oddly Smooth Stone"}],"event_choices":[{"damage_healed":0,"gold_gain":0,"player_choice":"Take Damage","damage_taken":20,"relics_obtained":["Golden Idol"],"max_hp_gain":0,"max_hp_loss":0,"event_name":"Golden Idol","floor":2,"gold_loss":0},{"damage_healed":0,"gold_gain":0,"player_choice":"Success","damage_taken":7,"relics_obtained":["Eternal Feather"],"max_hp_gain":0,"max_hp_loss":0,"event_name":"Scrap Ooze","floor":3,"gold_loss":0},{"cards_removed":["Strike_R"],"damage_healed":0,"gold_gain":0,"player_choice":"Card Removal","damage_taken":7,"max_hp_gain":0,"max_hp_loss":0,"event_name":"Golden Wing","floor":5,"gold_loss":0},{"damage_healed":0,"gold_gain":0,"player_choice":"Ignored","damage_taken":0,"max_hp_gain":0,"max_hp_loss":0,"event_name":"Ghosts","floor":20,"gold_loss":0},{"damage_healed":0,"gold_gain":0,"player_choice":"Obtained Book","damage_taken":16,"max_hp_gain":0,"max_hp_loss":0,"event_name":"Cursed Tome","floor":21,"gold_loss":0}],"is_beta":false,"boss_relics":[{"not_picked":["Mark of Pain","Black Star"],"picked":"Calling Bell"}],"items_purged_floors":[22],"is_endless":false,"potions_floor_spawned":[1,7,10,12,14,18,19],"killed_by":"3 Cultists","ascension_level":11}}