{"host":"k61zkrqx5zdi0yzo","time":1609385831,"event":{"mods":["AchievementEnabler","BaseMod","Colored Map","Highlight Path","Minty Spire (QoL Compilation)","Permanent Neow","Quick Restart","Rare Cards Sparkle","StSLib","SuperFastMode"],"gold_per_floor":[365,378,378,395,395,395,409,409,409,439,456,456,476,29,29,124,124,137,151,163,15,28,28,47,67,135,160,60,60,71,71,71,173,173,186,11,28,28,41,41,54,329,353,56,71,83,83,83],"floor_reached":47,"playtime":2690,"items_purged":["Doubt","Strike_G","Strike_G","Regret"],"score":458,"play_id":"4883ced7-6c78-4925-b980-ec565b7d6e6e","local_time":"20201231123711","is_ascension_mode":false,"campfire_choices":[{"data":"Endless Agony","floor":6,"key":"SMITH"},{"data":"Dagger Spray","floor":8,"key":"SMITH"},{"data":"Crippling Poison","floor":12,"key":"SMITH"},{"data":"Noxious Fumes","floor":15,"key":"SMITH"},{"data":"Prepared","floor":23,"key":"SMITH"},{"data":"Noxious Fumes","floor":29,"key":"SMITH"},{"floor":32,"key":"REST"},{"data":"Deflect","floor":40,"key":"SMITH"}],"circlet_count":0,"master_deck":["Strike_G","Strike_G","Strike_G","Defend_G","Defend_G","Defend_G","Defend_G","Defend_G","Survivor","Neutralize","Dagger Throw","Dagger Throw","Endless Agony+1","Dagger Spray+1","Crippling Poison+1","Sucker Punch","Noxious Fumes+1","The Bomb","Noxious Fumes+1","Underhanded Strike","Prepared+1","Bane","Dagger Throw+1","Deflect+1","Bane","Noxious Fumes+1","Deflect+1","Backflip+1","Tactician+1"],"relics":["Ring of the Snake","TungstenRod","Paper Crane","TheAbacus","HoveringKite","Snake Skull","Ornamental Fan","Red Mask","Sozu","Boot","ClockworkSouvenir"],"acts_visited":["Exordium","TheCity","TheBeyond"],"potions_floor_usage":[10,11,16,16,33,33,47],"damage_taken":[{"damage":9,"enemies":"Jaw Worm","floor":1,"turns":7},{"damage":0,"enemies":"Cultist","floor":2,"turns":4},{"damage":0,"enemies":"Small Slimes","floor":4,"turns":3},{"damage":9,"enemies":"Red Slaver","floor":7,"turns":3},{"damage":10,"enemies":"3 Sentries","floor":10,"turns":6},{"damage":4,"enemies":"Lots of Slimes","floor":11,"turns":3},{"damage":0,"enemies":"2 Fungi Beasts","floor":13,"turns":2},{"damage":7,"enemies":"Slime Boss","floor":16,"turns":7},{"damage":5,"enemies":"2 Thieves","floor":18,"turns":3},{"damage":4,"enemies":"Shell Parasite","floor":19,"turns":4},{"damage":11,"enemies":"Cultist and Chosen","floor":20,"turns":5},{"damage":6,"enemies":"Centurion and Healer","floor":22,"turns":5},{"damage":4,"enemies":"3 Cultists","floor":24,"turns":3},{"damage":5,"enemies":"Shelled Parasite and Fungi","floor":25,"turns":7},{"damage":0,"enemies":"Masked Bandits","floor":27,"turns":2},{"damage":0,"enemies":"Centurion and Healer","floor":30,"turns":5},{"damage":17,"enemies":"Collector","floor":33,"turns":7},{"damage":7,"enemies":"3 Shapes","floor":35,"turns":4},{"damage":8,"enemies":"Orb Walker","floor":37,"turns":3},{"damage":19,"enemies":"3 Darklings","floor":39,"turns":4},{"damage":21,"enemies":"Writhing Mass","floor":41,"turns":5},{"damage":0,"enemies":"Transient","floor":45,"turns":5},{"damage":10,"enemies":"Sphere and 2 Shapes","floor":46,"turns":4},{"damage":12,"enemies":"Maw","floor":47,"turns":6}],"seed_played":"1135373251984153742","potions_obtained":[{"floor":2,"key":"LiquidMemories"},{"floor":7,"key":"Regen Potion"},{"floor":10,"key":"PowerPotion"},{"floor":13,"key":"Explosive Potion"},{"floor":19,"key":"Poison Potion"},{"floor":24,"key":"SteroidPotion"},{"floor":25,"key":"AttackPotion"},{"floor":27,"key":"BlessingOfTheForge"}],"is_trial":false,"path_per_floor":["M","M","?","M","?","R","M","R","T","E","M","R","M","$","R","B",null,"M","M","M","$","M","R","M","M","T","?","$","R","M","?","R","B",null,"M","$","M","?","M","R","M","?","T","$","M","M","M"],"character_chosen":"THE_SILENT","items_purchased":["The Bomb","TheAbacus","Noxious Fumes","Snake Skull","Deflect","ClockworkSouvenir"],"campfire_rested":1,"item_purchase_floors":[14,14,14,21,36,44],"current_hp_per_floor":[61,61,61,61,54,54,45,45,45,49,45,45,45,45,45,38,70,65,61,50,50,44,44,40,35,35,35,35,35,35,35,56,39,70,63,63,55,55,36,36,15,15,15,15,15,5,0,0],"gold":83,"neow_bonus":"TWO_FIFTY_GOLD","is_daily":false,"chose_seed":false,"campfire_upgraded":7,"win_rate":0.0,"timestamp":1609385831,"path_taken":["M","M","?","?","?","R","M","R","T","E","?","R","M","$","R","BOSS","M","M","M","?","?","R","M","M","T","?","$","R","M","?","R","BOSS","M","$","M","?","M","R","M","?","T","$","?","M","M"],"items_purchased_type":["Card","Relic","Card","Relic","Card","Relic"],"build_version":"2020-12-22","purchased_purges":4,"victory":false,"max_hp_per_floor":[70,70,70,70,70,70,70,70,70,70,70,70,70,70,70,70,70,70,70,70,70,70,70,70,70,70,70,70,70,70,70,70,70,70,70,70,70,66,66,66,66,66,66,66,66,66,66,66],"card_choices":[{"not_picked":["Footwork","Slice"],"picked":"Dagger Throw","floor":1},{"not_picked":["Dash","Blur"],"picked":"Terror","floor":2},{"not_picked":["Well Laid Plans","Terror"],"picked":"Endless Agony","floor":4},{"not_picked":["Riddle With Holes","Caltrops"],"picked":"Dagger Spray","floor":7},{"not_picked":["Cloak And Dagger","Slice"],"picked":"Crippling Poison","floor":10},{"not_picked":["Prepared","Infinite Blades"],"picked":"Sucker Punch","floor":11},{"not_picked":["Acrobatics","Bane"],"picked":"Noxious Fumes","floor":13},{"not_picked":["Acrobatics","Slice"],"picked":"Underhanded Strike","floor":18},{"not_picked":["Dagger Spray+1","Slice"],"picked":"Prepared","floor":19},{"not_picked":["A Thousand Cuts","Outmaneuver"],"picked":"Bane","floor":20},{"not_picked":["Acrobatics","Underhanded Strike","Distraction"],"picked":"SKIP","floor":22},{"not_picked":["Flying Knee","Infinite Blades+1","Backstab"],"picked":"SKIP","floor":24},{"not_picked":["Finisher","Calculated Gamble+1"],"picked":"Dagger Throw+1","floor":25},{"not_picked":["PiercingWail","Flying Knee"],"picked":"Deflect+1","floor":27},{"not_picked":["Heel Hook","Dodge and Roll"],"picked":"Bane","floor":30},{"not_picked":["Backstab+1","Choke+1"],"picked":"Noxious Fumes+1","floor":35},{"not_picked":["Accuracy+1","Dodge and Roll+1","Expertise"],"picked":"SKIP","floor":37},{"not_picked":["Tactician","Blade Dance+1"],"picked":"Backflip+1","floor":39},{"not_picked":["Dagger Spray","Predator+1"],"picked":"Tactician+1","floor":41},{"not_picked":["Sucker Punch+1","Infinite Blades+1","Poisoned Stab"],"picked":"SKIP","floor":45},{"not_picked":["PiercingWail","Dodge and Roll","Backflip"],"picked":"SKIP","floor":46}],"player_experience":5659,"relics_obtained":[{"floor":9,"key":"TungstenRod"},{"floor":10,"key":"Paper Crane"},{"floor":26,"key":"Ornamental Fan"},{"floor":27,"key":"Red Mask"},{"floor":43,"key":"Boot"}],"event_choices":[{"damage_healed":0,"gold_gain":0,"cards_transformed":["Terror"],"player_choice":"Transformed","damage_taken":0,"max_hp_gain":0,"max_hp_loss":0,"event_name":"Transmorgrifier","floor":3,"gold_loss":0,"cards_obtained":["Dagger Throw"]},{"damage_healed":0,"gold_gain":0,"player_choice":"Damaged","damage_taken":7,"max_hp_gain":0,"max_hp_loss":0,"event_name":"Wheel of Change","floor":5,"gold_loss":0},{"damage_healed":0,"gold_gain":0,"player_choice":"Fought Bandits","damage_taken":0,"max_hp_gain":0,"max_hp_loss":0,"event_name":"Masked Bandits","floor":27,"gold_loss":0},{"damage_healed":0,"gold_gain":0,"player_choice":"Ignored","damage_taken":0,"max_hp_gain":0,"max_hp_loss":0,"event_name":"Cursed Tome","floor":31,"gold_loss":0},{"damage_healed":0,"gold_gain":0,"player_choice":"Max HP","damage_taken":0,"max_hp_gain":0,"max_hp_loss":4,"event_name":"Winding Halls","floor":38,"gold_loss":0},{"damage_healed":0,"gold_gain":275,"player_choice":"Desecrate","damage_taken":0,"max_hp_gain":0,"max_hp_loss":0,"event_name":"Golden Shrine","floor":42,"gold_loss":0,"cards_obtained":["Regret"]}],"is_beta":false,"boss_relics":[{"not_picked":["Empty Cage","SlaversCollar"],"picked":"HoveringKite"},{"not_picked":["Coffee Dripper","Philosopher\u0027s Stone"],"picked":"Sozu"}],"items_purged_floors":[14,28,36,44],"is_endless":false,"potions_floor_spawned":[2,7,10,13,19,24,25,27,30,35,39,45],"killed_by":"Maw","ascension_level":0}}