{"host":"9imele0d1v4imq00","time":1609379210,"event":{"mods":["AchievementEnabler","Act Like it!","Aspiration","BaseMod","Better Altar","Better Match","Better Note","Better Sensory Stone","Better Skull","Better Third Choice","BetterRewards","Colored Map","Colored Powertips","Conspire","Downfall","Hermit","Highlight Path","Hubris","Jorbs\u0027s Wanderer Trilogy","KinomotoSakuraMod(????)","Koishi","Marisa????????","Minty Spire (QoL Compilation)","Quick Restart","Replay The Spire","StSLib","Td1madao Mod","The Administrix","The Animator","The Blue Laboratory","The Bug Knight","The Hierophant","The Poker Player","The Runesmith"],"gold_per_floor":[127,127,127,160,176,222,222,247,247,295,295,328,328,328,328,441,441,453,499,122,136,166,219,186,261,261,261,261,261,363,434,434,584,584,599,899,982,1002,587,587,614,671,671,730,771,810,735,735,735,775,775,775,94,119,119],"floor_reached":56,"playtime":7189,"items_purged":["Defend_MRS","BlazeAway","Parasite"],"score":1654,"play_id":"c90bc6dd-4ff9-4da7-9aa4-26761bcf3f05","local_time":"20201230174650","is_ascension_mode":false,"campfire_choices":[{"floor":7.0,"key":"RECALL"},{"floor":11.0,"key":"REST"},{"floor":13.0,"key":"REST"},{"data":"PropBag","floor":15.0,"key":"SMITH"},{"floor":29.0,"key":"REST"},{"floor":32.0,"key":"REST"},{"data":"Occultation","floor":40.0,"key":"SMITH"},{"data":"StarDustReverie","floor":49,"key":"SMITH"},{"data":"StarDustReverie","floor":52,"key":"SMITH"}],"circlet_count":0,"master_deck":["Strike_MRS","Strike_MRS","Strike_MRS","Strike_MRS","Defend_MRS","Defend_MRS","Defend_MRS","UpSweep","DC","EventHorizon+1","Robbery","MysteriousBeam+1","Neutralize","Occultation+1","AlicesGift","Acceleration","PropBag+1","AsteroidBelt","Guardian:HyperBeam_Guardian","FinalSpark","Pot Of Greed","Pot Of Greed","CasketOfStar","MysteriousBeam+1","Pot Of Greed","WitchOfGreed","EarthLightRay","WitchOfGreed","WitchOfGreed","GravityBeat","Necronomicurse","Occultation+1","PowerUp+1","StarDustReverie+1","CurseOfTheBell","GasGiant","GrandCross+1","Pot Of Greed","Singularity+1","EarthLightRay","WitchOfGreed+1","PowerUp+1","EarthLightRay","Strike_MRS+1","Strike_MRS+1","Strike_MRS+1","Strike_MRS+1","Defend_MRS","Defend_MRS","Defend_MRS","UpSweep+1","DC+1","EventHorizon+1","Robbery+1","MysteriousBeam+1","Neutralize+1","Occultation+1","AlicesGift+1","Acceleration","PropBag+1","AsteroidBelt","Guardian:HyperBeam_Guardian+1","FinalSpark+1","Pot Of Greed","Pot Of Greed","CasketOfStar","MysteriousBeam+1","Pot Of Greed","WitchOfGreed","EarthLightRay","WitchOfGreed","WitchOfGreed","GravityBeat+1","Necronomicurse","Occultation+1","PowerUp+1","StarDustReverie+1","CurseOfTheBell","GasGiant","GrandCross+1","Pot Of Greed","Singularity+1","EarthLightRay","WitchOfGreed+1","PowerUp+1","EarthLightRay","Parasite","Pot Of Greed","Pot Of Greed","Pot Of Greed","AbsoluteMagnitude+1"],"relics":["hubris:Spice","FossilizedHelix","SimpleLauncher","m_TsuchinokoRing","Ornamental Fan","Runesmith:AutoHammer","ExperimentalFamiliar","Grinning Jar","Darkstone Periapt","Necronomicon","Replay:Bottled Eggs","Calling Bell","Boot","Molten Egg 2","Counterbalance","Snack Pack","ReplayTheSpireMod:Ninjato","Toolbox","Torii","aspiration:FetidBarrel"],"acts_visited":["TheEnding"],"potions_floor_usage":[55],"damage_taken":[{"damage":0.0,"enemies":"conspire:RoseBush","floor":1.0,"turns":3.0},{"damage":0.0,"enemies":"Cultist","floor":4.0,"turns":2.0},{"damage":0.0,"enemies":"2 Louse","floor":5.0,"turns":3.0},{"damage":0.0,"enemies":"HollowMod:MossKnight","floor":6.0,"turns":8.0},{"damage":0.0,"enemies":"Lots of Slimes","floor":8.0,"turns":3.0},{"damage":9.0,"enemies":"3 Sentries","floor":10.0,"turns":4.0},{"damage":23.0,"enemies":"Exordium Thugs","floor":12.0,"turns":5.0},{"damage":42.0,"enemies":"Hexaghost","floor":16.0,"turns":10.0},{"damage":0.0,"enemies":"Chosen","floor":18.0,"turns":3.0},{"damage":10.0,"enemies":"2 Thieves","floor":21.0,"turns":3.0},{"damage":0.0,"enemies":"Centurion and Healer","floor":22.0,"turns":3.0},{"damage":34.0,"enemies":"Slavers","floor":23.0,"turns":5.0},{"damage":4.0,"enemies":"Chosen and Byrds","floor":25.0,"turns":5.0},{"damage":15.0,"enemies":"Replay:Snechameleon","floor":30.0,"turns":5.0},{"damage":2.0,"enemies":"Sentry and Sphere","floor":31.0,"turns":6.0},{"damage":41.0,"enemies":"Collector","floor":33.0,"turns":6.0},{"damage":0.0,"enemies":"3 Darklings","floor":35.0,"turns":2.0},{"damage":11.0,"enemies":"3 Shapes","floor":37.0,"turns":5.0},{"damage":0.0,"enemies":"Maw","floor":38.0,"turns":4.0},{"damage":26.0,"enemies":"Writhing Mass","floor":41.0,"turns":4.0},{"damage":18.0,"enemies":"Sphere and 2 Shapes","floor":42.0,"turns":5.0},{"damage":8.0,"enemies":"Maw","floor":44.0,"turns":8.0},{"damage":0,"enemies":"HollowMod:StalkingDevout","floor":45,"turns":5},{"damage":0,"enemies":"Writhing Mass","floor":46,"turns":3},{"damage":63,"enemies":"Awakened One","floor":50,"turns":12},{"damage":0,"enemies":"Shield and Spear","floor":54,"turns":2},{"damage":62,"enemies":"The Heart","floor":55,"turns":9}],"seed_played":"3290231097860770378","potions_obtained":[{"floor":4.0,"key":"blueLaboratory:StoneskinPotion"},{"floor":5.0,"key":"Strength Potion"},{"floor":8.0,"key":"ColorlessPotion"},{"floor":12.0,"key":"Energy Potion"},{"floor":22.0,"key":"Block Potion"},{"floor":23.0,"key":"blueLaboratory:FruitPunch"},{"floor":30.0,"key":"LifebloodPotion"},{"floor":31.0,"key":"Block Potion"},{"floor":31.0,"key":"Milkshake"},{"floor":33.0,"key":"blueLaboratory:FruitPunch"},{"floor":37.0,"key":"ColorlessPotion"},{"floor":41.0,"key":"blueLaboratory:PyrophylliteBrew"},{"floor":42.0,"key":"Weak Potion"},{"floor":44,"key":"Block Potion"},{"floor":44,"key":"DuplicationPotion"},{"floor":45,"key":"champ:CounterPotion"}],"is_trial":false,"path_per_floor":["M","?","?","M","M","E","R","M","T","E","R","M","R","?","R","B",null,"M","T","$","M","M","E","$","M","T","?","?","R","E","M","R","B",null,"M","?","M","M","$","R","M","M","T","M","E","M","?","?","R","B",null,"R","$","E","B",null],"character_chosen":"MARISA","items_purchased":["EventHorizon+1","SimpleLauncher","Robbery","Grinning Jar","CasketOfStar","WitchOfGreed","Snack Pack","EarthLightRay","FairyPotion","Toolbox","Torii"],"campfire_rested":4,"item_purchase_floors":[0,0,0,20,20,24,39,39,53,53,53],"current_hp_per_floor":[48,48,48,48,48,48,48,48,48,47,74,51,78,78,78,36,91,91,91,91,81,81,47,47,47,47,47,37,66,53,55,84,47,105,107,107,96,96,96,96,82,76,76,90,106,113,113,131,131,108,131,131,128,128,107],"gold":119,"neow_bonus":"","is_daily":false,"chose_seed":false,"campfire_upgraded":4,"win_rate":0.0,"timestamp":1609379210,"path_taken":["M","?","?","M","?","E","R","M","T","E","R","M","R","?","R","BOSS","M","?","?","M","M","E","$","?","T","?","?","R","E","M","R","BOSS","M","?","M","?","$","R","M","M","T","?","E","M","?","?","R","BOSS","R","$","E","BOSS"],"items_purchased_type":["Card","Relic","Card","Relic","Card","Card","Relic","Card","Potion","Relic","Relic"],"build_version":"2020-12-22","purchased_purges":3,"victory":true,"max_hp_per_floor":[83,83,83,83,83,83,83,83,83,91,91,91,91,91,91,91,91,91,91,91,91,91,91,91,91,91,91,97,97,99,99,99,99,105,107,107,107,107,107,107,107,107,107,107,107,113,113,131,131,131,131,131,128,128,128],"card_choices":[{"not_picked":["IllusionStar","ShootingEcho"],"picked":"MysteriousBeam","floor":1.0},{"not_picked":["6A","GravityBeat"],"picked":"Occultation","floor":4.0},{"not_picked":["GalacticHalo","Backstab"],"picked":"AlicesGift","floor":5.0},{"not_picked":["ManaConvection","DC","Dagger Spray"],"picked":"SKIP","floor":6.0},{"not_picked":["Choke","NonDirectionalLaser"],"picked":"Acceleration","floor":8.0},{"not_picked":["Prepared","DarkSpark"],"picked":"PropBag","floor":10.0},{"not_picked":["RefractionSpark","hubris:SpiceAddiction"],"picked":"AsteroidBelt","floor":12.0},{"not_picked":["Phantasmal Killer","BlazingStar"],"picked":"FinalSpark","floor":16.0},{"not_picked":["GravityBeat","UnstableBomb+1"],"picked":"BlazeAway","floor":18.0},{"not_picked":["UnstableBomb+1","AlicesGift+1"],"picked":"MysteriousBeam","floor":21.0},{"not_picked":["OortCloud","GravityBeat"],"picked":"WitchOfGreed","floor":22.0},{"not_picked":["MachineGunSpark","SuperNova"],"picked":"EarthLightRay","floor":23.0},{"not_picked":["IllusionStar+1","StarBarrage"],"picked":"GravityBeat","floor":25.0},{"not_picked":["AsteroidBelt","SporeBomb"],"picked":"Occultation+1","floor":30.0},{"not_picked":["ShootingEcho","hubris:SpiceAddiction"],"picked":"PowerUp+1","floor":31.0},{"not_picked":["BlazingStar","SatelliteIllusion"],"picked":"StarDustReverie","floor":33.0},{"not_picked":["DoubleSpark+1","hubris:SpiceAddiction"],"picked":"GasGiant","floor":35.0},{"not_picked":["Acceleration","DoubleSpark+1"],"picked":"GrandCross+1","floor":37.0},{"not_picked":["Occultation+1","hubris:SpiceAddiction"],"picked":"Singularity+1","floor":38.0},{"not_picked":["PowerUp","NonDirectionalLaser+1","6A+1"],"picked":"SKIP","floor":41.0},{"not_picked":["ManaConvection","Acceleration"],"picked":"WitchOfGreed+1","floor":42.0},{"not_picked":["DoubleSpark+1","GrandCross+1"],"picked":"PowerUp+1","floor":44},{"not_picked":["WitchOfGreed+1","Blade Dance"],"picked":"EarthLightRay","floor":45},{"not_picked":["WitchLeyline+1","SporeBomb+1","StarBarrage+1"],"picked":"SKIP","floor":46},{"not_picked":["AlicesGift+1","RefractionSpark+1"],"picked":"AbsoluteMagnitude+1","floor":54}],"player_experience":175910,"relics_obtained":[{"floor":6.0,"key":"Ornamental Fan"},{"floor":9.0,"key":"Runesmith:AutoHammer"},{"floor":10.0,"key":"hubris:Spice"},{"floor":23.0,"key":"Darkstone Periapt"},{"floor":28.0,"key":"Necronomicon"},{"floor":30.0,"key":"Replay:Bottled Eggs"},{"floor":34.0,"key":"Boot"},{"floor":34.0,"key":"Molten Egg 2"},{"floor":34.0,"key":"Counterbalance"},{"floor":43.0,"key":"ReplayTheSpireMod:Ninjato"},{"floor":54,"key":"aspiration:FetidBarrel"}],"event_choices":[{"damage_healed":0.0,"max_hp_gain":0.0,"max_hp_loss":0.0,"gold_gain":0.0,"event_name":"WeMeetAgain","player_choice":"Ignored","floor":3.0,"gold_loss":0.0,"damage_taken":0.0},{"cards_removed":["Occultation"],"damage_healed":0.0,"max_hp_gain":0.0,"max_hp_loss":0.0,"gold_gain":0.0,"event_name":"betterNote:BetterNote","player_choice":"Take \u0026 Give","floor":14.0,"gold_loss":0.0,"damage_taken":0.0,"cards_obtained":["Guardian:HyperBeam_Guardian"]},{"damage_healed":0.0,"max_hp_gain":0.0,"max_hp_loss":0.0,"gold_gain":0.0,"event_name":"conspire:Investor","player_choice":"Leave","floor":27.0,"gold_loss":0.0,"damage_taken":0.0},{"damage_healed":0.0,"max_hp_gain":0.0,"max_hp_loss":0.0,"gold_gain":0.0,"event_name":"Cursed Tome","player_choice":"Obtained Book","floor":28.0,"gold_loss":0.0,"damage_taken":16.0},{"damage_healed":0.0,"max_hp_gain":0.0,"max_hp_loss":0.0,"gold_gain":300.0,"event_name":"Wheel of Change","player_choice":"Gold","floor":36.0,"gold_loss":0.0,"damage_taken":0.0},{"damage_healed":0,"gold_gain":0,"player_choice":"3","damage_taken":0,"max_hp_gain":0,"max_hp_loss":0,"event_name":"betterMatch:BetterMatch","floor":47,"gold_loss":0,"cards_obtained":[]}],"is_beta":false,"boss_relics":[{"not_picked":["Tiny House","Velvet Choker"],"picked":"ExperimentalFamiliar"},{"not_picked":["hubris:Spice","Cursed Key"],"picked":"Calling Bell"}],"items_purged_floors":[20,39,53],"is_endless":false,"potions_floor_spawned":[4,5,8,12,22,30,33,42,44,45,54],"ascension_level":0}}