{"host":"Alvar","time":1609395333,"event":{"mods":["AchievementEnabler","Aspiration","BaseMod","Minty Spire (QoL Compilation)","StSLib"],"gold_per_floor":[111,111,121,121,121,456,456,66,89,114,114,126,138,158,158,235,235,245,245,245,259,279,279,279],"floor_reached":23,"playtime":669,"items_purged":[],"score":441,"play_id":"50a6d01b-4cc6-453a-b193-ad4b2869b2a3","local_time":"20201231131533","is_ascension_mode":true,"campfire_choices":[{"data":"Bash","floor":7,"key":"SMITH"},{"data":"Inflame","floor":11,"key":"SMITH"},{"data":"Disarm","floor":15,"key":"SMITH"}],"circlet_count":0,"master_deck":["AscendersBane","Strike_R","Strike_R","Strike_R","Strike_R","Strike_R","Defend_R","Defend_R","Defend_R","Defend_R","Bash+1","Inflame+1","Uppercut+1","Twin Strike+1","Disarm+1","Reaper","Heavy Blade+1","Battle Trance"],"relics":["Burning Blood","NeowsBlessing","Anchor","Old Coin","Pocketwatch","aspiration:Lifesprig","Gremlin Horn","Sozu"],"acts_visited":["Exordium","TheCity"],"potions_floor_usage":[],"damage_taken":[{"damage":0,"enemies":"Cultist","floor":1,"turns":1},{"damage":0,"enemies":"Jaw Worm","floor":3,"turns":1},{"damage":0,"enemies":"Gremlin Nob","floor":6,"turns":1},{"damage":20,"enemies":"Lagavulin","floor":10,"turns":5},{"damage":1,"enemies":"Small Slimes","floor":12,"turns":3},{"damage":0,"enemies":"Gremlin Gang","floor":13,"turns":3},{"damage":0,"enemies":"Red Slaver","floor":14,"turns":4},{"damage":14,"enemies":"The Guardian","floor":16,"turns":14},{"damage":23,"enemies":"Chosen","floor":18,"turns":5},{"damage":18,"enemies":"2 Thieves","floor":21,"turns":4},{"damage":14,"enemies":"Snake Plant","floor":22,"turns":4},{"damage":35,"enemies":"Slavers","floor":23,"turns":3}],"seed_played":"-1525693045331329901","potions_obtained":[{"floor":6,"key":"LiquidBronze"},{"floor":10,"key":"SpeedPotion"},{"floor":13,"key":"Fire Potion"}],"is_trial":false,"path_per_floor":["M","?","M","?","T","E","R","$","T","E","R","M","M","M","R","B",null,"M","?","?","M","M","E"],"character_chosen":"IRONCLAD","items_purchased":["Pocketwatch","Twin Strike"],"campfire_rested":0,"item_purchase_floors":[8,8],"current_hp_per_floor":[74,79,80,80,80,80,80,80,80,66,66,71,77,80,80,72,78,61,65,65,59,51,16,16],"gold":279,"neow_bonus":"THREE_ENEMY_KILL","is_daily":false,"chose_seed":false,"campfire_upgraded":3,"win_rate":0.0,"timestamp":1609395333,"path_taken":["M","?","M","?","?","E","R","?","T","E","R","M","?","M","R","BOSS","M","?","?","M","M","E"],"items_purchased_type":["Relic","Card"],"build_version":"2020-12-18","purchased_purges":0,"victory":false,"max_hp_per_floor":[75,80,80,80,80,80,80,80,80,80,80,80,80,80,80,80,80,80,80,80,80,80,80,80],"card_choices":[{"not_picked":["True Grit","Perfected Strike"],"picked":"Inflame","floor":1},{"not_picked":["Thunderclap","Metallicize"],"picked":"Uppercut","floor":3},{"not_picked":["Brutality","Wild Strike","Perfected Strike"],"picked":"SKIP","floor":6},{"not_picked":["Dual Wield","Wild Strike","Clothesline"],"picked":"SKIP","floor":10},{"not_picked":["Clash","Wild Strike","Armaments"],"picked":"SKIP","floor":12},{"not_picked":["Pommel Strike","Second Wind"],"picked":"Disarm","floor":13},{"not_picked":["Pommel Strike","Iron Wave","Second Wind"],"picked":"SKIP","floor":14},{"not_picked":["Double Tap","Bludgeon"],"picked":"Reaper","floor":16},{"not_picked":["Headbutt","Flex","Anger"],"picked":"SKIP","floor":18},{"not_picked":["Thunderclap","Iron Wave+1"],"picked":"Heavy Blade+1","floor":21},{"not_picked":["Cleave","Body Slam+1"],"picked":"Battle Trance","floor":22}],"player_experience":758733,"relics_obtained":[{"floor":5,"key":"Anchor"},{"floor":6,"key":"Old Coin"},{"floor":9,"key":"aspiration:Lifesprig"},{"floor":10,"key":"Gremlin Horn"}],"event_choices":[{"damage_healed":0,"gold_gain":0,"player_choice":"Donut","damage_taken":0,"max_hp_gain":5,"max_hp_loss":0,"event_name":"Big Fish","floor":2,"gold_loss":0},{"damage_healed":0,"gold_gain":0,"player_choice":"Grow","damage_taken":0,"max_hp_gain":0,"max_hp_loss":0,"event_name":"Living Wall","floor":4,"gold_loss":0,"cards_upgraded":["Uppercut"]},{"damage_healed":0,"gold_gain":0,"player_choice":"Upgraded","damage_taken":0,"max_hp_gain":0,"max_hp_loss":0,"event_name":"Upgrade Shrine","floor":20,"gold_loss":0,"cards_upgraded":["Twin Strike"]}],"is_beta":true,"boss_relics":[{"not_picked":["Runic Pyramid","Philosopher\u0027s Stone"],"picked":"Sozu"}],"items_purged_floors":[],"is_endless":false,"potions_floor_spawned":[6,10,13,16,18],"killed_by":"Slavers","ascension_level":19}}