{"host":"izzphuowq1fjji0g","time":1609417758,"event":{"mods":["Arknights The Spire","BaseMod","Downfall","Minty Spire (QoL Compilation)","Shop Mod","StSLib"],"gold_per_floor":[114,126,201,212,212,162,162,173,226,241,269,269,302,318,318,416,416,416,416],"floor_reached":18,"playtime":1281,"items_purged":[],"score":197,"play_id":"69da7c9c-77b5-464b-b62a-950ea115b388","local_time":"20201231202918","is_ascension_mode":false,"campfire_choices":[{"data":"ats:Ambush","floor":7,"key":"SMITH"},{"data":"ats:Emotion Absorption","floor":15,"key":"SMITH"}],"circlet_count":0,"master_deck":["ats:Strike S","ats:Armor Crushing Shot","ats:Defend","ats:Defend","ats:Emotion Absorption+1","ats:Blood Oath","ats:Ambush+1","ats:Poison Spread","ats:Healing Strengthening","ats:Ambush","ats:Part Time Job+1","ats:Assault Order+1","ats:Childhood Dance+1"],"relics":["ats:Sanity","Singing Bowl","ats:Originium","Gambling Chip","Pantograph","Astrolabe"],"acts_visited":["Exordium","TheCity"],"potions_floor_usage":[],"damage_taken":[{"damage":10,"enemies":"Jaw Worm","floor":1,"turns":4},{"damage":1,"enemies":"2 Louse","floor":2,"turns":3},{"damage":4,"enemies":"Small Slimes","floor":4,"turns":4},{"damage":38,"enemies":"Exordium Wildlife","floor":8,"turns":7},{"damage":0,"enemies":"3 Louse","floor":10,"turns":4},{"damage":0,"enemies":"Gremlin Nob","floor":11,"turns":4},{"damage":34,"enemies":"3 Sentries","floor":13,"turns":16},{"damage":0,"enemies":"Large Slime","floor":14,"turns":6},{"damage":32,"enemies":"Slime Boss","floor":16,"turns":15},{"damage":2,"enemies":"3 Byrds","floor":18,"turns":1}],"seed_played":"1220777048439757681","potions_obtained":[{"floor":2,"key":"SkillPotion"},{"floor":11,"key":"SpeedPotion"},{"floor":16,"key":"ats:Top Emergency Sanity Potion"}],"is_trial":false,"path_per_floor":["M","M","?","M","T","?","R","M","T","M","E","?","E","M","R","B",null,"M"],"character_chosen":"DOCTOR_CLASS","items_purchased":[],"campfire_rested":0,"item_purchase_floors":[],"current_hp_per_floor":[69,68,57,59,59,59,59,35,35,41,47,40,28,38,38,55,85,83,83],"gold":416,"neow_bonus":"TEN_PERCENT_HP_BONUS","is_daily":false,"chose_seed":false,"campfire_upgraded":2,"win_rate":0.0,"timestamp":1609417758,"path_taken":["M","M","?","M","?","?","R","M","T","M","E","?","E","M","R","BOSS","M"],"items_purchased_type":[],"build_version":"2020-12-22","purchased_purges":0,"victory":false,"max_hp_per_floor":[79,79,79,79,79,79,79,81,81,81,81,81,83,85,85,85,85,85,85],"card_choices":[{"not_picked":["ats:Shell Defense","ats:Assault Order","ats:Hammer On"],"picked":"SKIP","floor":1},{"not_picked":["ats:Apocalypse","ats:Revitalization"],"picked":"ats:Blood Oath","floor":2},{"not_picked":["ats:Encircling Forest","ats:Healing Strengthening"],"picked":"ats:Ambush","floor":4},{"not_picked":["ats:Thorns","ats:Collapsing Strike","ats:Flexible Camouflage"],"picked":"Singing Bowl","floor":8},{"not_picked":["ats:Ignite","ats:Blood Oath"],"picked":"ats:Poison Spread","floor":10},{"not_picked":["ats:Soul Rend","ats:Revitalization"],"picked":"ats:Healing Strengthening","floor":11},{"not_picked":["ats:Consecutive Shot Auto","ats:Cat Scratch","ats:Ignite"],"picked":"Singing Bowl","floor":13},{"not_picked":["ats:Burning Ground","ats:Hammer On","ats:Flexible Camouflage"],"picked":"Singing Bowl","floor":14},{"not_picked":["ats:Nebulous Foxfire","ats:Disruption Kick"],"picked":"ats:Ambush","floor":16}],"player_experience":268605,"relics_obtained":[{"floor":5,"key":"Singing Bowl"},{"floor":11,"key":"ats:Originium"},{"floor":11,"key":"Gambling Chip"},{"floor":13,"key":"ats:Originium"},{"floor":13,"key":"Pantograph"}],"event_choices":[{"damage_healed":0,"gold_gain":75,"player_choice":"Gather Gold","damage_taken":11,"max_hp_gain":0,"max_hp_loss":0,"event_name":"World of Goop","floor":3,"gold_loss":0},{"cards_removed":["ats:Strike V"],"damage_healed":0,"gold_gain":0,"player_choice":"Card Removal","damage_taken":0,"max_hp_gain":0,"max_hp_loss":0,"event_name":"The Cleric","floor":6,"gold_loss":50},{"cards_removed":["ats:Strike C"],"damage_healed":0,"gold_gain":0,"player_choice":"Card Removal","damage_taken":7,"max_hp_gain":0,"max_hp_loss":0,"event_name":"Golden Wing","floor":12,"gold_loss":0}],"is_beta":false,"boss_relics":[{"not_picked":["ats:Tactical Delivery","Sozu"],"picked":"Astrolabe"}],"items_purged_floors":[],"is_endless":false,"potions_floor_spawned":[2,11,16],"killed_by":"3 Byrds","ascension_level":0}}