{"host":"jm9833yuloeli2yd","time":1609392083,"event":{"mods":["AchievementEnabler","BaseMod","Better Altar","Better Match","Better Note","Better Sensory Stone","Better Skull","Better Third Choice","Better Vampires","BetterRewards","Colored Map","Colored Powertips","DeckTracker","Marked Mod","Minty Spire (QoL Compilation)","Permanent Neow","Quick Restart","StSLib","SuperFastMode"],"gold_per_floor":[116,81,81,92,92,92,116,116,171,171,171,195,218,218,218],"floor_reached":14,"playtime":187,"items_purged":[],"score":160,"play_id":"ef9e34d6-257f-45f8-b43e-20cbcc0b3ea0","local_time":"20201231002123","is_ascension_mode":true,"campfire_choices":[{"data":"Defragment","floor":6.0,"key":"SMITH"},{"floor":10.0,"key":"REST"}],"circlet_count":0,"master_deck":["AscendersBane","Strike_B","Strike_B","Strike_B","Strike_B","Defend_B","Defend_B","Defend_B","Zap","Dualcast","Defragment+1","Ball Lightning","Loop","Gash","Hologram","All For One"],"relics":["Cracked Core","Unceasing Top","Golden Idol","Pantograph","Bag of Marbles","CultistMask"],"acts_visited":["Exordium"],"potions_floor_usage":[13,14],"damage_taken":[{"damage":10.0,"enemies":"2 Louse","floor":1.0,"turns":4.0},{"damage":4.0,"enemies":"Small Slimes","floor":4.0,"turns":3.0},{"damage":12.0,"enemies":"Jaw Worm","floor":7.0,"turns":2.0},{"damage":13.0,"enemies":"2 Fungi Beasts","floor":12.0,"turns":3.0},{"damage":0,"enemies":"Gremlin Gang","floor":13,"turns":2},{"damage":30,"enemies":"Lagavulin","floor":14,"turns":4}],"seed_played":"-8180199588563654970","potions_obtained":[{"floor":12.0,"key":"Explosive Potion"},{"floor":13,"key":"Fruit Juice"}],"is_trial":false,"path_per_floor":["M","?","?","M","?","R","M","?","T","R","?","M","M","E"],"character_chosen":"DEFECT","items_purchased":["Defragment"],"campfire_rested":1,"item_purchase_floors":[0],"current_hp_per_floor":[47,64,57,53,53,53,41,15,15,34,34,21,21,0,0],"gold":218,"neow_bonus":"","is_daily":false,"chose_seed":false,"campfire_upgraded":1,"win_rate":0.0,"timestamp":1609392083,"path_taken":["M","?","?","M","?","R","?","?","T","R","?","M","M","E"],"items_purchased_type":["Card"],"build_version":"2020-12-22","purchased_purges":0,"victory":false,"max_hp_per_floor":[71,71,71,71,64,64,64,64,64,64,64,64,64,69,69],"card_choices":[{"not_picked":["Aggregate","Compile Driver"],"picked":"Ball Lightning","floor":1.0},{"not_picked":["Redo","Rebound"],"picked":"Loop","floor":4.0},{"not_picked":["Redo","Go for the Eyes"],"picked":"Gash","floor":7.0},{"not_picked":["Ball Lightning","Stack"],"picked":"Hologram","floor":12.0},{"not_picked":["Undo","Turbo"],"picked":"All For One","floor":13}],"player_experience":1200588,"relics_obtained":[{"floor":9.0,"key":"Bag of Marbles"}],"event_choices":[{"damage_healed":17.0,"max_hp_gain":0.0,"max_hp_loss":0.0,"gold_gain":0.0,"event_name":"The Cleric","player_choice":"Healed","floor":2.0,"gold_loss":35.0,"damage_taken":0.0},{"cards_removed":["Defend_B"],"damage_healed":0.0,"max_hp_gain":0.0,"max_hp_loss":0.0,"gold_gain":0.0,"event_name":"Golden Wing","player_choice":"Card Removal","floor":3.0,"gold_loss":0.0,"damage_taken":7.0},{"damage_healed":0.0,"max_hp_gain":0.0,"max_hp_loss":7.0,"gold_gain":0.0,"event_name":"Golden Idol","player_choice":"Lose Max HP","floor":5.0,"gold_loss":0.0,"damage_taken":0.0,"relics_obtained":["Golden Idol"]},{"damage_healed":0.0,"max_hp_gain":0.0,"max_hp_loss":0.0,"gold_gain":0.0,"event_name":"betterThird:BetterScrap","player_choice":"Relic ","floor":8.0,"gold_loss":0.0,"damage_taken":26.0,"cards_obtained":["Intimidate"]},{"damage_healed":0.0,"max_hp_gain":0.0,"max_hp_loss":0.0,"gold_gain":0.0,"event_name":"FaceTrader","player_choice":"Trade","floor":11.0,"gold_loss":0.0,"damage_taken":0.0,"relics_obtained":["CultistMask"]}],"is_beta":false,"boss_relics":[],"items_purged_floors":[],"is_endless":false,"potions_floor_spawned":[12,13],"killed_by":"Lagavulin","ascension_level":20}}