{"host":"ky7z67tg8zpdk0g7","time":1609389695,"event":{"mods":["BaseMod","Better Third Choice","CapriCore","Displayed Cursed Tome","Energized Spire","Halation","Hubris","Minty Spire (QoL Compilation)","Replay The Spire","Shop Mod","StSLib"],"gold_per_floor":[110,185,60,77,92,92,106,135,135,163,163,183,283,301,301,301,301,311,311,311,82,82,82,82,82],"floor_reached":24,"playtime":593,"items_purged":["Strike_B"],"score":169,"play_id":"55feaa5c-2d4c-4722-b02f-6ddab22110f7","local_time":"20201231114135","is_ascension_mode":true,"campfire_choices":[{"data":"Doom and Gloom","floor":6,"key":"SMITH"},{"floor":11,"key":"REST"},{"floor":15,"key":"DIG"},{"data":"Defragment","floor":23,"key":"SMITH"}],"circlet_count":0,"master_deck":["Strike_B","Strike_B","Strike_B","Defend_B","Defend_B","Defend_B","Defend_B","Zap","Dualcast","Pot Of Greed","Doom and Gloom+1","FIFO Queue","Pot Of Greed","Conserve Battery","Sweeping Beam","Auto Shields","BasicCrystalCard","Conserve Battery","Defragment+1","Chaos","Sweeping Beam+1"],"relics":["Cracked Core","Grinning Jar","Counterbalance","halation:KoshaPiece","Regal Pillow","Matryoshka","SlaversCollar","hubris:Icosahedron","betterThird:NestCultRelic","Medical Kit","halation:EternalFortune"],"acts_visited":["Exordium","TheCity"],"potions_floor_usage":[10,10,24],"damage_taken":[{"damage":0,"enemies":"Small Slimes","floor":1,"turns":3},{"damage":1,"enemies":"Cultist","floor":4,"turns":4},{"damage":4,"enemies":"2 Louse","floor":5,"turns":2},{"damage":4,"enemies":"Blue Slaver","floor":7,"turns":3},{"damage":21,"enemies":"Gremlin Nob","floor":8,"turns":4},{"damage":1,"enemies":"3 Sentries","floor":10,"turns":4},{"damage":11,"enemies":"Looter","floor":12,"turns":3},{"damage":8,"enemies":"Exordium Wildlife","floor":14,"turns":2},{"damage":0,"enemies":"Fading Forest","floor":16,"turns":1},{"damage":32,"enemies":"3 Byrds","floor":18,"turns":5},{"damage":50,"enemies":"Shell Parasite","floor":24,"turns":6}],"seed_played":"-3875076744537240660","potions_obtained":[{"floor":1,"key":"Dexterity Potion"},{"floor":4,"key":"LifebloodPotion"},{"floor":10,"key":"Milkshake"},{"floor":18,"key":"Explosive Potion"}],"is_trial":false,"path_per_floor":["M","?","$","M","M","R","M","E","T","E","R","M","?","M","R","B",null,"M","?","?","$","?","R","M"],"character_chosen":"DEFECT","items_purchased":["FIFO Queue","FocusPotion","Medical Kit"],"campfire_rested":1,"item_purchase_floors":[3,3,21],"current_hp_per_floor":[75,64,64,63,59,59,55,34,34,33,70,59,59,51,51,51,75,43,43,43,43,46,46,0,0],"gold":82,"neow_bonus":"RANDOM_COMMON_RELIC","is_daily":false,"chose_seed":false,"campfire_upgraded":2,"win_rate":0.0,"timestamp":1609389695,"path_taken":["M","?","$","M","M","R","M","E","T","E","R","M","?","?","R","BOSS","M","?","?","$","?","R","M"],"items_purchased_type":["Card","Potion","Relic"],"build_version":"2020-12-22","purchased_purges":1,"victory":false,"max_hp_per_floor":[75,75,75,75,75,75,75,75,75,75,75,75,75,75,75,75,75,75,75,75,75,78,78,78,78],"card_choices":[{"not_picked":["ReplaySort","BasicCrystalCard"],"picked":"Doom and Gloom","floor":1},{"not_picked":["ReplayTheSpireMod:System Scan","Turbo"],"picked":"Conserve Battery","floor":4},{"not_picked":["Streamline","Panic Button"],"picked":"Sweeping Beam","floor":5},{"not_picked":["Cold Snap","Go for the Eyes"],"picked":"Auto Shields","floor":7},{"not_picked":["Amplify","Panic Button"],"picked":"BasicCrystalCard","floor":8},{"not_picked":["Scrape","Rebound"],"picked":"Conserve Battery","floor":10},{"not_picked":["Turbo","Coolheaded"],"picked":"Defragment","floor":12},{"not_picked":["Go for the Eyes","Hologram"],"picked":"Chaos","floor":14},{"not_picked":["Gash+1","Go for the Eyes+1"],"picked":"Sweeping Beam+1","floor":18}],"player_experience":55522,"relics_obtained":[{"floor":8,"key":"Counterbalance"},{"floor":9,"key":"halation:KoshaPiece"},{"floor":10,"key":"Regal Pillow"},{"floor":15,"key":"Matryoshka"}],"event_choices":[{"damage_healed":0,"gold_gain":75,"player_choice":"Gold","damage_taken":11,"max_hp_gain":0,"max_hp_loss":0,"event_name":"betterThird:BetterGoop","floor":2,"gold_loss":0},{"damage_healed":0,"gold_gain":100,"player_choice":"Pray","damage_taken":0,"max_hp_gain":0,"max_hp_loss":0,"event_name":"Golden Shrine","floor":13,"gold_loss":0},{"damage_healed":0,"gold_gain":0,"player_choice":"Madness","damage_taken":0,"relics_obtained":["betterThird:NestCultRelic"],"max_hp_gain":0,"max_hp_loss":0,"event_name":"betterThird:BetterNest","floor":20,"gold_loss":0}],"is_beta":false,"boss_relics":[{"not_picked":["hubris:ScarierMask","energizedSpire:RedRose"],"picked":"SlaversCollar"}],"items_purged_floors":[21],"is_endless":false,"potions_floor_spawned":[1,4,5,7,10,16,18],"killed_by":"Shell Parasite","ascension_level":2}}