{"host":"TheHustler","time":1609408216,"event":{"mods":["BaseMod","Block Reminder","Colored Map","Colored Powertips","Minty Spire (QoL Compilation)","Quick Restart","StSLib","SuperFastMode","Unceasing Turn Reminder"],"gold_per_floor":[114,129,144,159,159,159,174,174,199,214,244,259,259,274,274,374,374,389,11,26,26,26,26,56,71,71,71,71,71,86,11,11,111,111,126,36,51,66,0,30,30,60,60,90,105,120,42,57,57,57],"floor_reached":51,"playtime":1249,"items_purged":["Defend_B"],"score":861,"play_id":"acff7b2c-e2c4-4e6a-9f26-0a505b37ddeb","local_time":"20201231105016","daily_mods":["Heirloom","Time Dilation","Lethality"],"is_ascension_mode":false,"campfire_choices":[{"data":"Zap","floor":6.0,"key":"SMITH"},{"data":"Beam Cell","floor":8.0,"key":"SMITH"},{"data":"Buffer","floor":13.0,"key":"SMITH"},{"data":"Melter","floor":15.0,"key":"SMITH"},{"data":"Coolheaded","floor":23.0,"key":"SMITH"},{"data":"White Noise","floor":27.0,"key":"SMITH"},{"data":"Electrodynamics","floor":28.0,"key":"SMITH"},{"data":"Undo","floor":32.0,"key":"SMITH"},{"data":"Leap","floor":41,"key":"SMITH"},{"data":"Thunder Strike","floor":49,"key":"SMITH"}],"circlet_count":0,"master_deck":["Strike_B","Strike_B","Defend_B","Zap+1","Dualcast","Sweeping Beam","Undo+1","Beam Cell+1","Buffer+1","Melter+1","White Noise+1","Ball Lightning","Electrodynamics+1","Storm+1","Sweeping Beam+1","Coolheaded+1","Reboot","Leap+1","Heatsinks+1","Creative AI+1","Undo+1","Force Field+1","Thunder Strike+1","Skim+1","Fusion+1","White Noise","Biased Cognition+1"],"relics":["Cracked Core","WingedGreaves","Oddly Smooth Stone","Sozu","Frozen Egg 2","Nloth\u0027s Gift","Cables","Mummified Hand","Empty Cage","Red Mask","Bag of Marbles","Mercury Hourglass","Singing Bowl","Lantern"],"acts_visited":["Exordium","TheCity","TheBeyond"],"potions_floor_usage":[50],"damage_taken":[{"damage":0.0,"enemies":"Cultist","floor":1.0,"turns":2.0},{"damage":3.0,"enemies":"2 Louse","floor":2.0,"turns":2.0},{"damage":5.0,"enemies":"Jaw Worm","floor":3.0,"turns":4.0},{"damage":3.0,"enemies":"Exordium Thugs","floor":4.0,"turns":4.0},{"damage":0.0,"enemies":"Blue Slaver","floor":7.0,"turns":3.0},{"damage":11.0,"enemies":"Exordium Wildlife","floor":10.0,"turns":3.0},{"damage":12.0,"enemies":"3 Sentries","floor":11.0,"turns":6.0},{"damage":0.0,"enemies":"Large Slime","floor":12.0,"turns":4.0},{"damage":0.0,"enemies":"3 Louse","floor":14.0,"turns":3.0},{"damage":39.0,"enemies":"Hexaghost","floor":16.0,"turns":7.0},{"damage":0.0,"enemies":"3 Byrds","floor":18.0,"turns":1.0},{"damage":0.0,"enemies":"Spheric Guardian","floor":20.0,"turns":1.0},{"damage":30.0,"enemies":"Slavers","floor":24.0,"turns":2.0},{"damage":9.0,"enemies":"Centurion and Healer","floor":25.0,"turns":3.0},{"damage":4.0,"enemies":"Cultist and Chosen","floor":30.0,"turns":3.0},{"damage":14.0,"enemies":"Automaton","floor":33.0,"turns":8.0},{"damage":0,"enemies":"3 Darklings","floor":35,"turns":1},{"damage":1,"enemies":"Orb Walker","floor":37,"turns":3},{"damage":0,"enemies":"Sphere and 2 Shapes","floor":38,"turns":2},{"damage":0,"enemies":"Reptomancer","floor":40,"turns":3},{"damage":1,"enemies":"Giant Head","floor":42,"turns":7},{"damage":0,"enemies":"Reptomancer","floor":44,"turns":4},{"damage":0,"enemies":"Writhing Mass","floor":45,"turns":2},{"damage":0,"enemies":"Maw","floor":46,"turns":5},{"damage":0,"enemies":"Transient","floor":48,"turns":5},{"damage":0,"enemies":"Donu and Deca","floor":50,"turns":3}],"seed_played":"-5051420239723459148","potions_obtained":[{"floor":1.0,"key":"SkillPotion"},{"floor":7.0,"key":"Ancient Potion"},{"floor":10.0,"key":"Energy Potion"},{"floor":11.0,"key":"LiquidBronze"}],"is_trial":false,"path_per_floor":["M","M","M","M","?","R","M","R","T","M","E","M","R","M","R","B",null,"M","$","M","?","$","R","E","M","T","R","R","$","M","$","R","B",null,"M","?","M","M","?","E","R","E","T","E","M","M","$","M","R","B",null],"character_chosen":"DEFECT","items_purchased":["Frozen Egg 2","Storm+1","Sweeping Beam","Biased Cognition+1"],"campfire_rested":0,"item_purchase_floors":[19,19,19,47],"current_hp_per_floor":[75,72,67,64,64,64,64,64,64,53,41,41,41,41,41,2,75,75,75,75,75,75,75,45,36,36,36,36,36,32,32,32,18,75,75,75,74,74,74,74,74,73,73,73,73,73,73,75,75,75],"gold":57,"neow_bonus":"","is_daily":true,"chose_seed":false,"campfire_upgraded":10,"win_rate":0.0,"timestamp":1609408216,"path_taken":["M","?","M","M","?","R","M","R","T","M","E","M","R","M","R","BOSS","M","$","M","?","$","R","E","M","T","R","R","?","M","$","R","BOSS","M","?","M","?","?","E","R","E","T","E","M","M","$","M","R","BOSS"],"items_purchased_type":["Relic","Card","Card","Card"],"build_version":"2020-12-18","purchased_purges":1,"victory":true,"max_hp_per_floor":[75,75,75,75,75,75,75,75,75,75,75,75,75,75,75,75,75,75,75,75,75,75,75,75,75,75,75,75,75,75,75,75,75,75,75,75,75,75,75,75,75,75,75,75,75,75,75,77,77,77],"card_choices":[{"not_picked":["Skim","Turbo"],"picked":"Sweeping Beam","floor":1.0},{"not_picked":["Darkness","Go for the Eyes","Aggregate"],"picked":"SKIP","floor":2.0},{"not_picked":["Cold Snap","Auto Shields"],"picked":"Undo","floor":3.0},{"not_picked":["Barrage","Go for the Eyes","Recycle"],"picked":"SKIP","floor":4.0},{"not_picked":["Barrage","Sweeping Beam"],"picked":"Beam Cell","floor":7.0},{"not_picked":["Chill","Sweeping Beam"],"picked":"Buffer","floor":10.0},{"not_picked":["Rebound","FTL"],"picked":"Melter","floor":11.0},{"not_picked":["Force Field","Conserve Battery"],"picked":"White Noise","floor":12.0},{"not_picked":["Rip and Tear","Hologram"],"picked":"Ball Lightning","floor":14.0},{"not_picked":["Hyperbeam","Fission"],"picked":"Electrodynamics","floor":16.0},{"not_picked":["Leap","Go for the Eyes","Undo"],"picked":"SKIP","floor":18.0},{"not_picked":["Beam Cell","Cold Snap"],"picked":"Coolheaded","floor":20.0},{"not_picked":["Turbo","Go for the Eyes"],"picked":"Reboot","floor":24.0},{"not_picked":["Consume+1","Compile Driver+1"],"picked":"Leap","floor":25.0},{"not_picked":["Rebound+1","Reprogram"],"picked":"Heatsinks+1","floor":30.0},{"not_picked":["Hyperbeam","Biased Cognition+1"],"picked":"Creative AI+1","floor":33.0},{"not_picked":["Fusion","Blizzard"],"picked":"Undo+1","floor":35},{"not_picked":["Compile Driver+1","Ball Lightning+1"],"picked":"Force Field+1","floor":37},{"not_picked":["Blizzard","Doom and Gloom","Auto Shields"],"picked":"SKIP","floor":38},{"not_picked":["Conserve Battery","Scrape","Tempest"],"picked":"SKIP","floor":40},{"not_picked":["Hyperbeam","Redo+1"],"picked":"Thunder Strike","floor":42},{"not_picked":["Compile Driver+1","Rebound"],"picked":"Skim+1","floor":44},{"not_picked":["Conserve Battery+1","Go for the Eyes+1"],"picked":"Fusion+1","floor":45},{"not_picked":["Sweeping Beam","Scrape+1"],"picked":"White Noise","floor":46},{"not_picked":["Undo+1","Consume","Blizzard+1"],"picked":"Singing Bowl","floor":48}],"player_experience":610906,"relics_obtained":[{"floor":9.0,"key":"Oddly Smooth Stone"},{"floor":11.0,"key":"Akabeko"},{"floor":24.0,"key":"Cables"},{"floor":26.0,"key":"Mummified Hand"},{"floor":40,"key":"Bag of Marbles"},{"floor":42,"key":"Mercury Hourglass"},{"floor":43,"key":"Singing Bowl"},{"floor":44,"key":"Lantern"}],"event_choices":[{"cards_removed":["Strike_B"],"damage_healed":0.0,"max_hp_gain":0.0,"max_hp_loss":0.0,"gold_gain":0.0,"event_name":"Bonfire Elementals","player_choice":"Offered Basic","floor":5.0,"gold_loss":0.0,"damage_taken":0.0},{"damage_healed":0.0,"max_hp_gain":0.0,"max_hp_loss":0.0,"gold_gain":0.0,"event_name":"N\u0027loth","player_choice":"Traded Relic","floor":21.0,"relics_lost":["Akabeko"],"gold_loss":0.0,"damage_taken":0.0,"relics_obtained":["Nloth\u0027s Gift"]},{"cards_removed":["Strike_B"],"damage_healed":0,"gold_gain":0,"player_choice":"Upgrade and Remove","damage_taken":0,"max_hp_gain":0,"max_hp_loss":0,"event_name":"Designer","floor":36,"gold_loss":90,"cards_upgraded":["Sweeping Beam"]},{"damage_healed":0,"gold_gain":0,"player_choice":"Paid","damage_taken":0,"relics_obtained":["Red Mask"],"max_hp_gain":0,"max_hp_loss":0,"event_name":"Tomb of Lord Red Mask","floor":39,"gold_loss":66}],"is_beta":true,"boss_relics":[{"not_picked":["Inserter","Black Star"],"picked":"Sozu"},{"not_picked":["Coffee Dripper","FrozenCore"],"picked":"Empty Cage"}],"items_purged_floors":[31],"is_endless":false,"potions_floor_spawned":[1,7,10,11,14,24,30,33,37,38,42,45,48],"ascension_level":0}}