{"host":"a5zr8hf2yymwt50u","time":1609434464,"event":{"mods":["BaseMod","Colored Map","Minty Spire (QoL Compilation)","StSLib"],"gold_per_floor":[119,119,119,130,130,130,61,80,80,100,129,129,141,66,66,168,168,182,35,35,35,35,35,35,48,73,102,27,27,27],"floor_reached":29,"playtime":1449,"items_purged":["Strike_P"],"score":329,"play_id":"d90ba4de-a857-4c85-a3cf-47d9b98fdaa2","local_time":"20210101020744","is_ascension_mode":true,"campfire_choices":[{"data":"Eruption","floor":6.0,"key":"SMITH"},{"data":"Adaptation","floor":12.0,"key":"SMITH"},{"data":"PathToVictory","floor":15.0,"key":"SMITH"},{"data":"Defend_P","floor":23.0,"key":"PURGE"}],"circlet_count":0,"master_deck":["Defend_P+1","Defend_P+1","Eruption+1","Vigilance","MentalFortress","PathToVictory+1","InnerPeace","Adaptation+1","Consecrate","Worship","WindmillStrike","LessonLearned","Brilliance","Conclude+1","Brilliance","Bite","Bite","Bite","Bite","BowlingBash+1","ThirdEye"],"relics":["PureWater","Peace Pipe","HornCleat","Ginger","SlaversCollar","DollysMirror","MealTicket","Frozen Egg 2"],"acts_visited":["Exordium","TheCity"],"potions_floor_usage":[27,29],"damage_taken":[{"damage":12.0,"enemies":"2 Louse","floor":1.0,"turns":3.0},{"damage":0.0,"enemies":"Jaw Worm","floor":4.0,"turns":3.0},{"damage":0.0,"enemies":"Cultist","floor":8.0,"turns":3.0},{"damage":0.0,"enemies":"Exordium Wildlife","floor":10.0,"turns":3.0},{"damage":11.0,"enemies":"Lagavulin","floor":11.0,"turns":5.0},{"damage":0.0,"enemies":"2 Fungi Beasts","floor":13.0,"turns":3.0},{"damage":30.0,"enemies":"The Guardian","floor":16.0,"turns":10.0},{"damage":23.0,"enemies":"3 Byrds","floor":18.0,"turns":7.0},{"damage":41.0,"enemies":"Shell Parasite","floor":25.0,"turns":6.0},{"damage":18,"enemies":"Gremlin Leader","floor":27,"turns":5},{"damage":12,"enemies":"Snake Plant","floor":29,"turns":1}],"seed_played":"-2634702960139020211","potions_obtained":[{"floor":8.0,"key":"PowerPotion"},{"floor":10.0,"key":"AttackPotion"},{"floor":11.0,"key":"BlessingOfTheForge"},{"floor":13.0,"key":"Fruit Juice"},{"floor":25.0,"key":"BlessingOfTheForge"}],"is_trial":false,"path_per_floor":["M","?","?","M","T","R","$","M","T","M","E","R","M","$","R","B",null,"M","$","?","?","$","R","?","M","T","E","?","M"],"character_chosen":"WATCHER","items_purchased":["Adaptation","DollysMirror"],"campfire_rested":0,"item_purchase_floors":[7,19],"current_hp_per_floor":[60,60,46,46,46,46,46,46,46,46,35,35,40,40,40,10,77,54,54,53,45,45,45,45,10,10,8,8,0,0],"gold":27,"neow_bonus":"TRANSFORM_CARD","is_daily":false,"chose_seed":false,"campfire_upgraded":3,"win_rate":0.0,"timestamp":1609434464,"path_taken":["M","?","?","M","?","R","$","?","T","M","E","R","M","$","R","BOSS","M","?","?","?","$","R","?","?","T","E","?","M"],"items_purchased_type":["Card","Relic"],"build_version":"2020-12-22","purchased_purges":1,"victory":false,"max_hp_per_floor":[72,72,72,72,72,72,72,72,72,72,72,72,77,77,77,77,77,77,77,53,58,58,58,58,58,58,58,58,58,58],"card_choices":[{"not_picked":["ThirdEye","Halt"],"picked":"PathToVictory","floor":1.0},{"not_picked":["Protect","Evaluate"],"picked":"InnerPeace","floor":4.0},{"not_picked":["Indignation","EmptyBody"],"picked":"Consecrate","floor":8.0},{"not_picked":["Consecrate","EmptyBody"],"picked":"Worship","floor":10.0},{"not_picked":["MentalFortress","Fasting2"],"picked":"WindmillStrike","floor":11.0},{"not_picked":["BattleHymn","FlurryOfBlows"],"picked":"LessonLearned","floor":13.0},{"not_picked":["Omniscience","Vault"],"picked":"Brilliance","floor":16.0},{"not_picked":["JustLucky","EmptyMind"],"picked":"Conclude","floor":18.0},{"not_picked":["SashWhip","Evaluate"],"picked":"BowlingBash+1","floor":25.0},{"not_picked":["CutThroughFate","EmptyFist"],"picked":"ThirdEye","floor":27}],"player_experience":231852,"relics_obtained":[{"floor":5.0,"key":"Peace Pipe"},{"floor":9.0,"key":"HornCleat"},{"floor":11.0,"key":"Ginger"},{"floor":26.0,"key":"MealTicket"},{"floor":27,"key":"Frozen Egg 2"}],"event_choices":[{"damage_healed":0.0,"max_hp_gain":0.0,"max_hp_loss":0.0,"gold_gain":0.0,"event_name":"Liars Game","player_choice":"Ignored","floor":2.0,"gold_loss":0.0,"damage_taken":0.0},{"damage_healed":0.0,"max_hp_gain":0.0,"max_hp_loss":0.0,"gold_gain":0.0,"event_name":"Shining Light","player_choice":"Entered Light","floor":3.0,"gold_loss":0.0,"damage_taken":14.0,"cards_upgraded":["Defend_P","Defend_P"]},{"damage_healed":0.0,"max_hp_gain":0.0,"max_hp_loss":24.0,"gold_gain":0.0,"event_name":"Vampires","player_choice":"Became a vampire","floor":20.0,"gold_loss":0.0,"damage_taken":0.0,"cards_obtained":["Bite","Bite","Bite","Bite","Bite"]},{"damage_healed":0.0,"max_hp_gain":5.0,"max_hp_loss":0.0,"gold_gain":0.0,"event_name":"Forgotten Altar","player_choice":"Shed Blood","floor":21.0,"gold_loss":0.0,"damage_taken":13.0},{"cards_removed":["Bite"],"damage_healed":0,"gold_gain":0,"player_choice":"Gave Gold","damage_taken":0,"max_hp_gain":0,"max_hp_loss":0,"event_name":"Beggar","floor":28,"gold_loss":75}],"is_beta":false,"boss_relics":[{"not_picked":["Tiny House","Cursed Key"],"picked":"SlaversCollar"}],"items_purged_floors":[14],"is_endless":false,"potions_floor_spawned":[8,10,11,13,25],"killed_by":"Snake Plant","ascension_level":3}}