{"host":"hlo0wt5fjlilsn9r","time":1609393991,"event":{"mods":["AchievementEnabler","Aspiration","Bard","BaseMod","Beaked The Cultist","Better Altar","Better Match","Better Note","Better Sensory Stone","Better Skull","Better Third Choice","BetterRewards","CCEM","Colored Map","Conspire","Downfall","Friendly Minions","GifTheSpireLib","Halation","Hermit","Highlight Path","Hubris","Hunter ?人","Jedi Mod","Jorbs\u0027s Wanderer Trilogy","Kiyohime（清?）","Mad Scientist","Marisa（霧雨　魔理沙）","Mimic Mod","Minty Spire (QoL Compilation)","Permanent Neow","Replay The Spire","Shade Mod","Spicy Shops","StSLib","Stuff the Spire","Td1madao Mod","The Administrix","The Blackbeard","The Bug Knight","The Construct","The Cursed","The Disciple","The Gatherer","The Hierophant","The Mystic","The Necromancer","The Runesmith","The Servant 0.9.4","The Spell Scribe","The Witch","Unceasing Turn Reminder"],"gold_per_floor":[112,112,122,122,122,122,82,82,82,82,98,114,141,172,172,277,277,293,308,308,171,185,363,363,363,363,363,363,363,363,363,363,363,363,363,363,363,363,363,363,363,363,363,363,363,363,363,112,112,112,112,112,62,62,62],"floor_reached":56,"playtime":5017,"items_purged":["Strike_MRS","Defend_MRS","Strike_MRS","MasterSpark","WitchLeyline","UpSweep"],"score":1708,"play_id":"b1ef3ebc-171f-4e40-9a48-7653d03c5a22","local_time":"20201230215311","is_ascension_mode":false,"campfire_choices":[{"data":"Defend_MRS","floor":6.0,"key":"SMITH"},{"data":"Defend_MRS","floor":10.0,"key":"SMITH"},{"data":"StarDustReverie","floor":15.0,"key":"SMITH"},{"floor":24.0,"key":"REST"},{"data":"AsteroidBelt","floor":32.0,"key":"SMITH"},{"data":"EnergyFlow","floor":40.0,"key":"SMITH"},{"data":"Acceleration","floor":42.0,"key":"SMITH"},{"data":"GalacticHalo","floor":47,"key":"SMITH"},{"floor":49,"key":"RECALL"},{"data":"SporeBomb","floor":52,"key":"SMITH"}],"circlet_count":0,"master_deck":["Defend_MRS+1","Defend_MRS","EarthLightRay","EnergyFlow+1","PowerUp","OneTimeOff+1","SporeBomb+1","PulseMagic","StarDustReverie+1","ManaConvection","BinaryStars+1","Acceleration+1","AsteroidBelt+1","MilkyWay+1","ShootingEcho+1","EnergyRecoil","PropBag+1","AlicesGift+1","TreasureHunter+1","GalacticHalo+1","PowerUp+1","WitchLeyline+1","ChargingUp+1"],"relics":["MiniHakkero","Ancient Tea Set","hubris:DeckOfHolding","aspiration:PocketMushroom","Smiling Mask","StuffTheSpire:Kangaroo","jedi:ominousloannote","Happy Flower","White Beast Statue","Replay:Accelerometer","hubris:BottledHeart","Boot","Mercury Hourglass","Gremlin Horn","conspire:SlowCooker","Letter Opener","Meat on the Bone","Kunai","StuffTheSpire:Mouthbags","Mummified Hand","Ornamental Fan","AmplifyWand","Guide Book","Blue Candle","Sundial","Sundial","hubris:TenFootPole","Shuriken"],"acts_visited":["Exordium","TheCity","TheBeyond","TheEnding"],"potions_floor_usage":[55],"damage_taken":[{"damage":0.0,"enemies":"conspire:RoseBush","floor":1.0,"turns":3.0},{"damage":0.0,"enemies":"2 Louse","floor":3.0,"turns":4.0},{"damage":0.0,"enemies":"Small Slimes","floor":11.0,"turns":2.0},{"damage":0.0,"enemies":"3 Louse","floor":12.0,"turns":3.0},{"damage":10.0,"enemies":"3 Sentries","floor":13.0,"turns":6.0},{"damage":2.0,"enemies":"Exordium Thugs","floor":14.0,"turns":5.0},{"damage":27.0,"enemies":"Fading Forest","floor":16.0,"turns":11.0},{"damage":12.0,"enemies":"3 Byrds","floor":18.0,"turns":5.0},{"damage":14.0,"enemies":"Chosen","floor":19.0,"turns":1.0},{"damage":8.0,"enemies":"Centurion and Healer","floor":22.0,"turns":2.0},{"damage":0.0,"enemies":"conspire:Head Lice","floor":25.0,"turns":3.0},{"damage":0.0,"enemies":"conspire:HollyBat","floor":28.0,"turns":5.0},{"damage":0.0,"enemies":"HollowMod:Nosk","floor":29.0,"turns":3.0},{"damage":0.0,"enemies":"Snake Plant","floor":31.0,"turns":3.0},{"damage":0.0,"enemies":"Pondfish","floor":33.0,"turns":6.0},{"damage":0.0,"enemies":"3 Shapes","floor":35.0,"turns":3.0},{"damage":0.0,"enemies":"3 Darklings","floor":38.0,"turns":3.0},{"damage":0.0,"enemies":"4 Shapes","floor":41.0,"turns":2.0},{"damage":0.0,"enemies":"3 Darklings","floor":44.0,"turns":3.0},{"damage":0.0,"enemies":"3 Darklings","floor":45.0,"turns":3.0},{"damage":0,"enemies":"Sphere and 2 Shapes","floor":46,"turns":2},{"damage":0,"enemies":"hubris:GrandSnecko","floor":50,"turns":4},{"damage":0,"enemies":"Shield and Spear","floor":54,"turns":3},{"damage":0,"enemies":"The Heart","floor":55,"turns":5}],"seed_played":"-5089952049646830325","potions_obtained":[{"floor":1.0,"key":"DistilledChaos"},{"floor":12.0,"key":"SteroidPotion"},{"floor":16.0,"key":"Adrenaline Potion"},{"floor":22.0,"key":"SneckoOil"},{"floor":25.0,"key":"SpeedPotion"},{"floor":28.0,"key":"DistilledChaos"},{"floor":29.0,"key":"PowerPotion"},{"floor":33.0,"key":"Adrenaline Potion"}],"is_trial":false,"path_per_floor":["M","?","M","?","T","R","$","?","T","R","M","M","E","MIM","R","B",null,"M","M","?","$","M","$","R","E","T","?","M","E","$","M","R","B",null,"M","?","?","M","?","R","M","R","T","MIM","M","M","R","$","R_BF","B",null,"R","$","E","B",null],"character_chosen":"MARISA","items_purchased":["WitchLeyline+1","MilkyWay+1","jedi:ominousloannote","Happy Flower","Guide Book"],"campfire_rested":1,"item_purchase_floors":[7,21,23,23,48],"current_hp_per_floor":[75,75,75,75,75,75,75,75,75,75,75,75,65,67,67,54,75,63,49,49,49,45,45,67,71,71,1,1,1,1,1,1,1,1,1,1,1,1,1,1,1,1,1,1,1,1,1,1,1,1,1,1,1,1,1],"gold":62,"neow_bonus":"TRANSFORM_CARD","is_daily":false,"chose_seed":false,"campfire_upgraded":8,"win_rate":0.0,"timestamp":1609393991,"path_taken":["M","?","M","?","?","R","$","?","T","R","M","M","E","?","R","BOSS","M","M","?","$","M","?","R","E","T","?","?","E","$","M","R","BOSS","M","?","?","M","?","R","M","R","T","?","M","M","R","$","R_BF","BOSS","R","$","E","BOSS"],"items_purchased_type":["Card","Card","Relic","Relic","Relic"],"build_version":"2020-12-22","purchased_purges":6,"victory":true,"max_hp_per_floor":[75,75,75,75,75,75,75,75,75,75,75,75,75,75,75,75,75,75,75,75,75,75,75,75,75,75,1,1,1,1,1,1,1,1,1,1,1,1,1,1,1,1,1,1,1,1,1,1,1,1,1,1,1,1,1],"card_choices":[{"not_picked":["ShootingEcho","SprinkleStarSeal"],"picked":"EnergyFlow","floor":1.0},{"not_picked":["ManaConvection","UnstableBomb"],"picked":"PowerUp","floor":3.0},{"not_picked":["6A","UnstableBomb"],"picked":"SporeBomb","floor":11.0},{"not_picked":["ManaConvection","WitchLeyline"],"picked":"PulseMagic","floor":12.0},{"not_picked":["GravityBeat","UnstableBomb"],"picked":"StarDustReverie","floor":13.0},{"not_picked":["ChargingUp","GalacticHalo"],"picked":"ManaConvection","floor":14.0},{"not_picked":["BigCrunch","CollectingQuirk"],"picked":"BinaryStars","floor":16.0},{"not_picked":["6A","GrandCross"],"picked":"Acceleration","floor":18.0},{"not_picked":["LuminesStrike+1","SporeBomb"],"picked":"AsteroidBelt","floor":19.0},{"not_picked":["TreasureHunter","WitchOfGreed"],"picked":"ShootingEcho+1","floor":22.0},{"not_picked":["Occultation","MagicAbsorber","ChargingUp"],"picked":"SKIP","floor":25.0},{"not_picked":["Singularity","GravityBeat"],"picked":"EnergyRecoil","floor":28.0},{"not_picked":["SporeBomb","GrandCross+1"],"picked":"PropBag+1","floor":29.0},{"not_picked":["StarBarrage+1","Acceleration+1"],"picked":"AlicesGift+1","floor":31.0},{"not_picked":["MillisecondPulsars","UltimateShortwave"],"picked":"TreasureHunter","floor":33.0},{"not_picked":["GrandCross+1","IllusionStar+1"],"picked":"GalacticHalo","floor":35.0},{"not_picked":["Acceleration+1","IllusionStar"],"picked":"PowerUp+1","floor":38.0},{"not_picked":["Singularity","ManaConvection","WitchLeyline"],"picked":"SKIP","floor":41.0},{"not_picked":["GalacticHalo","LuminesStrike+1","Robbery+1"],"picked":"SKIP","floor":45.0},{"not_picked":["WitchOfGreed+1","ManaConvection+1"],"picked":"ChargingUp+1","floor":46},{"not_picked":["MaximisePower","PowerUp","6A"],"picked":"SKIP","floor":54}],"player_experience":224672,"relics_obtained":[{"floor":5.0,"key":"Ancient Tea Set"},{"floor":9.0,"key":"hubris:DeckOfHolding"},{"floor":13.0,"key":"aspiration:PocketMushroom"},{"floor":14.0,"key":"Smiling Mask"},{"floor":25.0,"key":"White Beast Statue"},{"floor":26.0,"key":"Replay:Accelerometer"},{"floor":29.0,"key":"Boot"},{"floor":43.0,"key":"StuffTheSpire:Mouthbags"},{"floor":54,"key":"Sundial"},{"floor":54,"key":"hubris:TenFootPole"}],"event_choices":[{"damage_healed":0.0,"max_hp_gain":0.0,"max_hp_loss":0.0,"gold_gain":0.0,"event_name":"The Cleric","player_choice":"Leave","floor":2.0,"gold_loss":0.0,"damage_taken":0.0},{"damage_healed":0.0,"max_hp_gain":0.0,"max_hp_loss":0.0,"gold_gain":0.0,"cards_transformed":["Defend_MRS"],"event_name":"Living Wall","player_choice":"Change","floor":8.0,"gold_loss":0.0,"damage_taken":0.0,"cards_obtained":["WitchLeyline"]},{"damage_healed":0.0,"max_hp_gain":0.0,"max_hp_loss":0.0,"gold_gain":0.0,"event_name":"betterNote:BetterNote","player_choice":"Ignored","floor":20.0,"gold_loss":0.0,"damage_taken":0.0,"cards_obtained":["Enlightenment"]},{"damage_healed":0.0,"max_hp_gain":0.0,"max_hp_loss":0.0,"gold_gain":0.0,"event_name":"conspire:Investor","player_choice":"Leave","floor":37.0,"gold_loss":0.0,"damage_taken":0.0}],"is_beta":false,"boss_relics":[{"not_picked":["aspiration:PoetsPen_weak","hubris:GrandSneckoEye"],"picked":"StuffTheSpire:Kangaroo"},{"not_picked":["conspire:RunicOctahedron","Sozu"],"picked":"conspire:SlowCooker"}],"items_purged_floors":[21,21,23,48,48,53],"is_endless":false,"potions_floor_spawned":[1,12,16,22,25,28,29,31,33,35,38,41,44,45,46,54],"ascension_level":0}}