{"host":"egwexuw5uvnxf11j","time":1609445501,"event":{"mods":["2.2 Compatiblity","Aspiration","BaseMod","Better Altar","Better Note","Better Sensory Stone","Better Third Choice","Displayed Cursed Tome","Downfall","Hermit","Key Reminder","Koishi","Marisa????????","Minty Spire (QoL Compilation)","Quick Restart","Shade Mod","Spicy Shops","StSLib","The Construct","The Cursed","The Hierophant","The Runesmith","The Senshi","The Servant 0.9.4","Transform Curses"],"gold_per_floor":[110,125,145,145,158,198,218,218,218],"floor_reached":8,"playtime":457,"items_purged":[],"score":63,"play_id":"0ca12c10-0b0b-4a09-be11-be60c7585c01","local_time":"20201231151141","is_ascension_mode":true,"campfire_choices":[],"circlet_count":0,"master_deck":["hermit:Strike_Hermit","hermit:Strike_Hermit","hermit:Strike_Hermit","hermit:Strike_Hermit","hermit:Defend_Hermit","hermit:Defend_Hermit","hermit:Defend_Hermit","hermit:Defend_Hermit","hermit:Snapshot","hermit:Covet","Panacea","hermit:SprayPray","hermit:Misfire","hermit:SprayPray","hermit:FromBeyond","Discovery","hermit:Feint","hermit:Determination","hermit:Dive"],"relics":["hermit:Momento","CeramicFish","keyreminder:keyreminder"],"acts_visited":["Exordium"],"potions_floor_usage":[],"damage_taken":[{"damage":6,"enemies":"Jaw Worm","floor":1,"turns":3},{"damage":0,"enemies":"Cultist","floor":2,"turns":3},{"damage":7,"enemies":"Small Slimes","floor":3,"turns":3},{"damage":1,"enemies":"3 Louse","floor":5,"turns":3},{"damage":52,"enemies":"Lagavulin","floor":6,"turns":7},{"damage":1,"enemies":"2 Fungi Beasts","floor":7,"turns":3},{"damage":8,"enemies":"Gremlin Nob","floor":8,"turns":2}],"seed_played":"-4522672960274693871","potions_obtained":[{"floor":6,"key":"Energy Potion"},{"floor":7,"key":"DuplicationPotion"}],"is_trial":false,"path_per_floor":["M","M","M","?","M","E","M","E"],"character_chosen":"HERMIT","items_purchased":[],"campfire_rested":0,"item_purchase_floors":[],"current_hp_per_floor":[69,69,62,62,61,9,8,0,0],"gold":218,"neow_bonus":"RANDOM_COLORLESS","is_daily":false,"chose_seed":false,"campfire_upgraded":0,"win_rate":0.0,"timestamp":1609445501,"path_taken":["M","M","M","?","M","E","?","E"],"items_purchased_type":[],"build_version":"2020-12-22","purchased_purges":0,"victory":false,"max_hp_per_floor":[75,75,75,75,75,75,75,75,75],"card_choices":[{"not_picked":["Dark Shackles","Good Instincts"],"picked":"Panacea","floor":0},{"not_picked":["hermit:BodyArmor","hermit:Cheat"],"picked":"hermit:SprayPray","floor":1},{"not_picked":["hermit:Determination","hermit:ItchyTrigger"],"picked":"hermit:Misfire","floor":2},{"not_picked":["hermit:DeadMansHand","hermit:Showdown"],"picked":"hermit:SprayPray","floor":3},{"not_picked":["hermit:HoleUp","hermit:HighCaliber"],"picked":"hermit:Feint","floor":5},{"not_picked":["hermit:BigShot","hermit:SprayPray"],"picked":"hermit:Determination","floor":6},{"not_picked":["hermit:DeadMansHand","hermit:HighCaliber"],"picked":"hermit:Dive","floor":7}],"player_experience":2108466,"relics_obtained":[{"floor":6,"key":"CeramicFish"}],"event_choices":[{"damage_healed":0,"gold_gain":0,"player_choice":"2 cards matched","damage_taken":0,"max_hp_gain":0,"max_hp_loss":0,"event_name":"Match and Keep!","floor":4,"gold_loss":0,"cards_obtained":["hermit:FromBeyond","Discovery"]}],"is_beta":false,"boss_relics":[],"items_purged_floors":[],"is_endless":false,"potions_floor_spawned":[6,7],"killed_by":"Gremlin Nob","ascension_level":1}}