{"host":"5fasz840ryq7obdf","time":1609428362,"event":{"mods":["AchievementEnabler","BaseMod","Bestiary","Better Altar","Better Skull","Better Third Choice","BetterRewards","Block Reminder","Colored Powertips","Curses Come First","Downfall","Highlight Path","Minty Spire (QoL Compilation)","Quick Restart","Relic Sorter","Relic Stats","Shop Mod","Spicy Shops","StSLib","SuperFastMode"],"gold_per_floor":[99,99,99,99,99,128,167,164,209,240,265,277,317,347,373,484,496,508,540,552,564,561,587,679,721,733,733,733],"floor_reached":26,"playtime":1683,"items_purged":[],"score":307,"play_id":"3777bb23-3805-4d6d-8732-157f57688c46","local_time":"20201231152602","is_ascension_mode":true,"campfire_choices":[{"data":"Slimebound:Split","floor":1.0,"key":"SMITH"},{"data":"Slimebound:SplitSpecialist","floor":12.0,"key":"SMITH"},{"data":"Slimebound:CorrosiveSpit","floor":18.0,"key":"SMITH"}],"circlet_count":0,"master_deck":["Slimebound:Strike_Slimebound","Slimebound:Strike_Slimebound","Slimebound:Tackle","Slimebound:Defend_Slimebound","Slimebound:Defend_Slimebound","Slimebound:Defend_Slimebound","Slimebound:Split+1","Slimebound:CorrosiveSpit+1","Slimebound:SplitMire","Slimebound:SplitSpecialist+1","Slimebound:GrowthPunch","Slimebound:ViciousTackle","Slimebound:ServeAndProtect","Slimebound:SpikyOuterGoop","Slimebound:LivingWall","Slimebound:SpikyOuterGoop","Slimebound:FinishingTackle+1","Slimebound:RainOfGoop","Slimebound:TagTeam+1","Slimebound:AcidTongue","Slimebound:RejuvenatingLick","Slimebound:GrowthPunch+1","Slimebound:FormOfPuddle+1"],"relics":["Slimebound:AbsorbEndCombat","downfall:HeartsMalice","Pen Nib","MawBank","Anchor","Mummified Hand","Molten Egg 2","Black Star","StrikeDummy","Tiny Chest","Du-Vu Doll"],"acts_visited":["Exordium","TheCity"],"potions_floor_usage":[],"damage_taken":[{"damage":0.0,"enemies":"Jaw Worm","floor":2.0,"turns":1.0},{"damage":0.0,"enemies":"2 Louse","floor":4.0,"turns":1.0},{"damage":0.0,"enemies":"3 Sentries","floor":6.0,"turns":1.0},{"damage":16.0,"enemies":"downfall:FleeingMerchant","floor":8.0,"turns":4.0},{"damage":22.0,"enemies":"Lagavulin","floor":9.0,"turns":6.0},{"damage":17.0,"enemies":"Cultist","floor":10.0,"turns":3.0},{"damage":22.0,"enemies":"3 Louse","floor":11.0,"turns":4.0},{"damage":23.0,"enemies":"3 Sentries","floor":13.0,"turns":8.0},{"damage":14.0,"enemies":"Lots of Slimes","floor":14.0,"turns":5.0},{"damage":20.0,"enemies":"2 Fungi Beasts","floor":15.0,"turns":4.0},{"damage":50.0,"enemies":"downfall:Defect","floor":16.0,"turns":10.0},{"damage":26.0,"enemies":"Shell Parasite","floor":19.0,"turns":5.0},{"damage":19.0,"enemies":"downfall:FleeingMerchant","floor":22.0,"turns":4.0},{"damage":15.0,"enemies":"Shelled Parasite and Fungi","floor":23.0,"turns":4.0},{"damage":63.0,"enemies":"Book of Stabbing","floor":25.0,"turns":5.0},{"damage":22,"enemies":"Centurion and Healer","floor":26,"turns":2}],"seed_played":"-7469099516324057761","potions_obtained":[{"floor":6.0,"key":"Ancient Potion"},{"floor":9.0,"key":"Slimebound:SlimedPotion"},{"floor":10.0,"key":"PowerPotion"}],"is_trial":false,"path_per_floor":["R","M","?","M","?","E","T","$","E","M","M","R","E","M","M","B",null,"R","M","T","?","$","M","T","E","M"],"character_chosen":"SLIMEBOUND","items_purchased":[],"campfire_rested":0,"item_purchase_floors":[],"current_hp_per_floor":[60,60,57,57,57,57,57,60,58,57,57,57,52,58,54,38,60,60,50,50,50,55,57,57,17,0,0,0],"gold":733,"neow_bonus":"THREE_ENEMY_KILL","is_daily":false,"chose_seed":false,"campfire_upgraded":3,"win_rate":0.0,"timestamp":1609428362,"path_taken":["R","M","?","M","?","E","T","$","E","M","M","R","E","M","M","BOSS","R","M","?","?","$","M","T","E","M"],"items_purchased_type":[],"build_version":"2020-12-22","purchased_purges":0,"victory":false,"max_hp_per_floor":[60,60,60,60,60,60,60,60,60,60,60,60,60,60,60,60,60,60,60,60,60,60,60,60,60,60,60,60],"relic_stats":{"counters":[16,59],"Mummified Hand":[25],"Tiny Chest":0,"Pen Nib":[5],"Black Star":1,"MawBank":240,"obtain_stats":[{"Du-Vu Doll":25,"Anchor":7,"Mummified Hand":9,"downfall:HeartsMalice":0,"Molten Egg 2":13,"Tiny Chest":25,"Pen Nib":3,"Slimebound:AbsorbEndCombat":0,"Black Star":17,"MawBank":6,"StrikeDummy":20},{"Du-Vu Doll":15,"Anchor":3,"Mummified Hand":5,"downfall:HeartsMalice":0,"Molten Egg 2":8,"Tiny Chest":15,"Pen Nib":1,"Slimebound:AbsorbEndCombat":0,"Black Star":11,"MawBank":3,"StrikeDummy":12},{"Du-Vu Doll":57,"Anchor":0,"Mummified Hand":9,"downfall:HeartsMalice":0,"Molten Egg 2":22,"Tiny Chest":57,"Pen Nib":0,"Slimebound:AbsorbEndCombat":0,"Black Star":39,"MawBank":0,"StrikeDummy":44}]},"card_choices":[{"not_picked":["Slimebound:GoopTackle","Slimebound:ProtectTheBoss"],"picked":"Slimebound:SplitMire","floor":2.0},{"not_picked":["Slimebound:ViciousTackle","Slimebound:RollThrough"],"picked":"Slimebound:SplitSpecialist","floor":4.0},{"not_picked":["Slimebound:SplitLeeching","Slimebound:LeechEnergy"],"picked":"Slimebound:GrowthPunch","floor":6.0},{"not_picked":["Slimebound:SlimeSpikes","Slimebound:FlameTackle"],"picked":"Slimebound:ViciousTackle","floor":8.0},{"not_picked":["Slimebound:Dissolve","Slimebound:PressTheAttack"],"picked":"Slimebound:ServeAndProtect","floor":9.0},{"not_picked":["Slimebound:RollThrough","Slimebound:SplitAcid"],"picked":"Slimebound:SpikyOuterGoop","floor":10.0},{"not_picked":["Slimebound:SlimeTap","Slimebound:FirmFortitude"],"picked":"Slimebound:LivingWall","floor":11.0},{"not_picked":["Slimebound:SplitAcid","Slimebound:SlimeBrawl"],"picked":"Slimebound:SpikyOuterGoop","floor":13.0},{"not_picked":["Slimebound:LeechEnergy+1","Slimebound:GoopSpray"],"picked":"Slimebound:FinishingTackle+1","floor":14.0},{"not_picked":["Slimebound:SplitLeeching","Slimebound:SplitAcid"],"picked":"Slimebound:RainOfGoop","floor":15.0},{"not_picked":["Slimebound:Darklings","Slimebound:MinionMaster"],"picked":"Slimebound:TagTeam+1","floor":16.0},{"not_picked":["Slimebound:LeechEnergy+1","Slimebound:ComboTackle+1"],"picked":"Slimebound:AcidTongue","floor":19.0},{"not_picked":["Slimebound:SplitBruiser","Slimebound:Replication"],"picked":"Slimebound:RejuvenatingLick","floor":22.0},{"not_picked":["Slimebound:ServeAndProtect","Slimebound:RollThrough+1"],"picked":"Slimebound:GrowthPunch+1","floor":23.0},{"not_picked":["Slimebound:ComboTackle+1","Slimebound:GoopSpray"],"picked":"Slimebound:FormOfPuddle+1","floor":25.0}],"player_experience":1337479,"relics_obtained":[{"floor":6.0,"key":"MawBank"},{"floor":7.0,"key":"Anchor"},{"floor":9.0,"key":"Mummified Hand"},{"floor":13.0,"key":"Molten Egg 2"},{"floor":20.0,"key":"StrikeDummy"},{"floor":25.0,"key":"Tiny Chest"},{"floor":25.0,"key":"Du-Vu Doll"}],"event_choices":[{"damage_healed":0.0,"max_hp_gain":0.0,"max_hp_loss":0.0,"gold_gain":0.0,"event_name":"Scrap Ooze","player_choice":"Success","floor":3.0,"gold_loss":0.0,"damage_taken":3.0,"relics_obtained":["Pen Nib"]},{"cards_removed":["Slimebound:Strike_Slimebound"],"damage_healed":0.0,"max_hp_gain":0.0,"max_hp_loss":0.0,"gold_gain":0.0,"event_name":"Purifier","player_choice":"Purged","floor":5.0,"gold_loss":0.0,"damage_taken":0.0}],"is_beta":false,"boss_relics":[{"not_picked":["SlaversCollar","downfall:Hecktoplasm"],"picked":"Black Star"}],"items_purged_floors":[],"is_endless":false,"potions_floor_spawned":[6,9,10,14,15,19],"killed_by":"Centurion and Healer","ascension_level":3}}