{"host":"qxeepl7ydvsgmfdb","time":1609386563,"event":{"mods":["AchievementEnabler","BaseMod","Colored Powertips","Minty Spire (QoL Compilation)","Quick Restart","slay the spire mod where everything is the same but ironclad has a cowboy hat"],"gold_per_floor":[119,119,119,79,92,119,119,132,202,156,186,201,218,244,244,344,344,355,378,378,388,487,187,187,205,250,281,281,292,292,323,323,323,323],"floor_reached":33,"playtime":1320,"items_purged":[],"score":387,"play_id":"77a7c1ab-8c2b-494a-a21b-4dbe71893a19","local_time":"20201230224923","is_ascension_mode":true,"campfire_choices":[{"data":"Poisoned Stab","floor":7.0,"key":"SMITH"},{"floor":15.0,"key":"REST"},{"floor":28.0,"key":"REST"},{"data":"After Image","floor":30.0,"key":"SMITH"},{"floor":32.0,"key":"REST"}],"circlet_count":0,"master_deck":["Strike_G+1","Strike_G+1","Strike_G+1","Strike_G+1","Defend_G+1","Defend_G+1","Defend_G+1","Defend_G+1","Defend_G+1","Survivor","Neutralize","Poisoned Stab+1","Cloak And Dagger","Blade Dance","Backstab","Venomology","CurseOfTheBell","Blade Dance+1","Deadly Poison","Cloak And Dagger+1","Dagger Spray","Quick Slash","After Image+1","Deadly Poison"],"relics":["Ring of the Snake","NeowsBlessing","Centennial Puzzle","Pantograph","Meat on the Bone","Juzu Bracelet","Calling Bell","Regal Pillow","Mercury Hourglass","Tingsha","Oddly Smooth Stone","Ornamental Fan","War Paint","Red Mask","InkBottle"],"acts_visited":["Exordium","TheCity"],"potions_floor_usage":[33,33,33],"damage_taken":[{"damage":0.0,"enemies":"2 Louse","floor":1.0,"turns":1.0},{"damage":0.0,"enemies":"Small Slimes","floor":5.0,"turns":1.0},{"damage":0.0,"enemies":"3 Sentries","floor":6.0,"turns":1.0},{"damage":0.0,"enemies":"Cultist","floor":8.0,"turns":3.0},{"damage":16.0,"enemies":"Lagavulin","floor":11.0,"turns":6.0},{"damage":3.0,"enemies":"Exordium Thugs","floor":12.0,"turns":5.0},{"damage":3.0,"enemies":"Red Slaver","floor":13.0,"turns":2.0},{"damage":38.0,"enemies":"The Guardian","floor":16.0,"turns":13.0},{"damage":19.0,"enemies":"Shell Parasite","floor":18.0,"turns":5.0},{"damage":18.0,"enemies":"Spheric Guardian","floor":21.0,"turns":4.0},{"damage":24.0,"enemies":"Centurion and Healer","floor":25.0,"turns":5.0},{"damage":0.0,"enemies":"Masked Bandits","floor":27.0,"turns":3.0},{"damage":1.0,"enemies":"Chosen and Byrds","floor":29.0,"turns":5.0},{"damage":15.0,"enemies":"Book of Stabbing","floor":31.0,"turns":6.0},{"damage":78,"enemies":"Collector","floor":33,"turns":7}],"seed_played":"7344662988678026816","potions_obtained":[{"floor":4.0,"key":"Block Potion"},{"floor":4.0,"key":"SkillPotion"},{"floor":4.0,"key":"DistilledChaos"},{"floor":11.0,"key":"ColorlessPotion"},{"floor":13.0,"key":"AttackPotion"},{"floor":27.0,"key":"SkillPotion"}],"is_trial":false,"path_per_floor":["M","?","?","?","M","E","R","M","T","$","E","M","M","T","R","B",null,"M","T","?","M","?","$","?","M","T","?","R","M","R","E","R","B"],"character_chosen":"THE_SILENT","items_purchased":["Blade Dance","Ornamental Fan","Cloak And Dagger"],"campfire_rested":3,"item_purchase_floors":[10,23,23],"current_hp_per_floor":[63,63,56,56,56,56,56,56,56,56,40,37,46,46,67,44,64,45,45,32,26,26,26,26,14,14,26,63,62,62,47,75,0,0],"gold":323,"neow_bonus":"THREE_ENEMY_KILL","is_daily":false,"chose_seed":false,"campfire_upgraded":2,"win_rate":0.0,"timestamp":1609386563,"path_taken":["M","?","?","?","M","E","R","?","T","$","E","M","M","?","R","BOSS","M","?","?","M","?","$","?","M","T","?","R","M","R","E","R","BOSS"],"items_purchased_type":["Card","Relic","Card"],"build_version":"2020-12-22","purchased_purges":0,"victory":false,"max_hp_per_floor":[70,70,70,70,70,70,70,70,70,70,70,70,70,70,70,70,70,70,70,75,75,75,75,75,75,75,75,75,75,75,75,75,75,75],"card_choices":[{"not_picked":["Dodge and Roll","Concentrate","Outmaneuver"],"picked":"SKIP","floor":1.0},{"not_picked":["Choke","Expertise"],"picked":"Poisoned Stab","floor":5.0},{"not_picked":["Dodge and Roll","Reflex","Accuracy"],"picked":"SKIP","floor":6.0},{"not_picked":["Distraction","Outmaneuver"],"picked":"Cloak And Dagger","floor":8.0},{"not_picked":["Reflex","Calculated Gamble","Flechettes"],"picked":"SKIP","floor":11.0},{"not_picked":["Dash","Dagger Throw"],"picked":"Backstab","floor":12.0},{"not_picked":["Underhanded Strike","Flechettes","Dodge and Roll"],"picked":"SKIP","floor":13.0},{"not_picked":["Tools of the Trade","Grand Finale"],"picked":"Venomology","floor":16.0},{"not_picked":["Sucker Punch","Eviscerate"],"picked":"Blade Dance","floor":18.0},{"not_picked":["Sucker Punch","Blur"],"picked":"Deadly Poison","floor":21.0},{"not_picked":["Footwork","Flying Knee+1"],"picked":"Dagger Spray","floor":25.0},{"not_picked":["Finisher","Prepared"],"picked":"Quick Slash","floor":27.0},{"not_picked":["Tactician","Concentrate"],"picked":"After Image","floor":29.0},{"not_picked":["Deflect","Bane"],"picked":"Deadly Poison","floor":31.0}],"player_experience":337985,"relics_obtained":[{"floor":6.0,"key":"Centennial Puzzle"},{"floor":9.0,"key":"Pantograph"},{"floor":11.0,"key":"Meat on the Bone"},{"floor":14.0,"key":"Juzu Bracelet"},{"floor":17.0,"key":"Regal Pillow"},{"floor":17.0,"key":"Mercury Hourglass"},{"floor":17.0,"key":"Tingsha"},{"floor":19.0,"key":"Oddly Smooth Stone"},{"floor":26.0,"key":"War Paint"},{"floor":27.0,"key":"Red Mask"},{"floor":31.0,"key":"InkBottle"}],"event_choices":[{"damage_healed":0.0,"max_hp_gain":0.0,"max_hp_loss":0.0,"gold_gain":0.0,"event_name":"The Cleric","player_choice":"Leave","floor":2.0,"gold_loss":0.0,"damage_taken":0.0},{"cards_removed":["Strike_G"],"damage_healed":0.0,"max_hp_gain":0.0,"max_hp_loss":0.0,"gold_gain":0.0,"event_name":"Golden Wing","player_choice":"Card Removal","floor":3.0,"gold_loss":0.0,"damage_taken":7.0},{"damage_healed":0.0,"max_hp_gain":0.0,"max_hp_loss":0.0,"gold_gain":0.0,"event_name":"The Woman in Blue","player_choice":"Bought 3 Potions","floor":4.0,"gold_loss":0.0,"damage_taken":0.0},{"damage_healed":0.0,"max_hp_gain":5.0,"max_hp_loss":0.0,"gold_gain":0.0,"event_name":"Forgotten Altar","player_choice":"Shed Blood","floor":20.0,"gold_loss":0.0,"damage_taken":18.0},{"damage_healed":0.0,"max_hp_gain":0.0,"max_hp_loss":0.0,"gold_gain":99.0,"event_name":"Nest","player_choice":"Stole From Cult","floor":22.0,"gold_loss":0.0,"damage_taken":0.0},{"damage_healed":0.0,"max_hp_gain":0.0,"max_hp_loss":0.0,"gold_gain":0.0,"event_name":"Back to Basics","player_choice":"Simplicity","floor":24.0,"gold_loss":0.0,"damage_taken":0.0,"cards_upgraded":["Strike_G","Strike_G","Strike_G","Strike_G","Defend_G","Defend_G","Defend_G","Defend_G","Defend_G"]},{"damage_healed":0.0,"max_hp_gain":0.0,"max_hp_loss":0.0,"gold_gain":0.0,"event_name":"Masked Bandits","player_choice":"Fought Bandits","floor":27.0,"gold_loss":0.0,"damage_taken":0.0}],"is_beta":false,"boss_relics":[{"not_picked":["Busted Crown","Snecko Eye"],"picked":"Calling Bell"}],"items_purged_floors":[],"is_endless":false,"potions_floor_spawned":[6,8,11,13,16,18,25,27],"killed_by":"Collector","ascension_level":6}}