{"host":"b0dcklafnoly879c","time":1609417747,"event":{"mods":["BaseMod","Minty Spire (QoL Compilation)","StSLib","The Dragon Tamer","The Jungle"],"gold_per_floor":[116,135,153,166,166,194,47,73,126,126,176,196,196,196,196,196],"floor_reached":14,"playtime":531,"items_purged":[],"score":131,"play_id":"bdd83e12-cb00-4345-9486-c9383f51b1ee","local_time":"20201231212907","is_ascension_mode":true,"metric_token":351,"campfire_choices":[{"data":"DTMod:Overwhelm","floor":13,"key":"SMITH"}],"dtmod_dragon_data":[24,50,-1,-1,0,0],"circlet_count":0,"master_deck":["DTMod:Strike","DTMod:Strike","DTMod:Strike","DTMod:Strike","DTMod:DoubleHit","DTMod:TargetDefense","DTMod:TargetDefense","DTMod:TargetDefense","DTMod:TargetDefense","DTMod:SwitchingTactic","DTMod:DragonDance","DTMod:CalculatedDefense","DTMod:Cover","Regret","DTMod:Overwhelm+1","DTMod:Safeguard","DTMod:InvisibleFlame","DTMod:HeatWave"],"relics":["Philosopher\u0027s Stone","DTMod:DragonFood","Question Card","Lantern","Pen Nib","Juzu Bracelet"],"acts_visited":["Exordium"],"potions_floor_usage":[8],"damage_taken":[{"damage":0.0,"enemies":"Cultist","floor":1.0,"turns":3.0},{"damage":3.0,"enemies":"2 Louse","floor":2.0,"turns":2.0},{"damage":0.0,"enemies":"Small Slimes","floor":3.0,"turns":3.0},{"damage":16.0,"enemies":"Blue Slaver","floor":4.0,"turns":3.0},{"damage":2.0,"enemies":"Gremlin Nob","floor":6.0,"turns":5.0},{"damage":14,"enemies":"Lagavulin","floor":8,"turns":8},{"damage":1,"enemies":"Exordium Wildlife","floor":12,"turns":3},{"damage":16,"enemies":"3 Sentries","floor":14,"turns":2}],"seed_played":"8317812745426058914","potions_obtained":[{"floor":1.0,"key":"Regen Potion"},{"floor":2.0,"key":"Ancient Potion"},{"floor":4.0,"key":"FearPotion"}],"is_trial":false,"path_per_floor":["M","M","M","M","?","E","$","E","T","?","T","M","R","E"],"character_chosen":"THE_DT","items_purchased":["DTMod:Safeguard"],"campfire_rested":0,"item_purchase_floors":[7],"current_hp_per_floor":[45,42,42,26,26,24,24,10,10,10,10,9,9,0,0,0],"gold":196,"neow_bonus":"BOSS_RELIC","is_daily":false,"chose_seed":false,"campfire_upgraded":1,"win_rate":0.0,"timestamp":1609417747,"path_taken":["M","M","?","M","?","E","$","E","T","?","?","M","R","E"],"items_purchased_type":["Card"],"build_version":"2020-12-22","purchased_purges":0,"victory":false,"max_hp_per_floor":[45,45,45,45,45,45,45,45,45,45,45,45,45,45,45,45],"card_choices":[{"not_picked":["DTMod:ShieldDrain","DTMod:PurifyingFlame","DTMod:Threaten"],"picked":"SKIP","floor":1.0},{"not_picked":["DTMod:Threaten","DTMod:DarkBreath"],"picked":"DTMod:DragonDance","floor":2.0},{"not_picked":["DTMod:Adaptation","DTMod:Astonish"],"picked":"DTMod:CalculatedDefense","floor":3.0},{"not_picked":["DTMod:PurifyingFlame","DTMod:Coolant"],"picked":"DTMod:Cover","floor":4.0},{"not_picked":["DTMod:Weaken","DTMod:ShieldDrain"],"picked":"DTMod:Overwhelm","floor":6.0},{"not_picked":["DTMod:BlazingStrike","DTMod:FlameSlash","DTMod:Hide"],"picked":"DTMod:InvisibleFlame","floor":8},{"not_picked":["DTMod:ShieldDrain","DTMod:FlameSlash","DTMod:BurningEnergy"],"picked":"DTMod:HeatWave","floor":12}],"player_experience":234813,"relics_obtained":[{"floor":6.0,"key":"Question Card"},{"floor":8,"key":"Lantern"},{"floor":9,"key":"Pen Nib"},{"floor":11,"key":"Juzu Bracelet"}],"event_choices":[{"damage_healed":0.0,"max_hp_gain":0.0,"max_hp_loss":0.0,"gold_gain":0.0,"event_name":"Big Fish","player_choice":"Box","floor":5.0,"gold_loss":0.0,"damage_taken":0.0,"relics_obtained":["DTMod:DragonFood"],"cards_obtained":["Regret"]},{"damage_healed":0,"gold_gain":0,"player_choice":"Ignored","damage_taken":0,"max_hp_gain":0,"max_hp_loss":0,"event_name":"Liars Game","floor":10,"gold_loss":0}],"is_beta":false,"boss_relics":[],"items_purged_floors":[],"is_endless":false,"potions_floor_spawned":[1,2,4],"killed_by":"3 Sentries","ascension_level":1}}