{"host":"egkmzmldr8t233lo","time":1609427628,"event":{"mods":["Act Like it!","BaseMod","Colored Powertips","Minty Spire (QoL Compilation)","Replay The Spire","StSLib","The Hierophant","¡¾ÒÅÎï¿¨ÅÆ¡¿REMEMod"],"gold_per_floor":[110,126,146,163,212,212,212,212],"floor_reached":7,"playtime":425,"items_purged":[],"score":45,"play_id":"4891da17-0a49-49e4-97ef-3eb912bbc5fc","local_time":"20201231231348","is_ascension_mode":false,"campfire_choices":[{"data":"hierophant:Chorus","floor":6,"key":"SMITH"}],"circlet_count":0,"master_deck":["hierophant:Strike_Hierophant","hierophant:Strike_Hierophant","hierophant:Strike_Hierophant","hierophant:Strike_Hierophant","hierophant:Punish","hierophant:Defend_Hierophant","hierophant:Defend_Hierophant","hierophant:Defend_Hierophant","hierophant:Defend_Hierophant","hierophant:ChurchCoffers","Doppelganger","hierophant:Exaltation","hierophant:Endure","hierophant:Chorus+1","hierophant:TollTheBells","hierophant:Endure"],"relics":["hierophant:PropheticMaskRelic","REME_ComplimentaryCards"],"acts_visited":["Exordium"],"potions_floor_usage":[5],"damage_taken":[{"damage":0,"enemies":"2 Louse","floor":1,"turns":1},{"damage":19,"enemies":"Jaw Worm","floor":2,"turns":4},{"damage":8,"enemies":"Cultist","floor":3,"turns":5},{"damage":10,"enemies":"2 Fungi Beasts","floor":4,"turns":3},{"damage":12,"enemies":"Exordium Wildlife","floor":5,"turns":4},{"damage":27,"enemies":"Gremlin Nob","floor":7,"turns":4}],"seed_played":"2484905427921828659","potions_obtained":[{"floor":2,"key":"Block Potion"},{"floor":4,"key":"REME_GoldPotion"}],"is_trial":false,"path_per_floor":["M","M","M","M","M","R","E"],"character_chosen":"HIEROPHANT","items_purchased":[],"campfire_rested":0,"item_purchase_floors":[],"current_hp_per_floor":[82,63,55,45,33,33,6,6],"gold":212,"neow_bonus":"TEN_PERCENT_HP_BONUS","is_daily":false,"chose_seed":false,"campfire_upgraded":1,"win_rate":0.0,"timestamp":1609427628,"path_taken":["M","M","M","M","M","R","E"],"items_purchased_type":[],"build_version":"2020-12-22","purchased_purges":0,"victory":false,"max_hp_per_floor":[82,82,82,82,82,82,82,82],"card_choices":[{"not_picked":["hierophant:Sermon","hierophant:Purify"],"picked":"hierophant:Exaltation","floor":1},{"not_picked":["hierophant:DisplayOfPower","hierophant:OrnateBuckler"],"picked":"hierophant:Endure","floor":2},{"not_picked":["hierophant:Refuge","hierophant:ThreeLashes"],"picked":"hierophant:Chorus","floor":3},{"not_picked":["hierophant:Prophecy","hierophant:Doubloon"],"picked":"hierophant:TollTheBells","floor":4},{"not_picked":["hierophant:Flagellation","hierophant:Bribe"],"picked":"hierophant:Endure","floor":5}],"player_experience":248165,"relics_obtained":[],"event_choices":[],"is_beta":false,"boss_relics":[],"items_purged_floors":[],"is_endless":false,"potions_floor_spawned":[2,4],"killed_by":"Gremlin Nob","ascension_level":0}}