{"host":"mcdusr64esz012l0","time":1609398977,"event":{"mods":["BaseMod","Minty Spire (QoL Compilation)","Relic Stats"],"gold_per_floor":[17,17,35,59,134,134,173,173,173,173,173],"floor_reached":10,"playtime":271,"items_purged":[],"score":132,"play_id":"69ebfd69-6fdb-40be-a102-0037333fbb44","local_time":"20201231021617","is_ascension_mode":true,"campfire_choices":[{"data":"Poisoned Stab","floor":6,"key":"SMITH"}],"circlet_count":0,"master_deck":["AscendersBane","Strike_G","Strike_G","Strike_G","Strike_G","Strike_G","Defend_G","Defend_G","Defend_G","Defend_G","Defend_G","Survivor","Neutralize","Poisoned Stab+1","Dagger Spray","Dagger Spray","Bane"],"relics":["Ring of the Snake","Golden Idol","StrikeDummy","Nunchaku","Paper Crane"],"acts_visited":["Exordium"],"potions_floor_usage":[10],"damage_taken":[{"damage":4,"enemies":"Cultist","floor":1,"turns":5},{"damage":5,"enemies":"Small Slimes","floor":3,"turns":4},{"damage":0,"enemies":"Jaw Worm","floor":4,"turns":4},{"damage":42,"enemies":"Lagavulin","floor":7,"turns":7},{"damage":12,"enemies":"3 Sentries","floor":10,"turns":4}],"seed_played":"6004890506869808452","potions_obtained":[{"floor":7,"key":"Fire Potion"}],"is_trial":false,"path_per_floor":["M","?","M","M","?","R","E","T","T","E"],"character_chosen":"THE_SILENT","items_purchased":[],"campfire_rested":0,"item_purchase_floors":[],"current_hp_per_floor":[67,67,62,62,51,51,9,9,9,0,0],"gold":173,"neow_bonus":"TWENTY_PERCENT_HP_BONUS","is_daily":false,"chose_seed":false,"campfire_upgraded":1,"win_rate":0.0,"timestamp":1609398977,"path_taken":["M","?","M","M","?","R","E","?","T","E"],"items_purchased_type":[],"build_version":"2020-12-22","purchased_purges":0,"victory":false,"max_hp_per_floor":[78,71,71,71,71,71,71,71,71,71,71],"relic_stats":{"Nunchaku":[0],"counters":[5,24],"Golden Idol":17,"obtain_stats":[{"Nunchaku":8,"Golden Idol":2,"Paper Crane":9,"StrikeDummy":7,"Ring of the Snake":0},{"Nunchaku":4,"Golden Idol":1,"Paper Crane":4,"StrikeDummy":4,"Ring of the Snake":0},{"Nunchaku":20,"Golden Idol":5,"Paper Crane":20,"StrikeDummy":20,"Ring of the Snake":0}],"Ring of the Snake":[10]},"card_choices":[{"not_picked":["Flying Knee","Outmaneuver"],"picked":"Poisoned Stab","floor":1},{"not_picked":["Sucker Punch","Tactician"],"picked":"Dagger Spray","floor":3},{"not_picked":["Flying Knee","Accuracy"],"picked":"Dagger Spray","floor":4},{"not_picked":["Blade Dance","Deadly Poison"],"picked":"Bane","floor":7}],"player_experience":1025763,"relics_obtained":[{"floor":7,"key":"StrikeDummy"},{"floor":8,"key":"Nunchaku"},{"floor":9,"key":"Paper Crane"}],"event_choices":[{"damage_healed":0,"gold_gain":0,"player_choice":"Lose Max HP","damage_taken":0,"relics_obtained":["Golden Idol"],"max_hp_gain":0,"max_hp_loss":7,"event_name":"Golden Idol","floor":2,"gold_loss":0},{"damage_healed":0,"gold_gain":75,"player_choice":"Gather Gold","damage_taken":11,"max_hp_gain":0,"max_hp_loss":0,"event_name":"World of Goop","floor":5,"gold_loss":0}],"is_beta":false,"boss_relics":[],"items_purged_floors":[],"is_endless":false,"potions_floor_spawned":[7],"killed_by":"3 Sentries","ascension_level":20}}