{"host":"cgv4xfjbrthxr81g","time":1609376342,"event":{"mods":["2.2 Compatiblity","Act Like it!","BaseMod","Bestiary","Better Altar","Better Match","Better Note","Better Sensory Stone","Better Skull","Better Third Choice","BetterRewards","Block Reminder","Card Forge","Clawfect","Colored Map","Colored Powertips","Curses Come First","DeckTracker","Defuse TimeMaze Blight","Downfall","Energized Spire","Evolution","Friendly Minions","Hallownest","Highlight Path","Hubris","Infinite Spire","Mimic Mod","Minty Spire (QoL Compilation)","Permanent Neow","Quick Restart","Rare Cards Sparkle","Relic Sorter","Relic Stats","Replay The Spire","Robot Space Explorer","Shop Mod","Spicy Shops","StSLib","SuperFastMode","The Bug Knight","The Caster","The Construct","The Jungle","TheVacant","Uncapped","Wandering Minibosses"],"gold_per_floor":[364,364,345,345,358,358,358],"floor_reached":6,"playtime":277,"items_purged":[],"score":38,"play_id":"7a7a5ee8-3293-44e5-8952-0e28028a5f96","local_time":"20201230195902","is_ascension_mode":true,"campfire_choices":[],"circlet_count":0,"master_deck":["construct:ScrapCannon","construct:Strike_Gold","construct:Strike_Gold","construct:Strike_Gold","construct:Strike_Gold","construct:Defend_Gold","construct:Defend_Gold","construct:Defend_Gold","construct:Defend_Gold","construct:Defend_Gold","construct:AttackMode","construct:DefenseMode","construct:ScopeCore"],"relics":["construct:Cogwheel","construct:Challenge1","Hammer of Thor","Seething Fire","Anvil of the Gods","Hallownest:DreamNailRelic","Bag of Marbles","PreservedInsect"],"acts_visited":["Hallownest:Greenpath"],"potions_floor_usage":[],"damage_taken":[{"damage":10,"enemies":"Hallownest:monsterHuskWarrior","floor":1,"turns":4},{"damage":7,"enemies":"Hallownest:monsterHuskGuard","floor":3,"turns":5},{"damage":0,"enemies":"Hallownest:2_Baldur","floor":5,"turns":3},{"damage":5,"enemies":"Hallownest:eliteVengeflyKing","floor":6,"turns":5}],"seed_played":"2322585801693143028","potions_obtained":[{"floor":3,"key":"SpeedPotion"},{"floor":5,"key":"Toxic Potion"}],"is_trial":false,"path_per_floor":["M","?","M","?","M","E"],"character_chosen":"THE_CONSTRUCT_MOD","items_purchased":[],"campfire_rested":0,"item_purchase_floors":[],"current_hp_per_floor":[51,51,44,3,3,0,0],"gold":358,"neow_bonus":"TWO_FIFTY_GOLD","is_daily":false,"chose_seed":false,"campfire_upgraded":0,"win_rate":0.0,"timestamp":1609376342,"path_taken":["M","?","?","?","?","E"],"items_purchased_type":[],"build_version":"2020-12-22","purchased_purges":0,"victory":false,"max_hp_per_floor":[85,85,85,85,85,85,85],"relic_stats":{"counters":[4,17],"PreservedInsect":26,"obtain_stats":[{"construct:Challenge1":0,"Anvil of the Gods":0,"construct:Cogwheel":0,"Hammer of Thor":0,"PreservedInsect":4,"Hallownest:DreamNailRelic":2,"Bag of Marbles":4,"EVO:Axolotl":0,"Seething Fire":0},{"construct:Challenge1":0,"Anvil of the Gods":0,"construct:Cogwheel":0,"Hammer of Thor":0,"PreservedInsect":2,"Hallownest:DreamNailRelic":1,"Bag of Marbles":2,"EVO:Axolotl":0,"Seething Fire":0},{"construct:Challenge1":0,"Anvil of the Gods":0,"construct:Cogwheel":0,"Hammer of Thor":0,"PreservedInsect":9,"Hallownest:DreamNailRelic":4,"Bag of Marbles":9,"EVO:Axolotl":0,"Seething Fire":0}]},"card_choices":[{"not_picked":["construct:Missile","construct:Versatility","construct:FocusedBeam"],"picked":"SKIP","floor":1},{"not_picked":["construct:FocusedBeam","construct:ScrapCannon"],"picked":"construct:ScopeCore","floor":3},{"not_picked":["construct:Isolate","construct:Analyze","construct:Impenetrable"],"picked":"SKIP","floor":5}],"player_experience":86186,"relics_obtained":[],"event_choices":[{"damage_healed":0,"gold_gain":0,"player_choice":"RE RE ","damage_taken":45,"relics_obtained":["Bag of Marbles","PreservedInsect"],"max_hp_gain":0,"max_hp_loss":0,"event_name":"betterSkull:BetterSkull","floor":4,"gold_loss":0,"cards_upgraded":[]}],"is_beta":false,"boss_relics":[],"items_purged_floors":[],"is_endless":false,"potions_floor_spawned":[3,5],"killed_by":"Hallownest:eliteVengeflyKing","ascension_level":1}}