{"host":"b6hf8n3pu8vqv2wi","time":1609383686,"event":{"mods":["BaseMod","Downfall","Minty Spire (QoL Compilation)","StSLib"],"gold_per_floor":[110,124,124,124,74,84,111,144,144,144,176,187,212,212,212,63,63,158,158,177,177,205,248,173,173,201,215,215,232,261,261,274,284,284,386,386,400,419,519,529,574,601,71,106,130,142,154,154,154],"floor_reached":47,"playtime":9539,"items_purged":["Slimebound:Defend_Slimebound"],"score":693,"play_id":"2757b49b-2ba9-40af-9877-c113d78c5c7f","local_time":"20201231110126","is_ascension_mode":true,"campfire_choices":[{"data":"Slimebound:GrowthPunch","floor":10.0,"key":"SMITH"},{"floor":25.0,"key":"RECALL"},{"data":"Slimebound:SuperSplit","floor":34.0,"key":"SMITH"},{"data":"Slimebound:Replication","floor":34.0,"key":"SMITH"},{"data":"Slimebound:SlimeBrawl","floor":46.0,"key":"SMITH"},{"data":"Slimebound:DouseInSlime","floor":46.0,"key":"SMITH"}],"circlet_count":6908,"master_deck":["Slimebound:Strike_Slimebound","Slimebound:Tackle","Slimebound:Defend_Slimebound","Slimebound:Defend_Slimebound","Slimebound:Split","Slimebound:CorrosiveSpit","Madness","Slimebound:LivingWall","Madness","Slimebound:SplitAcid","Madness","Slimebound:GrowthPunch+1","Madness","Slimebound:Lick","Slimebound:PrepareCrush+1","Slimebound:Gluttony+1","Slimebound:PrepareCrush+1","Madness","Slimebound:DouseInSlime+1","Slimebound:LeadByExample","Slimebound:SelfFormingGoo+1","Madness+1","Slimebound:RollThrough+1","Madness","Slimebound:SplitMire+1","Madness","Madness","Madness","Madness","Slimebound:Replication+1","Slimebound:Teamwork","Madness","Slimebound:SlimeBrawl+1","Madness","Slimebound:Replication+1","Madness+1","Slimebound:RejuvenatingLick+1","Slimebound:SamplingLick+1","Madness","Slimebound:Repurpose","Slimebound:Repurpose","Slimebound:FinishingTackle+1"],"relics":["Slimebound:AbsorbEndCombat","Circlet","Juzu Bracelet","Omamori","Vajra","Toolbox","Black Star","MutagenicStrength","Red Mask","Blue Candle","Coffee Dripper","StoneCalendar","Pen Nib","Strange Spoon","Kunai","Slimebound:SlimedTailRelic","Oddly Smooth Stone","MawBank"],"acts_visited":[],"potions_floor_usage":[],"damage_taken":[{"damage":9.0,"enemies":"2 Louse","floor":1.0,"turns":2.0},{"damage":16.0,"enemies":"Small Slimes","floor":2.0,"turns":5.0},{"damage":10.0,"enemies":"Jaw Worm","floor":6.0,"turns":5.0},{"damage":18.0,"enemies":"Lagavulin","floor":8.0,"turns":8.0},{"damage":20.0,"enemies":"Gremlin Nob","floor":11.0,"turns":3.0},{"damage":20.0,"enemies":"2 Fungi Beasts","floor":12.0,"turns":4.0},{"damage":5.0,"enemies":"Lagavulin","floor":13.0,"turns":3.0},{"damage":28.0,"enemies":"The Guardian","floor":18.0,"turns":7.0},{"damage":4.0,"enemies":"3 Byrds","floor":20.0,"turns":3.0},{"damage":53.0,"enemies":"Masked Bandits","floor":22.0,"turns":4.0},{"damage":13.0,"enemies":"Book of Stabbing","floor":26.0,"turns":4.0},{"damage":30.0,"enemies":"Spheric Guardian","floor":27.0,"turns":6.0},{"damage":18.0,"enemies":"Shelled Parasite and Fungi","floor":29.0,"turns":4.0},{"damage":9.0,"enemies":"Replay:Snechameleon","floor":30.0,"turns":4.0},{"damage":12.0,"enemies":"Snake Plant","floor":32.0,"turns":4.0},{"damage":41.0,"enemies":"Snecko","floor":33.0,"turns":5.0},{"damage":43.0,"enemies":"Champ","floor":35.0,"turns":8.0},{"damage":44.0,"enemies":"Orb Walker","floor":37.0,"turns":4.0},{"damage":18.0,"enemies":"3 Shapes","floor":38.0,"turns":5.0},{"damage":72.0,"enemies":"3 Shapes","floor":39.0,"turns":6.0},{"damage":27.0,"enemies":"Sphere and 2 Shapes","floor":40.0,"turns":4.0},{"damage":43.0,"enemies":"2 Orb Walkers","floor":41.0,"turns":3.0},{"damage":24.0,"enemies":"Nemesis","floor":42.0,"turns":3.0},{"damage":23.0,"enemies":"R_Hoarder","floor":44.0,"turns":4.0},{"damage":0,"enemies":"Jaw Worm Horde","floor":47,"turns":1}],"seed_played":"-5292595848914993477","potions_obtained":[{"floor":2.0,"key":"SkillPotion"},{"floor":6.0,"key":"Explosive Potion"},{"floor":13.0,"key":"SteroidPotion"},{"floor":18.0,"key":"Slimebound:SlimedPotion"},{"floor":27.0,"key":"Block Potion"},{"floor":29.0,"key":"Block Potion"},{"floor":35.0,"key":"Flashbang"},{"floor":38.0,"key":"Elixir"}],"is_trial":false,"path_per_floor":["M","M","?","?","?","M","T","E","T","R","E","M","E","PTL","PTL","$","R","B",null,"M","?","?","?","?","R","E","M","T","M","E","?","M","M","R","B",null,"M","M","?","M","?","E","$","E","T","R","M"],"character_chosen":"SLIMEBOUND","items_purchased":["Toolbox","Strange Spoon","Kunai","Slimebound:Repurpose"],"campfire_rested":0,"item_purchase_floors":[16,43,43,43],"current_hp_per_floor":[70,60,65,58,58,56,56,48,48,48,37,38,36,36,36,36,63,65,90,88,88,56,56,56,56,49,35,35,48,65,65,66,59,59,75,90,84,88,89,90,86,86,86,87,87,87,87,87,87],"gold":154,"neow_bonus":"","is_daily":false,"chose_seed":false,"campfire_upgraded":5,"win_rate":0.0,"timestamp":1609383686,"path_taken":["M","M","?","?","?","M","?","E","T","R","E","M","E","PTL","PTL","$","R","BOSS","M","?","?","?","?","R","E","M","T","M","E","?","M","M","R","BOSS","M","M","?","M","?","E","$","E","T","R","M"],"items_purchased_type":["Relic","Relic","Relic","Card"],"build_version":"2020-12-22","purchased_purges":1,"victory":false,"max_hp_per_floor":[70,70,75,75,75,75,75,75,75,75,75,90,90,90,90,90,90,90,90,90,90,90,90,90,90,90,90,90,90,90,90,90,90,90,90,90,90,90,90,90,90,90,90,90,90,90,90,90,90],"card_choices":[{"not_picked":["BeautyBeast","PunishingBird"],"picked":"UniverseFragment","floor":1.0},{"not_picked":["Slimebound:PressTheAttack","Slimebound:GoopTackle"],"picked":"Slimebound:LivingWall","floor":1.0},{"not_picked":["DreamingCurrent","VoidDream"],"picked":"ShyLook","floor":2.0},{"not_picked":["Slimebound:VenomTackle","Slimebound:Recollect"],"picked":"Slimebound:SplitAcid","floor":2.0},{"not_picked":["SpiderBud","FairyFestival"],"picked":"MHz","floor":6.0},{"not_picked":["Slimebound:LeechEnergy","Slimebound:PoisonLick"],"picked":"Slimebound:GrowthPunch","floor":6.0},{"not_picked":["BeautyBeast","Alriune"],"picked":"OSAHOGD","floor":8.0},{"not_picked":["Slimebound:SlimeSpikes","Slimebound:SplitBruiser"],"picked":"Slimebound:Lick","floor":8.0},{"not_picked":["Wellcheers","GalaxyChild","VoidDream"],"picked":"Singing Bowl","floor":11.0},{"not_picked":["Slimebound:SoulSicken","Slimebound:SplitAcid"],"picked":"Slimebound:PrepareCrush","floor":11.0},{"not_picked":["BigBird","PunishingBird","OldLady"],"picked":"Singing Bowl","floor":12.0},{"not_picked":["Slimebound:ItLooksTasty","Slimebound:ComboTackle"],"picked":"Slimebound:Gluttony","floor":12.0},{"not_picked":["PunishingBird","VoidDream","Wellcheers"],"picked":"Singing Bowl","floor":13.0},{"not_picked":["Slimebound:SplitAcid","Slimebound:FormOfPuddle"],"picked":"Slimebound:PrepareCrush","floor":13.0},{"not_picked":["HeroicMonk","OldLady","CherryBlossoms"],"picked":"Singing Bowl","floor":18.0},{"not_picked":["SpiderBud","DreamingCurrent"],"picked":"MeatLantern","floor":18.0},{"not_picked":["Slimebound:OozeBath","Slimebound:AcidTongue"],"picked":"Slimebound:DouseInSlime","floor":18.0},{"not_picked":["GalaxyChild","FairyFestival","Laetitia"],"picked":"Singing Bowl","floor":20.0},{"not_picked":["Slimebound:SlimeSpikes","Slimebound:VenomTackle+1"],"picked":"Slimebound:LeadByExample","floor":20.0},{"not_picked":["LittlePrince","Scorched","MeltingLove"],"picked":"Singing Bowl","floor":22.0},{"not_picked":["Slimebound:LeadByExample+1","Slimebound:AcidGelatin"],"picked":"Slimebound:SelfFormingGoo+1","floor":22.0},{"not_picked":["Slimebound:Repurpose","Slimebound:RainOfGoop+1"],"picked":"Slimebound:SuperSplit","floor":23.0},{"not_picked":["Bloodbath","Rudolta","GreedKing"],"picked":"Singing Bowl","floor":26.0},{"not_picked":["Slimebound:RainOfGoop","Slimebound:FormOfPuddle"],"picked":"Slimebound:RollThrough+1","floor":26.0},{"not_picked":["BlackSwan","Wellcheers"],"picked":"RedShoes","floor":27.0},{"not_picked":["Slimebound:ItLooksTasty","Slimebound:PressTheAttack+1"],"picked":"Slimebound:SplitMire+1","floor":27.0},{"not_picked":["Scorched","MeltingLove","CrumblingArmor"],"picked":"Singing Bowl","floor":29.0},{"not_picked":["DespairKnight","Scarecrow"],"picked":"CENSORED","floor":29.0},{"not_picked":["Slimebound:ComboTackle","Slimebound:Grow"],"picked":"Slimebound:Replication","floor":29.0},{"not_picked":["LongBird","BigBadWolf","Scorched"],"picked":"Singing Bowl","floor":30.0},{"not_picked":["Slimebound:ServeAndProtect","Slimebound:SamplingLick"],"picked":"Slimebound:Teamwork","floor":30.0},{"not_picked":["SpiderBud","DespairKnight","Alriune"],"picked":"Singing Bowl","floor":32.0},{"not_picked":["Slimebound:SplitLeeching","Slimebound:Recollect","Slimebound:LivingWall"],"picked":"SKIP","floor":32.0},{"not_picked":["SpiderBud","Woodsman","BigBadWolf"],"picked":"Singing Bowl","floor":33.0},{"not_picked":["Slimebound:WasteNot","Slimebound:VenomTackle"],"picked":"Slimebound:TendrilStrike","floor":33.0},{"not_picked":["Alriune","LittlePrince","BlackSwan"],"picked":"Singing Bowl","floor":35.0},{"not_picked":["Slimebound:DuplicatedForm","Slimebound:WasteNot"],"picked":"Slimebound:SlimeBrawl","floor":35.0},{"not_picked":["GalaxyChild","QueenOfHatred","Wellcheers"],"picked":"Singing Bowl","floor":37.0},{"not_picked":["BlackArmy","VoidDream"],"picked":"LongBird","floor":37.0},{"not_picked":["Slimebound:Gluttony","Slimebound:ServeAndProtect","Slimebound:LeechEnergy+1"],"picked":"SKIP","floor":37.0},{"not_picked":["BigBird","HappyTeddy","PlagueDoctor"],"picked":"Singing Bowl","floor":38.0},{"not_picked":["Slimebound:GoopSpray+1","Slimebound:RainOfGoop"],"picked":"Slimebound:Replication+1","floor":38.0},{"not_picked":["Scarecrow","Mercenary","BigBird"],"picked":"Singing Bowl","floor":39.0},{"not_picked":["Slimebound:SpikyOuterGoop","Slimebound:LeechingTouch+1"],"picked":"Slimebound:QuickStudy+1","floor":39.0},{"not_picked":["QueenOfHatred","SnowQueen","Scorched"],"picked":"Singing Bowl","floor":40.0},{"not_picked":["Slimebound:SplitLeeching+1","Slimebound:SlimeSpikes"],"picked":"Slimebound:RejuvenatingLick+1","floor":40.0},{"not_picked":["LittleHelper","WhitesApple","FairyFestival"],"picked":"Singing Bowl","floor":41.0},{"not_picked":["Slimebound:VenomTackle","Slimebound:Recollect+1"],"picked":"Slimebound:SamplingLick+1","floor":41.0},{"not_picked":["CrumblingArmor","DespairKnight","LaLuna"],"picked":"Singing Bowl","floor":42.0},{"not_picked":["Slimebound:GrowthPunch","Slimebound:Recollect","Slimebound:HungryTackle"],"picked":"SKIP","floor":42.0},{"not_picked":["FieryBird","Alriune","Mercenary"],"picked":"Singing Bowl","floor":44.0},{"not_picked":["Slimebound:RainOfGoop","Slimebound:SelfFormingGoo"],"picked":"Slimebound:FinishingTackle+1","floor":44.0}],"player_experience":419467,"relics_obtained":[{"floor":8.0,"key":"Juzu Bracelet"},{"floor":9.0,"key":"Replay:WaspNest"},{"floor":11.0,"key":"Omamori"},{"floor":13.0,"key":"Vajra"},{"floor":22.0,"key":"Red Mask"},{"floor":23.0,"key":"Replay:Bottled Eggs"},{"floor":26.0,"key":"Chameleon Ring"},{"floor":26.0,"key":"Replay:Arrowhead"},{"floor":28.0,"key":"Grinning Jar"},{"floor":30.0,"key":"ReplayTheSpireMod:Lightbulb"},{"floor":30.0,"key":"Blue Candle"},{"floor":37.0,"key":"AtMidnight"},{"floor":39.0,"key":"Slimebound:StudyCardRelic"},{"floor":41.0,"key":"StoneCalendar"},{"floor":42.0,"key":"Gremlin Food"},{"floor":42.0,"key":"Pen Nib"},{"floor":44.0,"key":"Slimebound:SlimedTailRelic"},{"floor":44.0,"key":"Oddly Smooth Stone"},{"floor":45.0,"key":"MawBank"}],"event_choices":[{"damage_healed":0.0,"max_hp_gain":5.0,"max_hp_loss":0.0,"gold_gain":0.0,"event_name":"Big Fish","player_choice":"Donut","floor":3.0,"gold_loss":0.0,"damage_taken":0.0},{"cards_removed":["Slimebound:Strike_Slimebound"],"damage_healed":0.0,"max_hp_gain":0.0,"max_hp_loss":0.0,"gold_gain":0.0,"event_name":"Golden Wing","player_choice":"Card Removal","floor":4.0,"gold_loss":0.0,"damage_taken":7.0},{"cards_removed":["Slimebound:Defend_Slimebound"],"damage_healed":0.0,"max_hp_gain":0.0,"max_hp_loss":0.0,"gold_gain":0.0,"event_name":"The Cleric","player_choice":"Card Removal","floor":5.0,"gold_loss":50.0,"damage_taken":0.0},{"damage_healed":0.0,"max_hp_gain":0.0,"max_hp_loss":0.0,"gold_gain":0.0,"event_name":"Drug Dealer","player_choice":"Inject Mutagens","floor":21.0,"gold_loss":0.0,"damage_taken":0.0,"relics_obtained":["MutagenicStrength"]},{"damage_healed":0.0,"max_hp_gain":0.0,"max_hp_loss":0.0,"gold_gain":0.0,"event_name":"Masked Bandits","player_choice":"Fought Bandits","floor":22.0,"gold_loss":0.0,"damage_taken":0.0},{"cards_removed":["Slimebound:Strike_Slimebound"],"damage_healed":0.0,"max_hp_gain":0.0,"max_hp_loss":0.0,"gold_gain":0.0,"event_name":"Beggar","player_choice":"Gave Gold","floor":24.0,"gold_loss":75.0,"damage_taken":0.0},{"damage_healed":0.0,"max_hp_gain":0.0,"max_hp_loss":0.0,"gold_gain":0.0,"event_name":"Mysterious Sphere","player_choice":"Fight","floor":41.0,"gold_loss":0.0,"damage_taken":0.0}],"is_beta":false,"boss_relics":[{"not_picked":["Replay:Bronze Core","ReplayTheSpireMod:DimensionalGlitch"],"picked":"Black Star"},{"not_picked":["Astrolabe","Painkiller Herb"],"picked":"Coffee Dripper"}],"items_purged_floors":[43],"is_endless":false,"potions_floor_spawned":[2,6,13,18,27,29,35,38,39],"killed_by":"Jaw Worm Horde","ascension_level":2}}