{"host":"dfbnut35xpj0zllb","time":1609450695,"event":{"mods":["Act Like it!","Bard","BaseMod","Beaked The Cultist","Colored Map","Glutton Mod","Hallownest","Hermit","Highlight Path","Jorbs\u0027s Wanderer Trilogy","Koishi","Mad Scientist","Marisa????????","Minty Spire (QoL Compilation)","Relic Stats","Robot Space Explorer","StSLib","The Administrix","The Bug Knight","The Construct","The Cursed","The Marked","The Mystic","The Servant 0.9.4","The Witch"],"gold_per_floor":[119,119,74,74,84,84,119,119,143,177,188,205,205,205,205,305,305,323,323,687,687,687,720,720,343,343,343,29,47,47,47,47,151,151,161,175,150,150,51,78,91,117,187,187,187,203,214,32,32,32],"floor_reached":51,"playtime":4356,"items_purged":["Strike_G","Strike_G","Strike_G","Hallownest:curseDreamersLament"],"score":727,"play_id":"b31d2ccc-8538-4e99-9a12-358af64645ca","local_time":"20201231133815","is_ascension_mode":false,"campfire_choices":[{"floor":6.0,"key":"REST"},{"floor":8.0,"key":"REST"},{"floor":15.0,"key":"REST"},{"floor":27.0,"key":"REST"},{"data":"A Thousand Cuts","floor":30.0,"key":"SMITH"},{"data":"Footwork","floor":32.0,"key":"SMITH"},{"data":"Caltrops","floor":44,"key":"SMITH"},{"data":"Footwork","floor":49,"key":"SMITH"}],"circlet_count":0,"master_deck":["Strike_G+1","Defend_G","Defend_G","Defend_G","Defend_G","Defend_G","Survivor","Neutralize+1","Caltrops+1","Deflect+1","Noxious Fumes","A Thousand Cuts+1","Backstab+1","Dodge and Roll","Blade Dance","Writhe","Malaise+1","Infinite Blades","Sucker Punch+1","Dagger Spray","Tools of the Trade","Noxious Fumes","Footwork+1","Noxious Fumes+1","Bullet Time","Flying Knee","Poisoned Stab","Infinite Blades","Underhanded Strike+1","Underhanded Strike+1","Leg Sweep","Calculated Gamble+1","Footwork+1"],"relics":["Ring of the Snake","Ginger","Ancient Tea Set","Hallownest:DreamNailRelic","Juzu Bracelet","Nunchaku","Hallownest:TeacherSealRelic","WristBlade","Hallownest:WatcherSealRelic","Lantern","Torii","Membership Card","Toy Ornithopter","MealTicket","Bottled Flame","construct:RocketBooster","TheAbacus","Coffee Dripper","Whetstone","War Paint","Calipers","HornCleat","TwistedFunnel"],"acts_visited":["Hallownest:Greenpath","Hallownest:CityofTears","Hallownest:KingdomsEdge"],"potions_floor_usage":[50],"damage_taken":[{"damage":8.0,"enemies":"Hallownest:2_Tiktiks_and_1_Crawlid","floor":1.0,"turns":7.0},{"damage":2.0,"enemies":"2_ Uuma","floor":5.0,"turns":6.0},{"damage":14.0,"enemies":"Hallownest:eliteVengeflyKing","floor":7.0,"turns":10.0},{"damage":24.0,"enemies":"Hallownest:eliteCrystalGuardian","floor":10.0,"turns":7.0},{"damage":6.0,"enemies":"Hallownest:2_MossCreeps","floor":11.0,"turns":4.0},{"damage":9.0,"enemies":"Hallownest:1_Ooma_and_2_Uuma","floor":12.0,"turns":7.0},{"damage":23.0,"enemies":"Hallownest:BossFalseKnight","floor":16.0,"turns":10.0},{"damage":25.0,"enemies":"Hallownest:2_Mistakes","floor":18.0,"turns":10.0},{"damage":23.0,"enemies":"Hallownest:eliteWatcherKnight","floor":23.0,"turns":11.0},{"damage":1.0,"enemies":"Hallownest:Guard_and_Sentry","floor":29.0,"turns":4.0},{"damage":19.0,"enemies":"Hallownest:BossGrimm","floor":33.0,"turns":11.0},{"damage":3,"enemies":"Hallownest:Shield_Heavy","floor":35,"turns":6},{"damage":29,"enemies":"Hallownest:3_Siblings","floor":36,"turns":7},{"damage":23,"enemies":"Hallownest:StalkingDevout","floor":40,"turns":9},{"damage":31,"enemies":"Hallownest:2_Wandering_and_1_Horned","floor":41,"turns":6},{"damage":1,"enemies":"Hallownest:eliteHiveKnight","floor":42,"turns":10},{"damage":1,"enemies":"Hallownest:eliteHiveKnight","floor":45,"turns":5},{"damage":9,"enemies":"Hallownest:Xero_Hu_Marmu","floor":46,"turns":7},{"damage":2,"enemies":"Hallownest:monsterPrimalAspid","floor":47,"turns":4},{"damage":5,"enemies":"Hallownest:BossGreyPrinceZote","floor":50,"turns":10}],"seed_played":"-6933302456883543891","potions_obtained":[{"floor":7.0,"key":"construct:ShiftPotion"},{"floor":12.0,"key":"Weak Potion"},{"floor":16.0,"key":"Energy Potion"},{"floor":23.0,"key":"GamblersBrew"},{"floor":29.0,"key":"DistilledChaos"}],"is_trial":false,"path_per_floor":["M","?","$","?","M","R","E","R","T","E","M","M","?","?","R","B",null,"M","?","?","?","?","E","?","$","T","R","$","M","R","?","R","B",null,"M","M","?","T","$","E","M","E","T","R","?","M","M","$","R","B",null],"character_chosen":"THE_SILENT","items_purchased":["Deflect","Membership Card","Toy Ornithopter","MealTicket","Noxious Fumes","construct:RocketBooster","Footwork","TheAbacus","Infinite Blades","TwistedFunnel","Footwork"],"campfire_rested":4,"item_purchase_floors":[3,25,25,25,25,28,28,28,39,48,48],"current_hp_per_floor":[62,34,34,34,32,53,39,60,60,36,30,21,27,42,69,46,91,66,66,66,66,66,43,43,43,43,70,85,84,84,80,80,61,91,88,59,69,69,84,61,30,29,29,29,28,19,17,32,32,32],"gold":32,"neow_bonus":"UPGRADE_CARD","is_daily":false,"chose_seed":false,"campfire_upgraded":4,"win_rate":0.0,"timestamp":1609450695,"path_taken":["M","?","$","?","?","R","E","R","T","E","M","M","?","?","R","BOSS","M","?","?","?","?","E","?","$","T","R","$","M","R","?","R","BOSS","M","M","?","?","$","E","M","E","T","R","?","M","M","$","R","BOSS"],"items_purchased_type":["Card","Relic","Relic","Relic","Card","Relic","Card","Relic","Card","Relic","Card"],"build_version":"2020-12-22","purchased_purges":4,"victory":true,"max_hp_per_floor":[70,70,70,70,70,70,70,70,70,70,70,70,76,91,91,91,91,91,91,91,91,91,91,91,91,91,91,91,91,91,91,91,91,91,91,91,91,91,91,91,91,91,91,91,91,91,91,91,91,91],"relic_stats":{"Nunchaku":[28],"TheAbacus":[84],"Torii":26,"counters":[20,151],"MealTicket":45,"Juzu Bracelet":3,"Ginger":[12],"Whetstone":["Strike_G","Backstab"],"War Paint":["Malaise","Deflect"],"obtain_stats":[{"Darkstone Periapt":7,"TwistedFunnel":48,"Lantern":21,"construct:RocketBooster":28,"Calipers":42,"Torii":23,"Hallownest:DreamNailRelic":4,"Juzu Bracelet":9,"Ginger":2,"Whetstone":38,"War Paint":40,"Ancient Tea Set":2,"Nunchaku":10,"Hallownest:WatcherSealRelic":19,"Bottled Flame":26,"TheAbacus":28,"HornCleat":43,"WristBlade":17,"MealTicket":25,"Coffee Dripper":34,"Membership Card":25,"Hallownest:TeacherSealRelic":13,"Toy Ornithopter":25,"Ring of the Snake":0},{"Darkstone Periapt":3,"TwistedFunnel":19,"Lantern":8,"construct:RocketBooster":9,"Calipers":16,"Torii":9,"Hallownest:DreamNailRelic":1,"Juzu Bracelet":3,"Ginger":1,"Whetstone":13,"War Paint":14,"Ancient Tea Set":1,"Nunchaku":4,"Hallownest:WatcherSealRelic":8,"Bottled Flame":9,"TheAbacus":9,"HornCleat":16,"WristBlade":7,"MealTicket":9,"Coffee Dripper":11,"Membership Card":9,"Hallownest:TeacherSealRelic":6,"Toy Ornithopter":9,"Ring of the Snake":0},{"Darkstone Periapt":23,"TwistedFunnel":141,"Lantern":61,"construct:RocketBooster":72,"Calipers":125,"Torii":72,"Hallownest:DreamNailRelic":7,"Juzu Bracelet":23,"Ginger":7,"Whetstone":100,"War Paint":109,"Ancient Tea Set":7,"Nunchaku":30,"Hallownest:WatcherSealRelic":61,"Bottled Flame":72,"TheAbacus":72,"HornCleat":125,"WristBlade":51,"MealTicket":72,"Coffee Dripper":87,"Membership Card":72,"Hallownest:TeacherSealRelic":41,"Toy Ornithopter":72,"Ring of the Snake":0}],"Toy Ornithopter":5,"Ring of the Snake":[40]},"card_choices":[{"not_picked":["Sucker Punch","Eviscerate"],"picked":"Caltrops","floor":1.0},{"not_picked":["Dagger Throw","Escape Plan"],"picked":"Noxious Fumes","floor":5.0},{"not_picked":["Escape Plan","Dagger Spray"],"picked":"A Thousand Cuts","floor":7.0},{"not_picked":["Poisoned Stab","Deadly Poison"],"picked":"Backstab","floor":10.0},{"not_picked":["Choke","Sucker Punch"],"picked":"Dodge and Roll","floor":11.0},{"not_picked":["Outmaneuver","Masterful Stab"],"picked":"Blade Dance","floor":12.0},{"not_picked":["Wraith Form v2","Glass Knife"],"picked":"Malaise","floor":16.0},{"not_picked":["Backflip+1","Choke"],"picked":"Infinite Blades","floor":18.0},{"not_picked":["Choke","Underhanded Strike"],"picked":"Sucker Punch","floor":22.0},{"not_picked":["Flying Knee","Poisoned Stab"],"picked":"Dagger Spray","floor":22.0},{"not_picked":["Flechettes","Underhanded Strike"],"picked":"Tools of the Trade","floor":23.0},{"not_picked":["Poisoned Stab","Flying Knee+1"],"picked":"Noxious Fumes","floor":29.0},{"not_picked":["Glass Knife","A Thousand Cuts"],"picked":"Bullet Time","floor":33.0},{"not_picked":["Expertise+1","Sucker Punch+1"],"picked":"Flying Knee","floor":35},{"not_picked":["Slice+1","Prepared"],"picked":"Poisoned Stab","floor":36},{"not_picked":["Riddle With Holes+1","Distraction"],"picked":"Underhanded Strike+1","floor":40},{"not_picked":["Sucker Punch","Slice"],"picked":"Underhanded Strike+1","floor":41},{"not_picked":["Bouncing Flask+1","Noxious Fumes","Sucker Punch+1"],"picked":"SKIP","floor":42},{"not_picked":["Burst","PiercingWail+1"],"picked":"Leg Sweep","floor":46},{"not_picked":["Poisoned Stab","Backstab+1"],"picked":"Calculated Gamble+1","floor":47}],"player_experience":11991,"relics_obtained":[{"floor":7.0,"key":"Darkstone Periapt"},{"floor":9.0,"key":"Juzu Bracelet"},{"floor":10.0,"key":"Nunchaku"},{"floor":23.0,"key":"Torii"},{"floor":26.0,"key":"Bottled Flame"},{"floor":38,"key":"Whetstone"},{"floor":40,"key":"War Paint"},{"floor":42,"key":"Calipers"},{"floor":43,"key":"HornCleat"}],"event_choices":[],"is_beta":false,"boss_relics":[{"not_picked":["Fusion Hammer","Ring of the Serpent"],"picked":"WristBlade"},{"not_picked":["SlaversCollar","SacredBark"],"picked":"Coffee Dripper"}],"items_purged_floors":[25,28,39,48],"is_endless":false,"potions_floor_spawned":[7,12,16,23,29,40,41,46],"ascension_level":0}}