{"host":"i58uscbei3sy5089","time":1609438009,"event":{"mods":["ATMod(°¢èªMod)","Act Like it!","Arknights The Spire","BaseMod","Challenge The Spire","Colored Powertips","Conspire","Infinite Spire","Koishi","Lobotomy","LobotomyExtend","Minty Spire (QoL Compilation)","MostiFishMod","Prisma Mod","Quick Restart","Reimu£¨²©ÀöÁéÃÎ£©","Replay The Spire","Shop Mod","Spicy Shops","StSLib","TestMod","The Alterego","The Construct","UnlockEverythingMod","[IsaacMod]ÒÔÈö¼âËþ","vexMod","¡¾¹¦ÄÜMod¡¿»ìãçÖ®»·ÐÞ¸´²¹¶¡","¡¾ÒÅÎï¿¨ÅÆ¡¿REMEMod","óô»ðÖ¸ÄÏ"],"gold_per_floor":[212,212,15,15,33,33,43,43,43,43,83,98,135,160,160,288,288,288,25,25,25,45,45,68,43,43,43,43,62,101,120,120,232,232,245,267,43,44,63,63,74,86,108,128,128,147,179,180,180,187],"floor_reached":51,"playtime":2384,"items_purged":["SpecialBullet","SpecialBullet","SpecialBullet","SpecialBullet"],"score":1118,"play_id":"13860c46-f0ef-437f-aa20-322da8447b1d","local_time":"20210101020649","is_ascension_mode":true,"campfire_choices":[{"data":"AT_LightSaberMaster","floor":15,"key":"SMITH"},{"data":"Mimicry","floor":23,"key":"SMITH"},{"data":"CUTE","floor":27,"key":"SMITH"},{"data":"Replay:Fractal Strike","floor":32,"key":"SMITH"},{"data":"Soda","floor":40,"key":"SMITH"},{"data":"CUTE","floor":45,"key":"SMITH"},{"data":"infinitespire:UltimateForm","floor":49,"key":"SMITH"}],"circlet_count":0,"master_deck":["SpecialBullet","SpecialBullet","SpecialBullet","AT_EssenceShift","WallGazer","Regret_ego","AT_LightSaberMaster+1","OSAHOGD","Wingbeat","SecurityCode","InformationCode","Soda+1","CUTE+1","Regret_ego","QueenOfHatred","Mimicry+1","CUTE+1","Panache+1","Replay:Fractal Strike+1","BlackArmy","Diffraction","Pinks+1","testmod-Recap+1","Adoration+1","LongBird","CUTE+1","Madness","Madness","TrainingCode","infinitespire:UltimateForm+1"],"relics":["CogitoBucket","RabbitCall","testmod-TestBox","HushsDoor","DaveBox","AT_ATBox","REME_ComplimentaryCards","FeatherPendant","SteamSale","testmod-ObsoleteBoomerang","SynthV:TestCard","LetterFromLob","MerchantsRug","ChiLing","Chi","Ling","Replay:Bottled Flurry","infinitespire:Midas Blood","ats:Originium","testmod-RealStoneCalender","YumHeart","RedLine:ReiMu","PreservedInsect","infinitespire:CheckeredPen","BrkXgEgg","testmod-InjuryResistance","RhineSuit","testmod-Charity","testmod-ConstraintPeriapt","AT_RedTearstoneRing","REME_LimitBreaker"],"acts_visited":["Exordium","TheCity","TheBeyond"],"potions_floor_usage":[],"damage_taken":[{"damage":10,"enemies":"Small Slimes","floor":1,"turns":2},{"damage":0,"enemies":"2 Louse","floor":5,"turns":1},{"damage":3,"enemies":"Jaw Worm","floor":7,"turns":1},{"damage":23,"enemies":"Lagavulin","floor":11,"turns":3},{"damage":2,"enemies":"Exordium Thugs","floor":12,"turns":1},{"damage":1,"enemies":"3 Sentries","floor":13,"turns":2},{"damage":15,"enemies":"Lots of Slimes","floor":14,"turns":3},{"damage":44,"enemies":"The Guardian","floor":16,"turns":5},{"damage":3,"enemies":"Shell Parasite","floor":22,"turns":1},{"damage":3,"enemies":"Spheric Guardian","floor":24,"turns":1},{"damage":23,"enemies":"Centurion and Healer","floor":29,"turns":3},{"damage":5,"enemies":"Gremlin Leader","floor":30,"turns":2},{"damage":2,"enemies":"Snecko","floor":31,"turns":2},{"damage":5,"enemies":"Automaton","floor":33,"turns":3},{"damage":0,"enemies":"Orb Walker","floor":35,"turns":1},{"damage":1,"enemies":"3 Darklings","floor":36,"turns":1},{"damage":0,"enemies":"Transient","floor":39,"turns":5},{"damage":0,"enemies":"4 Shapes","floor":41,"turns":1},{"damage":0,"enemies":"Spire Growth","floor":42,"turns":2},{"damage":6,"enemies":"Transient","floor":44,"turns":4},{"damage":0,"enemies":"4 Shapes","floor":46,"turns":1},{"damage":0,"enemies":"R_Hoarder","floor":47,"turns":2},{"damage":6,"enemies":"Donu and Deca","floor":50,"turns":2},{"damage":0,"enemies":"Malkuth","floor":51,"turns":2},{"damage":30,"enemies":"Yesod","floor":51,"turns":5},{"damage":55,"enemies":"Chesed","floor":51,"turns":4},{"damage":52,"enemies":"Binah","floor":51,"turns":8},{"damage":0,"enemies":"Angela","floor":51,"turns":6}],"seed_played":"1097043663190075916","potions_obtained":[{"floor":7,"key":"SkillPotion"},{"floor":12,"key":"ColorlessPotion"},{"floor":36,"key":"DuplicationPotion"},{"floor":44,"key":"Dexterity Potion"},{"floor":46,"key":"ColorlessPotion"}],"is_trial":false,"path_per_floor":["M","?","$","?","M","R","M","R","T","R","E","M","E","M","R","B",null,"M","$","?","?","M","R","M","?","T","R","AVR","M","E","M","R","B",null,"M","M","$","?","M","R","M","M","T","M","R","M","E","?","R","B",null],"character_chosen":"Angela","items_purchased":["MerchantsRug","ChiLing","AT_LightSaberMaster","Mango","CUTE","Panache","vexMod:PaidLearning","testmod-Recap","Adoration","testmod-Charity","testmod-ConstraintPeriapt"],"campfire_rested":0,"item_purchase_floors":[3,3,3,19,19,19,19,34,34,37,37],"current_hp_per_floor":[60,60,60,60,60,60,65,65,65,65,52,60,70,69,69,55,74,74,88,88,88,88,88,88,88,88,88,88,92,92,92,92,92,78,82,82,84,75,87,87,88,89,90,94,94,95,96,73,73,104],"gold":209,"neow_bonus":"HUNDRED_GOLD","is_daily":false,"chose_seed":false,"campfire_upgraded":7,"win_rate":0.0,"timestamp":1609438009,"path_taken":["M","?","$","?","M","R","?","R","T","R","E","M","E","M","R","BOSS","M","$","?","?","M","R","M","?","T","R","AVR","M","E","M","R","BOSS","M","?","$","?","M","R","M","M","T","M","R","M","E","?","R","BOSS"],"items_purchased_type":["Relic","Relic","Card","Relic","Card","Card","Relic","Card","Card","Relic","Relic"],"build_version":"2020-12-22","purchased_purges":4,"victory":true,"max_hp_per_floor":[70,70,70,70,70,70,70,70,70,70,70,70,70,70,70,74,74,74,88,88,88,88,88,88,88,88,88,88,92,92,92,92,92,78,82,82,84,85,87,87,88,89,90,94,94,95,96,97,97,104],"card_choices":[{"not_picked":["ShyLook","Murderer"],"picked":"WallGazer","floor":1},{"not_picked":["Discord"],"picked":"Regret_ego","floor":1},{"not_picked":["SpiderBud","MHz"],"picked":"OSAHOGD","floor":5},{"not_picked":["TodaysExpression","Amita","FrostShard"],"picked":"Wingbeat","floor":5},{"not_picked":["FrostShard","TodaysExpression","Reverberation"],"picked":"Soda","floor":7},{"not_picked":["Hypocrisy","GrinderMk4","BearPaw"],"picked":"CUTE","floor":11},{"not_picked":["Spore","Loneliness","Horn"],"picked":"Regret_ego","floor":12},{"not_picked":["Tough","Logging","FeatherOfHonor"],"picked":"Bomb","floor":13},{"not_picked":["CUTE","Logging","SomewhereSpear"],"picked":"Bomb","floor":14},{"not_picked":["Mercenary","Wellcheers"],"picked":"QueenOfHatred","floor":16},{"not_picked":["Justitia","CENSORED_ego","SoundOfStar"],"picked":"Mimicry","floor":16},{"not_picked":["Noise","Hypocrisy","Penitence","RedEyes"],"picked":"SKIP","floor":22},{"not_picked":["Reverberation+1","TheSmile","RedEyes","Harvest+1"],"picked":"SKIP","floor":24},{"not_picked":["BigBadWolf","Variant"],"picked":"BlackArmy","floor":29},{"not_picked":["TodaysExpression+1","GrinderMk4","RapturousDream","Horn+1"],"picked":"SKIP","floor":29},{"not_picked":["Spore","InTheNameOfLoveAndHate+1","RedEyes+1"],"picked":"Diffraction","floor":30},{"not_picked":["RedEyes","CherryBlossom","Horn","Ecstasy"],"picked":"SKIP","floor":31},{"not_picked":["ParadiseLost+1","TheSmile+1","Justitia+1"],"picked":"Pinks+1","floor":33},{"not_picked":["QueenBee","Scarecrow"],"picked":"LongBird","floor":35},{"not_picked":["MagicBullet+1","Penitence","Discord+1"],"picked":"CUTE","floor":35},{"not_picked":["LifeForTheDareDevil+1","Beak","RedEyes+1","Horn"],"picked":"SKIP","floor":36},{"not_picked":["Hornet+1","Christmas+1","Loneliness+1","Twilight+1"],"picked":"SKIP","floor":39},{"not_picked":["MagicBullet+1","RapturousDream+1","Beak","CrimsonScar+1"],"picked":"SKIP","floor":41},{"not_picked":["Logging","TodaysExpression","ScreamingWedge","CherryBlossom"],"picked":"SKIP","floor":42},{"not_picked":["Wingbeat","WristCuter","Pleasure","CherryBlossom"],"picked":"SKIP","floor":44},{"not_picked":["BlackSwan_ego+1","GrinderMk4","Tough","Amita"],"picked":"SKIP","floor":46},{"not_picked":["FrostShard","FeatherOfHonor","Regret_ego+1","Noise"],"picked":"SKIP","floor":47},{"not_picked":["infinitespire:Collect","ReplayTheSpireMod:Haul"],"picked":"infinitespire:UltimateForm","floor":48}],"player_experience":686773,"relics_obtained":[{"floor":1,"key":"SynthV:TestCard"},{"floor":1,"key":"LetterFromLob"},{"floor":9,"key":"infinitespire:Midas Blood"},{"floor":11,"key":"ats:Originium"},{"floor":11,"key":"testmod-RealStoneCalender"},{"floor":13,"key":"ats:Originium"},{"floor":13,"key":"YumHeart"},{"floor":26,"key":"infinitespire:CheckeredPen"},{"floor":30,"key":"testmod-InjuryResistance"},{"floor":30,"key":"ats:Originium"},{"floor":43,"key":"AT_RedTearstoneRing"},{"floor":47,"key":"REME_LimitBreaker"}],"event_choices":[{"cards_removed":["AT_EssenceShift"],"damage_healed":0,"gold_gain":0,"player_choice":"Gave Card","damage_taken":0,"relics_obtained":["Replay:Bottled Flurry"],"max_hp_gain":0,"max_hp_loss":0,"event_name":"WeMeetAgain","floor":4,"gold_loss":0},{"cards_removed":["SpecialBullet"],"damage_healed":0,"gold_gain":0,"player_choice":"Elegance","damage_taken":0,"max_hp_gain":0,"max_hp_loss":0,"event_name":"Back to Basics","floor":20,"gold_loss":0},{"damage_healed":0,"gold_gain":0,"player_choice":"Embrace Madness","damage_taken":11,"max_hp_gain":0,"max_hp_loss":0,"event_name":"Winding Halls","floor":38,"gold_loss":0,"cards_obtained":["Madness","Madness"]}],"is_beta":false,"boss_relics":[{"not_picked":["Runic Pyramid","testmod-DreamHouse"],"picked":"RedLine:ReiMu"},{"not_picked":[]},{"not_picked":["conspire:SlowCooker","ChewingGum"],"picked":"RhineSuit"},{"not_picked":[]}],"items_purged_floors":[19,28,34,37],"is_endless":false,"potions_floor_spawned":[7,12,22,31,36,44,46],"ascension_level":4}}