{"host":"37dk0reb6x0du8wx","time":1609404930,"event":{"mods":["BaseMod","Colored Map","DeckTracker","Minty Spire (QoL Compilation)","Quick Restart","StSLib","SuperFastMode","The Dragon Tamer"],"gold_per_floor":[118,68,68,78,78,78,105,105,131,131,175,175,175,195,195,319,319,340,75,75,174,188,188,227,248,271,283,313,325,366,401,413,523,535,559,581,642,654,211,211,211],"floor_reached":40,"playtime":1378,"items_purged":["Strike_B","Strike_B"],"score":527,"play_id":"82c4a577-9325-4488-aebf-34ea4b1102a3","local_time":"20201231175530","is_ascension_mode":true,"campfire_choices":[{"data":"Auto Shields","floor":6,"key":"SMITH"},{"floor":10,"key":"REST"},{"data":"Auto Shields","floor":13,"key":"SMITH"},{"floor":15,"key":"REST"},{"data":"Capacitor","floor":23,"key":"SMITH"},{"floor":27,"key":"REST"},{"data":"Electrodynamics","floor":32,"key":"SMITH"}],"circlet_count":0,"master_deck":["Defend_B","Defend_B+1","Defend_B","Defend_B","Zap+1","Dualcast","Auto Shields+1","Auto Shields+1","Leap","Electrodynamics+1","Conserve Battery","Capacitor+1","Zap+1","Auto Shields+1","Ball Lightning+1","Leap+1","Redo+1","Auto Shields+1","Static Discharge","Conserve Battery","Redo"],"relics":["Cracked Core","NeowsBlessing","Thread and Needle","Bloody Idol","Lantern","Bottled Lightning","Philosopher\u0027s Stone","DollysMirror","TungstenRod","MawBank","Pantograph","Art of War","Sozu","Bird Faced Urn","Prayer Wheel"],"acts_visited":["Exordium","TheCity","TheBeyond"],"potions_floor_usage":[],"damage_taken":[{"damage":0,"enemies":"Jaw Worm","floor":1,"turns":1},{"damage":0,"enemies":"2 Louse","floor":4,"turns":1},{"damage":0,"enemies":"3 Sentries","floor":7,"turns":1},{"damage":0,"enemies":"Lagavulin","floor":11,"turns":9},{"damage":0,"enemies":"Small Slimes","floor":14,"turns":4},{"damage":78,"enemies":"Hexaghost","floor":16,"turns":19},{"damage":17,"enemies":"Spheric Guardian","floor":18,"turns":8},{"damage":5,"enemies":"Shell Parasite","floor":22,"turns":12},{"damage":17,"enemies":"Gremlin Leader","floor":24,"turns":9},{"damage":8,"enemies":"Chosen and Byrds","floor":25,"turns":7},{"damage":0,"enemies":"Centurion and Healer","floor":28,"turns":8},{"damage":6,"enemies":"Book of Stabbing","floor":30,"turns":7},{"damage":36,"enemies":"Collector","floor":33,"turns":12},{"damage":3,"enemies":"3 Darklings","floor":35,"turns":3},{"damage":1,"enemies":"Orb Walker","floor":36,"turns":3},{"damage":44,"enemies":"2 Orb Walkers","floor":37,"turns":6},{"damage":67,"enemies":"Nemesis","floor":40,"turns":10}],"seed_played":"-4522559261427265168","potions_obtained":[{"floor":4,"key":"AttackPotion"},{"floor":22,"key":"FocusPotion"},{"floor":28,"key":"BlessingOfTheForge"}],"is_trial":false,"path_per_floor":["M","?","?","M","?","R","E","?","T","R","E","?","R","M","R","B",null,"M","$","?","?","M","R","E","M","T","R","M","?","E","T","R","B",null,"M","M","?","?","$","E"],"character_chosen":"DEFECT","items_purchased":["Capacitor","DollysMirror","Prayer Wheel","Redo"],"campfire_rested":3,"item_purchase_floors":[19,19,39,39],"current_hp_per_floor":[75,75,60,60,53,53,53,35,35,57,57,62,62,62,80,2,80,63,63,63,63,58,58,41,33,33,57,57,57,61,71,76,49,80,80,80,41,46,51,0,0],"gold":211,"neow_bonus":"THREE_ENEMY_KILL","is_daily":false,"chose_seed":false,"campfire_upgraded":4,"win_rate":0.0,"timestamp":1609404930,"path_taken":["M","?","?","M","?","R","E","?","T","R","E","?","R","M","R","BOSS","M","$","?","?","?","R","E","M","T","R","M","?","E","?","R","BOSS","M","M","?","?","$","E"],"items_purchased_type":["Card","Relic","Relic","Card"],"build_version":"2020-12-22","purchased_purges":2,"victory":false,"max_hp_per_floor":[75,75,75,75,75,75,75,75,75,75,75,80,80,80,80,80,80,80,80,80,80,80,80,80,80,80,80,80,80,80,80,80,80,80,80,80,80,80,80,80,80],"card_choices":[{"not_picked":["Barrage","Auto Shields","Heatsinks"],"picked":"SKIP","floor":1},{"not_picked":["Barrage","Heatsinks"],"picked":"Auto Shields","floor":1},{"not_picked":["Sweeping Beam","Heatsinks","Hologram"],"picked":"SKIP","floor":4},{"not_picked":["Self Repair","Hologram"],"picked":"Auto Shields","floor":7},{"not_picked":["Leap","Chill","Go for the Eyes"],"picked":"SKIP","floor":11},{"not_picked":["Chill","Go for the Eyes"],"picked":"Leap","floor":11},{"not_picked":["Rebound","Beam Cell","Go for the Eyes"],"picked":"SKIP","floor":14},{"not_picked":["Biased Cognition","Fission"],"picked":"Electrodynamics","floor":16},{"not_picked":["Stack","Turbo"],"picked":"Conserve Battery","floor":18},{"not_picked":["Steam","White Noise"],"picked":"Auto Shields+1","floor":22},{"not_picked":["White Noise+1","Reprogram+1"],"picked":"Ball Lightning+1","floor":24},{"not_picked":["Reboot","Barrage"],"picked":"Leap+1","floor":25},{"not_picked":["Cold Snap","Stack"],"picked":"Redo+1","floor":28},{"not_picked":["Beam Cell","Cold Snap"],"picked":"Auto Shields+1","floor":30},{"not_picked":["Recycle","Auto Shields"],"picked":"Static Discharge","floor":35},{"not_picked":["Redo","Barrage"],"picked":"Conserve Battery","floor":36}],"player_experience":96862,"relics_obtained":[{"floor":7,"key":"Thread and Needle"},{"floor":9,"key":"Lantern"},{"floor":11,"key":"Bottled Lightning"},{"floor":24,"key":"TungstenRod"},{"floor":26,"key":"MawBank"},{"floor":30,"key":"Pantograph"},{"floor":31,"key":"Art of War"},{"floor":37,"key":"Bird Faced Urn"}],"event_choices":[{"cards_removed":["Strike_B"],"damage_healed":0,"gold_gain":0,"player_choice":"Card Removal","damage_taken":0,"max_hp_gain":0,"max_hp_loss":0,"event_name":"The Cleric","floor":2,"gold_loss":50},{"damage_healed":0,"gold_gain":0,"player_choice":"Entered Light","damage_taken":15,"max_hp_gain":0,"max_hp_loss":0,"event_name":"Shining Light","floor":3,"gold_loss":0,"cards_upgraded":["Zap","Defend_B"]},{"cards_removed":["Strike_B"],"damage_healed":0,"gold_gain":0,"player_choice":"Card Removal","damage_taken":7,"max_hp_gain":0,"max_hp_loss":0,"event_name":"Golden Wing","floor":5,"gold_loss":0},{"damage_healed":0,"gold_gain":0,"player_choice":"Take Damage","damage_taken":18,"relics_obtained":["Golden Idol"],"max_hp_gain":0,"max_hp_loss":0,"event_name":"Golden Idol","floor":8,"gold_loss":0},{"damage_healed":0,"gold_gain":0,"player_choice":"Donut","damage_taken":0,"max_hp_gain":5,"max_hp_loss":0,"event_name":"Big Fish","floor":12,"gold_loss":0},{"damage_healed":0,"gold_gain":0,"player_choice":"Ignored","damage_taken":0,"max_hp_gain":0,"max_hp_loss":0,"event_name":"Ghosts","floor":20,"gold_loss":0},{"damage_healed":0,"gold_gain":99,"player_choice":"Stole From Cult","damage_taken":0,"max_hp_gain":0,"max_hp_loss":0,"event_name":"Nest","floor":21,"gold_loss":0},{"damage_healed":0,"gold_gain":0,"player_choice":"Gave Idol","damage_taken":0,"relics_obtained":["Bloody Idol"],"max_hp_gain":0,"max_hp_loss":0,"event_name":"Forgotten Altar","floor":29,"relics_lost":["Golden Idol"],"gold_loss":0},{"damage_healed":0,"gold_gain":0,"player_choice":"Fight","damage_taken":0,"max_hp_gain":0,"max_hp_loss":0,"event_name":"Mysterious Sphere","floor":37,"gold_loss":0},{"damage_healed":0,"gold_gain":0,"player_choice":"Ignored","damage_taken":0,"max_hp_gain":0,"max_hp_loss":0,"event_name":"Tomb of Lord Red Mask","floor":38,"gold_loss":0}],"is_beta":false,"boss_relics":[{"not_picked":["Busted Crown","Cursed Key"],"picked":"Philosopher\u0027s Stone"},{"not_picked":["Runic Pyramid","FrozenCore"],"picked":"Sozu"}],"items_purged_floors":[19,39],"is_endless":false,"potions_floor_spawned":[4,22,28,30,35,37],"killed_by":"Nemesis","ascension_level":1}}