{"host":"h3yie3u3olngyjol","time":1609391797,"event":{"mods":["BaseMod","Colored Powertips","Downfall","Highlight Path","Infinite Spire","Lobotomy","LobotomyExtend","Marked Mod","Minty Spire (QoL Compilation)","Prisma Mod","Replay The Spire","RumiaBox-露米娅的神秘盒子","Shop Mod","StSLib","The Hierophant","The Runesmith","vexMod"],"gold_per_floor":[99,119,138,138,155,180,248,248,5,38,51,51,51,66,81,177,177,177,177,177,177],"floor_reached":19,"playtime":768,"items_purged":["Slimebound:Defend_Slimebound"],"score":204,"play_id":"692b549b-1c9d-4ac3-ac38-f076e7aa8119","local_time":"20201231131637","is_ascension_mode":true,"campfire_choices":[{"data":"Slimebound:Split","floor":1.0,"key":"SMITH"},{"data":"Slimebound:RainOfGoop","floor":8.0,"key":"SMITH"},{"data":"Slimebound:CorrosiveSpit","floor":12,"key":"SMITH"},{"floor":18,"key":"DIG"}],"circlet_count":0,"master_deck":["Slimebound:Strike_Slimebound+1","Slimebound:Strike_Slimebound","Slimebound:Strike_Slimebound","Slimebound:Tackle+1","Slimebound:Defend_Slimebound","Slimebound:Defend_Slimebound","Slimebound:Defend_Slimebound","Slimebound:Split+1","Slimebound:CorrosiveSpit+1","Slimebound:PressTheAttack","Slimebound:LevelUp","Slimebound:RainOfGoop+1","Slimebound:SlimeTap","Slimebound:ViciousTackle","Slimebound:GoopSpray","Slimebound:LeechLife"],"relics":["Whetstone","LetterFromLob","infinitespire:Beetle Shell","Bronze Scales","infinitespire:Satchel","m_BurningSludge","SlaversCollar","Ancient Tea Set"],"acts_visited":["Exordium","TheCity"],"potions_floor_usage":[10,10,15],"damage_taken":[{"damage":0.0,"enemies":"2 Louse","floor":2.0,"turns":2.0},{"damage":15.0,"enemies":"Jaw Worm","floor":3.0,"turns":3.0},{"damage":13.0,"enemies":"Small Slimes","floor":5.0,"turns":3.0},{"damage":16.0,"enemies":"Gremlin Nob","floor":6.0,"turns":3.0},{"damage":13.0,"enemies":"downfall:FleeingMerchant","floor":9.0,"turns":4.0},{"damage":34,"enemies":"Lagavulin","floor":10,"turns":3},{"damage":19,"enemies":"3 Louse","floor":11,"turns":2},{"damage":12,"enemies":"2 Fungi Beasts","floor":14,"turns":2},{"damage":8,"enemies":"Gremlin Gang","floor":15,"turns":3},{"damage":36,"enemies":"downfall:Watcher","floor":16,"turns":4}],"seed_played":"-6542112890239324387","potions_obtained":[{"floor":3.0,"key":"EntropicBrew"},{"floor":6.0,"key":"champ:CounterPotion"},{"floor":14,"key":"Guardian:BlockOnCardUsePotion"},{"floor":15,"key":"Energy Potion"}],"is_trial":false,"path_per_floor":["R","M","M","?","M","E","T","R","$","E","M","R","?","M","M","B",null,"R","M"],"character_chosen":"SLIMEBOUND","items_purchased":["Bronze Scales"],"campfire_rested":0,"item_purchase_floors":[9],"current_hp_per_floor":[60,60,60,60,59,59,59,59,60,45,42,42,42,42,44,18,60,60,0,0,0],"gold":177,"neow_bonus":"RANDOM_COMMON_RELIC","is_daily":false,"chose_seed":false,"campfire_upgraded":3,"win_rate":0.0,"timestamp":1609391797,"path_taken":["R","M","M","?","M","E","T","R","$","E","M","R","?","M","M","BOSS","R","M"],"items_purchased_type":["Relic"],"build_version":"2020-12-22","purchased_purges":1,"victory":false,"max_hp_per_floor":[60,60,60,60,60,60,60,60,60,60,60,60,60,60,60,60,60,60,1,1,1],"card_choices":[{"not_picked":["Slimebound:SlimeBrawl","Slimebound:SplitMire"],"picked":"Slimebound:PressTheAttack","floor":2.0},{"not_picked":["Slimebound:SplitBruiser","Slimebound:FinishingTackle","Slimebound:GrowthPunch"],"picked":"SKIP","floor":3.0},{"not_picked":["Slimebound:Equalize","Slimebound:SplitLeeching"],"picked":"Slimebound:LevelUp","floor":5.0},{"not_picked":["Slimebound:ViciousTackle","Slimebound:SlimeSpikes"],"picked":"Slimebound:RainOfGoop","floor":6.0},{"not_picked":["Slimebound:ComboTackle","Slimebound:LeechingTouch","Slimebound:SlimeBrawl"],"picked":"SKIP","floor":9.0},{"not_picked":["Slimebound:MassRepurpose","Slimebound:SplitBruiser","Slimebound:FinishingTackle"],"picked":"SKIP","floor":10},{"not_picked":["Slimebound:SplitLeeching","Slimebound:SplitBruiser"],"picked":"Slimebound:SlimeTap","floor":11},{"not_picked":["Slimebound:ComboTackle","Slimebound:FinishingTackle"],"picked":"Slimebound:ViciousTackle","floor":14},{"not_picked":["Slimebound:LeechEnergy","Slimebound:ComboTackle"],"picked":"Slimebound:GoopSpray","floor":15},{"not_picked":["Slimebound:DouseInSlime","Slimebound:Teamwork"],"picked":"Slimebound:LeechLife","floor":16}],"player_experience":448298,"relics_obtained":[{"floor":2.0,"key":"LetterFromLob"},{"floor":6.0,"key":"infinitespire:Beetle Shell"},{"floor":10,"key":"infinitespire:Satchel"},{"floor":18,"key":"Ancient Tea Set"}],"event_choices":[],"is_beta":false,"boss_relics":[{"not_picked":["vexMod:NewClearReactor","infinitespire:Cupcake"],"picked":"SlaversCollar"}],"items_purged_floors":[9],"is_endless":false,"potions_floor_spawned":[3,6,14,15],"ascension_level":3}}