{"host":"8by3m8mve9y2rhh4","time":1609377273,"event":{"mods":["BaseMod","Minty Spire (QoL Compilation)","Quick Restart"],"gold_per_floor":[99,99,99,54,54,54,54,54,54,16,16,16,16,16,16,16,16,16,16,16,16,16,16,16,16,16,16,16,16,16,16,16,16,16],"floor_reached":33,"playtime":1445,"items_purged":[],"score":345,"play_id":"d505e513-756b-4221-8879-24df48feb853","local_time":"20201231011433","is_ascension_mode":true,"campfire_choices":[{"data":"Catalyst","floor":6,"key":"SMITH"},{"floor":11,"key":"RECALL"},{"floor":15,"key":"REST"},{"floor":30,"key":"REST"},{"floor":32,"key":"REST"}],"circlet_count":0,"master_deck":["Strike_G","Strike_G","Strike_G","Strike_G","Strike_G","Defend_G","Defend_G","Defend_G","Defend_G","Defend_G","Survivor","Neutralize","Escape Plan","Catalyst+1","Deadly Poison","Dodge and Roll","Deadly Poison","Blur","Infinite Blades","Noxious Fumes","Well Laid Plans","Venomology","Deflect","Footwork","Footwork+1","Bouncing Flask"],"relics":["Ectoplasm","Pen Nib","PreservedInsect","Omamori","WristBlade","Singing Bowl","Sundial","Regal Pillow","TungstenRod","Vajra"],"acts_visited":["Exordium","TheCity"],"potions_floor_usage":[7,7,12,20,20,23,24,25,25,28,28,31,31],"damage_taken":[{"damage":2,"enemies":"2 Louse","floor":1,"turns":4},{"damage":0,"enemies":"Cultist","floor":2,"turns":3},{"damage":0,"enemies":"Jaw Worm","floor":3,"turns":5},{"damage":0,"enemies":"Looter","floor":4,"turns":4},{"damage":0,"enemies":"3 Louse","floor":5,"turns":4},{"damage":11,"enemies":"3 Sentries","floor":7,"turns":9},{"damage":10,"enemies":"Lots of Slimes","floor":12,"turns":4},{"damage":4,"enemies":"Large Slime","floor":13,"turns":5},{"damage":4,"enemies":"Red Slaver","floor":14,"turns":4},{"damage":10,"enemies":"The Guardian","floor":16,"turns":7},{"damage":10,"enemies":"Chosen","floor":18,"turns":6},{"damage":2,"enemies":"3 Byrds","floor":20,"turns":4},{"damage":15,"enemies":"Snake Plant","floor":22,"turns":4},{"damage":16,"enemies":"Slavers","floor":23,"turns":4},{"damage":23,"enemies":"Snecko","floor":24,"turns":7},{"damage":2,"enemies":"Book of Stabbing","floor":25,"turns":5},{"damage":13,"enemies":"Gremlin Leader","floor":28,"turns":8},{"damage":48,"enemies":"Slavers","floor":31,"turns":6},{"damage":46,"enemies":"Automaton","floor":33,"turns":6}],"seed_played":"-1104315831075986087","potions_obtained":[{"floor":1,"key":"Swift Potion"},{"floor":2,"key":"AttackPotion"},{"floor":5,"key":"LiquidMemories"},{"floor":22,"key":"AttackPotion"},{"floor":23,"key":"ColorlessPotion"},{"floor":25,"key":"Regen Potion"}],"is_trial":false,"path_per_floor":["M","M","M","M","M","R","E","?","T","$","R","M","M","M","R","B",null,"M","?","M","$","M","E","M","E","T","$","E","?","R","E","R","B"],"character_chosen":"THE_SILENT","items_purchased":["Infinite Blades"],"campfire_rested":3,"item_purchase_floors":[10],"current_hp_per_floor":[68,68,68,68,68,68,57,54,54,54,54,44,40,36,57,47,70,60,70,68,68,53,37,16,16,16,16,18,18,55,7,44,0,0],"gold":16,"neow_bonus":"BOSS_RELIC","is_daily":false,"chose_seed":false,"campfire_upgraded":1,"win_rate":0.0,"timestamp":1609377273,"path_taken":["M","M","M","M","M","R","E","?","T","$","R","M","M","M","R","BOSS","M","?","M","?","?","E","M","E","T","$","E","?","R","E","R","BOSS"],"items_purchased_type":["Card"],"build_version":"2020-12-22","purchased_purges":0,"victory":false,"max_hp_per_floor":[70,70,70,70,70,70,70,70,70,70,70,70,70,70,70,70,70,70,70,70,70,70,70,72,74,74,74,74,74,74,74,74,74,74],"card_choices":[{"not_picked":["Predator","Sucker Punch"],"picked":"Escape Plan","floor":1},{"not_picked":["Quick Slash","Prepared"],"picked":"Catalyst","floor":2},{"not_picked":["Quick Slash","Underhanded Strike"],"picked":"Deadly Poison","floor":3},{"not_picked":["Choke","Sucker Punch"],"picked":"Dodge and Roll","floor":4},{"not_picked":["Expertise","Flying Knee"],"picked":"Deadly Poison","floor":5},{"not_picked":["Crippling Poison","Leg Sweep"],"picked":"Blur","floor":7},{"not_picked":["Dagger Throw","Flechettes","Tactician"],"picked":"SKIP","floor":12},{"not_picked":["Flying Knee","Outmaneuver"],"picked":"Noxious Fumes","floor":13},{"not_picked":["Prepared","Envenom"],"picked":"Well Laid Plans","floor":14},{"not_picked":["Wraith Form v2","Night Terror"],"picked":"Venomology","floor":16},{"not_picked":["Distraction","Sucker Punch"],"picked":"Crippling Poison","floor":18},{"not_picked":["Slice","Choke"],"picked":"Deflect","floor":20},{"not_picked":["Acrobatics+1","Slice","Phantasmal Killer"],"picked":"SKIP","floor":22},{"not_picked":["Sucker Punch","Dagger Throw+1"],"picked":"Footwork","floor":23},{"not_picked":["Slice","Blur","Reflex"],"picked":"Singing Bowl","floor":24},{"not_picked":["Quick Slash","Concentrate","Calculated Gamble"],"picked":"Singing Bowl","floor":25},{"not_picked":["Prepared+1","Escape Plan"],"picked":"Footwork+1","floor":28},{"not_picked":["Dodge and Roll+1","Skewer"],"picked":"Bouncing Flask","floor":31}],"player_experience":625619,"relics_obtained":[{"floor":7,"key":"Pen Nib"},{"floor":9,"key":"Omamori"},{"floor":23,"key":"Singing Bowl"},{"floor":25,"key":"Sundial"},{"floor":26,"key":"Regal Pillow"},{"floor":28,"key":"TungstenRod"},{"floor":31,"key":"Vajra"}],"event_choices":[{"damage_healed":0,"gold_gain":0,"player_choice":"Success","damage_taken":3,"relics_obtained":["PreservedInsect"],"max_hp_gain":0,"max_hp_loss":0,"event_name":"Scrap Ooze","floor":8,"gold_loss":0},{"cards_removed":["Crippling Poison"],"damage_healed":10,"gold_gain":0,"player_choice":"Offered Uncommon","damage_taken":0,"max_hp_gain":0,"max_hp_loss":0,"event_name":"Bonfire Elementals","floor":19,"gold_loss":0},{"damage_healed":0,"gold_gain":99,"player_choice":"Stole From Cult","damage_taken":0,"max_hp_gain":0,"max_hp_loss":0,"event_name":"Nest","floor":29,"gold_loss":0}],"is_beta":false,"boss_relics":[{"not_picked":["Snecko Eye","Velvet Choker"],"picked":"WristBlade"}],"items_purged_floors":[],"is_endless":false,"potions_floor_spawned":[1,2,5,22,23,25],"killed_by":"Automaton","ascension_level":1}}