{"host":"359hz4210ybch7ku","time":1609383598,"event":{"mods":["BaseMod","Block Reminder","Colored Map","Colored Powertips","Highlight Path","Minty Spire (QoL Compilation)","Slay the Relics Exporter","StSLib"],"gold_per_floor":[111,127,139,139,156,185,185,196,244,244,254,317,357,389,389,513,513,531,551,563,583,32,58,72,85,138,138,138,85,85,116,116,213,213,224,243,243,255,268,293,293,304,353,20,20,20],"floor_reached":45,"playtime":7483,"items_purged":["EmptyFist+1"],"score":526,"play_id":"110c1508-d4ab-44bd-806d-97146ebb91a8","local_time":"20201230185958","is_ascension_mode":false,"campfire_choices":[{"data":"ForeignInfluence","floor":7,"key":"SMITH"},{"data":"Protect","floor":10,"key":"SMITH"},{"data":"LikeWater","floor":15,"key":"SMITH"},{"data":"Alpha","floor":32,"key":"SMITH"}],"circlet_count":0,"master_deck":["Strike_P+1","Strike_P+1","Strike_P+1","Strike_P+1","Defend_P+1","Defend_P+1","Eruption+1","Vigilance+1","Evaluate+1","FollowUp+1","LikeWater+1","Protect+1","ForeignInfluence+1","Halt+1","Consecrate+1","Meditate+1","ClearTheMind+1","Alpha+1","Consecrate+1","LikeWater+1","FollowUp+1","EmptyBody+1","FearNoEvil+1","ClearTheMind+1","MentalFortress+1","EmptyFist+1","Evaluate+1","InnerPeace+1","Judgement+1","Consecrate+1","LikeWater+1","Crescendo","LikeWater"],"relics":["HolyWater","Bag of Preparation","Pear","Potion Belt","Blood Vial","Du-Vu Doll","Thread and Needle","Meat on the Bone","Juzu Bracelet","Bronze Scales","Kunai","Black Star","Mark of the Bloom","White Beast Statue","Strawberry","CeramicFish","Akabeko"],"acts_visited":["Exordium","TheCity","TheBeyond"],"potions_floor_usage":[12,16,18,21,25,33,36,36,40,45],"damage_taken":[{"damage":0,"enemies":"Cultist","floor":1,"turns":2},{"damage":0,"enemies":"Small Slimes","floor":2,"turns":3},{"damage":3,"enemies":"Jaw Worm","floor":3,"turns":4},{"damage":0,"enemies":"Large Slime","floor":5,"turns":4},{"damage":26,"enemies":"Gremlin Nob","floor":6,"turns":3},{"damage":0,"enemies":"Exordium Wildlife","floor":8,"turns":4},{"damage":0,"enemies":"Exordium Thugs","floor":11,"turns":4},{"damage":14,"enemies":"Lagavulin Event","floor":12,"turns":4},{"damage":6,"enemies":"Blue Slaver","floor":13,"turns":2},{"damage":11,"enemies":"3 Sentries","floor":14,"turns":7},{"damage":3,"enemies":"Slime Boss","floor":16,"turns":6},{"damage":0,"enemies":"Shell Parasite","floor":18,"turns":4},{"damage":3,"enemies":"3 Byrds","floor":19,"turns":6},{"damage":5,"enemies":"3 Cultists","floor":20,"turns":3},{"damage":33,"enemies":"Cultist and Chosen","floor":21,"turns":5},{"damage":25,"enemies":"Gremlin Leader","floor":23,"turns":5},{"damage":4,"enemies":"Shelled Parasite and Fungi","floor":24,"turns":5},{"damage":7,"enemies":"Chosen and Byrds","floor":25,"turns":6},{"damage":4,"enemies":"Slavers","floor":31,"turns":5},{"damage":25,"enemies":"Automaton","floor":33,"turns":7},{"damage":29,"enemies":"Orb Walker","floor":35,"turns":5},{"damage":1,"enemies":"3 Darklings","floor":36,"turns":5},{"damage":8,"enemies":"4 Shapes","floor":38,"turns":4},{"damage":27,"enemies":"Sphere and 2 Shapes","floor":39,"turns":4},{"damage":5,"enemies":"Giant Head","floor":40,"turns":10},{"damage":0,"enemies":"Jaw Worm Horde","floor":42,"turns":3},{"damage":9,"enemies":"4 Shapes","floor":45,"turns":1}],"seed_played":"2907903034117792430","potions_obtained":[{"floor":3,"key":"LiquidMemories"},{"floor":5,"key":"BottledMiracle"},{"floor":11,"key":"Weak Potion"},{"floor":14,"key":"BottledMiracle"},{"floor":21,"key":"FearPotion"},{"floor":23,"key":"Dexterity Potion"},{"floor":24,"key":"Block Potion"},{"floor":25,"key":"Dexterity Potion"},{"floor":31,"key":"SpeedPotion"},{"floor":38,"key":"SteroidPotion"},{"floor":42,"key":"Fire Potion"}],"is_trial":false,"path_per_floor":["M","M","M","?","M","E","R","M","T","R","M","?","M","E","R","B",null,"M","M","M","M","$","E","M","M","T","?","?","$","?","E","R","B",null,"M","M","?","M","M","E","?","M","T","$","M"],"character_chosen":"WATCHER","items_purchased":["Thread and Needle","Meat on the Bone","EmptyFist","Akabeko","Block Potion","LikeWater"],"campfire_rested":0,"item_purchase_floors":[22,22,29,44,44,44],"current_hp_per_floor":[65,65,62,59,59,43,43,43,43,43,43,29,25,16,16,15,75,75,72,69,38,38,27,37,44,44,28,28,28,28,38,38,27,75,46,47,47,39,12,7,7,7,7,7,0,0],"gold":20,"neow_bonus":"REMOVE_TWO","is_daily":false,"chose_seed":false,"campfire_upgraded":4,"win_rate":0.0,"timestamp":1609383598,"path_taken":["M","?","M","?","M","E","R","M","T","R","M","?","M","E","R","BOSS","M","M","M","M","$","E","M","M","T","?","?","$","?","E","R","BOSS","M","M","?","M","M","E","?","M","T","$","M"],"items_purchased_type":["Relic","Relic","Card","Relic","Potion","Card"],"build_version":"2020-12-22","purchased_purges":1,"victory":false,"max_hp_per_floor":[65,65,65,65,65,75,75,75,75,75,75,75,75,75,75,75,75,75,75,75,75,75,75,75,75,75,75,75,75,75,75,75,75,75,75,75,75,75,75,82,82,82,82,82,82,82],"card_choices":[{"not_picked":["CrushJoints","Consecrate"],"picked":"Evaluate","floor":1},{"not_picked":["Study","BowlingBash"],"picked":"FollowUp","floor":2},{"not_picked":["MentalFortress","FlyingSleeves"],"picked":"LikeWater","floor":3},{"not_picked":["JustLucky","Tantrum"],"picked":"Protect","floor":5},{"not_picked":["Swivel","Prostrate"],"picked":"ForeignInfluence","floor":6},{"not_picked":["PathToVictory","FlyingSleeves"],"picked":"Halt","floor":8},{"not_picked":["Weave","SignatureMove","Brilliance"],"picked":"SKIP","floor":11},{"not_picked":["Crescendo","CrushJoints"],"picked":"Consecrate","floor":12},{"not_picked":["SashWhip","Study"],"picked":"Meditate","floor":13},{"not_picked":["ThirdEye","FlurryOfBlows"],"picked":"ClearTheMind","floor":14},{"not_picked":["Devotion","Vault"],"picked":"Alpha","floor":16},{"not_picked":["BowlingBash+1","EmptyMind"],"picked":"Consecrate+1","floor":18},{"not_picked":["EmptyBody","FlyingSleeves+1"],"picked":"LikeWater+1","floor":19},{"not_picked":["Meditate","Halt"],"picked":"FollowUp","floor":20},{"not_picked":["EmptyFist","Fasting2"],"picked":"EmptyBody","floor":21},{"not_picked":["Wireheading+1","Fasting2"],"picked":"FearNoEvil","floor":23},{"not_picked":["PathToVictory","FlyingSleeves"],"picked":"ClearTheMind+1","floor":24},{"not_picked":["ReachHeaven","Establishment"],"picked":"MentalFortress","floor":25},{"not_picked":["BowlingBash+1","SpiritShield"],"picked":"InnerPeace","floor":31},{"not_picked":["DevaForm","Omniscience"],"picked":"Judgement","floor":33},{"not_picked":["PathToVictory+1","ThirdEye+1"],"picked":"CutThroughFate+1","floor":35},{"not_picked":["BowlingBash+1","Judgement"],"picked":"Consecrate","floor":36},{"not_picked":["DeceiveReality","Evaluate"],"picked":"EmptyFist+1","floor":38},{"not_picked":["FlyingSleeves+1","Consecrate"],"picked":"LikeWater+1","floor":39},{"not_picked":["EmptyBody","Judgement","CrushJoints+1"],"picked":"SKIP","floor":40},{"not_picked":["ClearTheMind+1","Halt"],"picked":"Crescendo","floor":42}],"player_experience":81595,"relics_obtained":[{"floor":6,"key":"Pear"},{"floor":9,"key":"Potion Belt"},{"floor":12,"key":"Blood Vial"},{"floor":14,"key":"Du-Vu Doll"},{"floor":23,"key":"Juzu Bracelet"},{"floor":26,"key":"Bronze Scales"},{"floor":31,"key":"Kunai"},{"floor":40,"key":"White Beast Statue"},{"floor":40,"key":"Strawberry"},{"floor":43,"key":"CeramicFish"}],"event_choices":[{"damage_healed":0,"gold_gain":0,"player_choice":"Success","damage_taken":3,"relics_obtained":["Bag of Preparation"],"max_hp_gain":0,"max_hp_loss":0,"event_name":"Scrap Ooze","floor":4,"gold_loss":0},{"damage_healed":0,"gold_gain":30,"player_choice":"Searched \u00273\u0027 times","damage_taken":0,"max_hp_gain":0,"max_hp_loss":0,"event_name":"Dead Adventurer","floor":12,"gold_loss":0},{"damage_healed":0,"gold_gain":0,"player_choice":"Obtained Book","damage_taken":16,"max_hp_gain":0,"max_hp_loss":0,"event_name":"Cursed Tome","floor":27,"gold_loss":0},{"damage_healed":0,"gold_gain":0,"player_choice":"Ignored","damage_taken":0,"max_hp_gain":0,"max_hp_loss":0,"event_name":"Beggar","floor":28,"gold_loss":0},{"damage_healed":0,"gold_gain":0,"player_choice":"Read","damage_taken":0,"max_hp_gain":0,"max_hp_loss":0,"event_name":"The Library","floor":30,"gold_loss":0,"cards_obtained":["Evaluate"]},{"damage_healed":0,"gold_gain":0,"player_choice":"Upgrade","damage_taken":0,"relics_obtained":["Mark of the Bloom"],"max_hp_gain":0,"max_hp_loss":0,"event_name":"MindBloom","floor":37,"gold_loss":0,"cards_upgraded":["Strike_P","Strike_P","Strike_P","Strike_P","Defend_P","Defend_P","Eruption","Vigilance","Evaluate","FollowUp","Halt","Consecrate","Meditate","ClearTheMind","FollowUp","EmptyBody","FearNoEvil","MentalFortress","EmptyFist","Evaluate","InnerPeace","Judgement","Consecrate"]},{"cards_removed":["CutThroughFate"],"damage_healed":0,"gold_gain":0,"player_choice":"Removed Attack","damage_taken":0,"max_hp_gain":0,"max_hp_loss":0,"event_name":"Falling","floor":41,"gold_loss":0}],"is_beta":false,"boss_relics":[{"not_picked":["Empty Cage","Ectoplasm"],"picked":"HolyWater"},{"not_picked":["SacredBark","Tiny House"],"picked":"Black Star"}],"items_purged_floors":[44],"is_endless":false,"potions_floor_spawned":[3,5,11,14,21,23,24,25,31,38,42],"killed_by":"4 Shapes","ascension_level":0}}