{"host":"yss3m9ygfcyke5zi","time":1609416536,"event":{"mods":["2.2 Compatiblity","BaseMod","Highlight Path","Minty Spire (QoL Compilation)","Permanent Neow"],"gold_per_floor":[368,380,395,414,414,444,444,151,176,138,150,162,190,214,226,342,354,379,408,420,34,54,4,4,15,15,15,15,15,15],"floor_reached":29,"playtime":2278,"items_purged":["Strike_B"],"score":225,"play_id":"aea9c7a4-9355-46e7-9a6a-eeed68f903d5","local_time":"20201231210856","is_ascension_mode":false,"campfire_choices":[{"floor":7,"key":"REST"},{"floor":12,"key":"REST"},{"data":"Defragment","floor":15,"key":"SMITH"},{"floor":24,"key":"REST"},{"floor":28,"key":"REST"}],"circlet_count":0,"master_deck":["Strike_B","Strike_B","Strike_B","Defend_B","Defend_B+1","Defend_B","Zap","Dualcast+1","Compile Driver","Coolheaded","Storm","Barrage","Defragment+1","Bandage Up","Hologram","Hologram","Conserve Battery","Amplify","Coolheaded+1","Glacier","Self Repair+1","Biased Cognition+1","Rebound","Aggregate","Shame"],"relics":["Cracked Core","Art of War","MawBank","Inserter","Frozen Egg 2","Smiling Mask","Ancient Tea Set"],"acts_visited":["Exordium","TheCity"],"potions_floor_usage":[6,16,25],"damage_taken":[{"damage":3,"enemies":"Jaw Worm","floor":1,"turns":4},{"damage":0,"enemies":"2 Louse","floor":2,"turns":3},{"damage":1,"enemies":"Cultist","floor":3,"turns":3},{"damage":13,"enemies":"Looter","floor":4,"turns":3},{"damage":23,"enemies":"3 Sentries","floor":6,"turns":10},{"damage":5,"enemies":"Large Slime","floor":13,"turns":5},{"damage":4,"enemies":"Blue Slaver","floor":14,"turns":3},{"damage":29,"enemies":"Hexaghost","floor":16,"turns":14},{"damage":19,"enemies":"Shell Parasite","floor":18,"turns":6},{"damage":29,"enemies":"3 Byrds","floor":19,"turns":7},{"damage":19,"enemies":"Centurion and Healer","floor":22,"turns":9},{"damage":31,"enemies":"Shelled Parasite and Fungi","floor":25,"turns":3},{"damage":29,"enemies":"Gremlin Leader","floor":29,"turns":9}],"seed_played":"2589494173832962902","potions_obtained":[{"floor":2,"key":"Swift Potion"},{"floor":3,"key":"Fire Potion"},{"floor":13,"key":"Dexterity Potion"},{"floor":19,"key":"Fire Potion"},{"floor":22,"key":"SpeedPotion"}],"is_trial":false,"path_per_floor":["M","M","M","M","?","E","R","$","T","?","?","R","M","M","R","B",null,"M","M","?","$","M","$","R","M","T","?","R","E"],"character_chosen":"DEFECT","items_purchased":["Defragment","Bandage Up","Hologram","Frozen Egg 2","Glacier","Self Repair+1","Rebound"],"campfire_rested":4,"item_purchase_floors":[8,8,8,21,21,21,23],"current_hp_per_floor":[72,72,71,58,51,28,50,50,50,50,35,57,56,56,56,31,75,60,35,35,35,30,30,52,31,31,31,53,28,28],"gold":15,"neow_bonus":"TWO_FIFTY_GOLD","is_daily":false,"chose_seed":false,"campfire_upgraded":1,"win_rate":0.0,"timestamp":1609416536,"path_taken":["M","M","M","M","?","E","R","$","T","?","?","R","M","M","R","BOSS","M","M","?","$","M","$","R","M","T","?","R","E"],"items_purchased_type":["Card","Card","Card","Relic","Card","Card","Card"],"build_version":"2020-12-22","purchased_purges":1,"victory":false,"max_hp_per_floor":[75,75,75,75,75,75,75,75,75,75,75,75,75,75,75,75,75,75,75,75,75,75,75,75,75,75,75,75,75,75],"card_choices":[{"not_picked":["Heatsinks","Steam","Tempest"],"picked":"SKIP","floor":1},{"not_picked":["Hologram","Darkness"],"picked":"Compile Driver","floor":2},{"not_picked":["Creative AI","Lockon"],"picked":"Coolheaded","floor":3},{"not_picked":["Fusion","Aggregate"],"picked":"Storm","floor":4},{"not_picked":["Beam Cell","Darkness"],"picked":"Barrage","floor":6},{"not_picked":["Auto Shields","Undo"],"picked":"Hologram","floor":13},{"not_picked":["Steam","Redo"],"picked":"Conserve Battery","floor":14},{"not_picked":["Creative AI","Multi-Cast"],"picked":"Amplify","floor":16},{"not_picked":["Compile Driver+1","Ball Lightning"],"picked":"Coolheaded+1","floor":18},{"not_picked":["Coolheaded","Stack","Hologram"],"picked":"SKIP","floor":19},{"not_picked":["Conserve Battery","Redo+1"],"picked":"Biased Cognition+1","floor":22},{"not_picked":["Rebound+1","Lockon"],"picked":"Aggregate","floor":25}],"player_experience":156348,"relics_obtained":[{"floor":6,"key":"Art of War"},{"floor":9,"key":"MawBank"},{"floor":26,"key":"Smiling Mask"}],"event_choices":[{"cards_removed":["Injury"],"damage_healed":0,"gold_gain":0,"player_choice":"Card Removal","damage_taken":7,"max_hp_gain":0,"max_hp_loss":0,"event_name":"Golden Wing","floor":5,"gold_loss":0},{"cards_removed":["Defend_B"],"damage_healed":0,"gold_gain":0,"player_choice":"Card Removal","damage_taken":0,"max_hp_gain":0,"max_hp_loss":0,"event_name":"The Cleric","floor":10,"gold_loss":50},{"damage_healed":0,"gold_gain":0,"player_choice":"Entered Light","damage_taken":15,"max_hp_gain":0,"max_hp_loss":0,"event_name":"Shining Light","floor":11,"gold_loss":0,"cards_upgraded":["Defend_B","Dualcast"]},{"damage_healed":0,"gold_gain":0,"player_choice":"Ignored","damage_taken":0,"max_hp_gain":0,"max_hp_loss":0,"event_name":"Vampires","floor":20,"gold_loss":0},{"damage_healed":0,"gold_gain":0,"player_choice":"Stole Relic","damage_taken":0,"relics_obtained":["Ancient Tea Set"],"max_hp_gain":0,"max_hp_loss":0,"event_name":"Addict","floor":27,"gold_loss":0,"cards_obtained":["Shame"]}],"is_beta":false,"boss_relics":[{"not_picked":["Cursed Key","SacredBark"],"picked":"Inserter"}],"items_purged_floors":[8],"is_endless":false,"potions_floor_spawned":[2,3,13,19,22],"killed_by":"Gremlin Leader","ascension_level":0}}