{"host":"fwes8e3a36usabj9","time":1609381129,"event":{"mods":["BaseMod","Colored Map","Colored Powertips","Minty Spire (QoL Compilation)"],"gold_per_floor":[118,118,92,110,110,110,144,144,144,154,166,198,211,199,199,294,294,305,85,184,109,122,122,122,122],"floor_reached":24,"playtime":1848,"items_purged":["Strike_B"],"score":277,"play_id":"b195d3c6-79ac-41e9-9150-3ed0cb7dcf13","local_time":"20201230181849","is_ascension_mode":true,"campfire_choices":[{"data":"Stack","floor":6,"key":"SMITH"},{"data":"Fusion","floor":8,"key":"SMITH"},{"data":"Double Energy","floor":15,"key":"SMITH"},{"data":"Creative AI","floor":23,"key":"SMITH"}],"circlet_count":0,"master_deck":["Strike_B","Strike_B","Defend_B","Defend_B","Defend_B","Defend_B","Zap","Dualcast","Reinforced Body","Panacea+1","Stack+1","Tempest","Fusion+1","Creative AI+1","Turbo","Conserve Battery","Double Energy+1","Multi-Cast","Streamline+1","Cold Snap"],"relics":["Cracked Core","NeowsBlessing","White Beast Statue","Matryoshka","Smiling Mask","Nuclear Battery","Runic Capacitor"],"acts_visited":["Exordium","TheCity"],"potions_floor_usage":[10,12,12,13,14,16,18,24,24],"damage_taken":[{"damage":0,"enemies":"Small Slimes","floor":1,"turns":1},{"damage":0,"enemies":"Cultist","floor":4,"turns":1},{"damage":0,"enemies":"Lagavulin","floor":7,"turns":1},{"damage":2,"enemies":"Jaw Worm","floor":10,"turns":4},{"damage":6,"enemies":"3 Louse","floor":11,"turns":3},{"damage":30,"enemies":"3 Sentries","floor":12,"turns":8},{"damage":1,"enemies":"Looter","floor":13,"turns":2},{"damage":6,"enemies":"Exordium Thugs","floor":14,"turns":4},{"damage":12,"enemies":"Slime Boss","floor":16,"turns":9},{"damage":19,"enemies":"2 Thieves","floor":18,"turns":3},{"damage":9,"enemies":"3 Byrds","floor":22,"turns":4},{"damage":54,"enemies":"Slavers","floor":24,"turns":3}],"seed_played":"-1386459446669854634","potions_obtained":[{"floor":1,"key":"Swift Potion"},{"floor":10,"key":"DuplicationPotion"},{"floor":11,"key":"FocusPotion"},{"floor":12,"key":"Fire Potion"},{"floor":13,"key":"GamblersBrew"},{"floor":14,"key":"Fruit Juice"},{"floor":16,"key":"Dexterity Potion"},{"floor":18,"key":"Strength Potion"},{"floor":22,"key":"ColorlessPotion"}],"is_trial":false,"path_per_floor":["M","?","$","M","?","R","E","R","T","M","M","E","M","M","R","B",null,"M","$","?","?","M","R","E"],"character_chosen":"DEFECT","items_purchased":["Stack","Runic Capacitor","Cold Snap"],"campfire_rested":0,"item_purchase_floors":[3,19,19],"current_hp_per_floor":[75,75,75,75,75,75,75,75,75,73,67,37,36,35,35,23,80,61,61,61,61,52,52,0,0],"gold":122,"neow_bonus":"THREE_ENEMY_KILL","is_daily":false,"chose_seed":false,"campfire_upgraded":4,"win_rate":0.0,"timestamp":1609381129,"path_taken":["M","?","$","?","?","R","E","R","T","M","M","E","M","M","R","BOSS","M","$","?","?","M","R","E"],"items_purchased_type":["Card","Relic","Card"],"build_version":"2020-12-22","purchased_purges":1,"victory":false,"max_hp_per_floor":[75,75,75,75,75,75,75,75,75,75,75,75,75,80,80,80,80,80,80,80,80,80,80,80,80],"card_choices":[{"not_picked":["Skim","Gash"],"picked":"Reinforced Body","floor":1},{"not_picked":["Scrape","Coolheaded"],"picked":"Tempest","floor":4},{"not_picked":["Reinforced Body","Static Discharge"],"picked":"Fusion","floor":7},{"not_picked":["Hologram","Redo"],"picked":"Creative AI","floor":10},{"not_picked":["Defragment","Melter"],"picked":"Turbo","floor":11},{"not_picked":["Chaos","Aggregate","Chill"],"picked":"SKIP","floor":12},{"not_picked":["Barrage","Skim"],"picked":"Conserve Battery","floor":13},{"not_picked":["Gash","Ball Lightning"],"picked":"Double Energy","floor":14},{"not_picked":["Thunder Strike","Electrodynamics"],"picked":"Multi-Cast","floor":16},{"not_picked":["Beam Cell","Turbo"],"picked":"Streamline+1","floor":18},{"not_picked":["Leap","Ball Lightning","Undo"],"picked":"SKIP","floor":22}],"player_experience":640838,"relics_obtained":[{"floor":7,"key":"White Beast Statue"},{"floor":9,"key":"Matryoshka"},{"floor":12,"key":"Smiling Mask"}],"event_choices":[{"damage_healed":0,"gold_gain":0,"player_choice":"1 cards matched","damage_taken":0,"max_hp_gain":0,"max_hp_loss":0,"event_name":"Match and Keep!","floor":2,"gold_loss":0,"cards_obtained":["Panacea"]},{"damage_healed":0,"gold_gain":0,"player_choice":"Grow","damage_taken":0,"max_hp_gain":0,"max_hp_loss":0,"event_name":"Living Wall","floor":5,"gold_loss":0,"cards_upgraded":["Panacea"]},{"damage_healed":0,"gold_gain":99,"player_choice":"Stole From Cult","damage_taken":0,"max_hp_gain":0,"max_hp_loss":0,"event_name":"Nest","floor":20,"gold_loss":0},{"cards_removed":["Strike_B"],"damage_healed":0,"gold_gain":0,"player_choice":"Gave Gold","damage_taken":0,"max_hp_gain":0,"max_hp_loss":0,"event_name":"Beggar","floor":21,"gold_loss":75}],"is_beta":false,"boss_relics":[{"not_picked":["Fusion Hammer","Empty Cage"],"picked":"Nuclear Battery"}],"items_purged_floors":[19],"is_endless":false,"potions_floor_spawned":[1,10,11,12,13,14,16,18,22],"killed_by":"Slavers","ascension_level":4}}