{"host":"95i1gxnztdrdyvhi","time":1609397798,"event":{"mods":["AchievementEnabler","Act Like it!","BaseMod","Downfall","Minty Spire (QoL Compilation)","Quick Restart","StSLib"],"gold_per_floor":[99,118,138,138,156,306,306,333,57,57,67,82,112,50,70,172,172,22,37,37,50,22,57,57,76,88,99,126,51,86,86,114,216,216,216,236,261,276,276,276,276,306,318,330,362,374,386,412,444,456,468,506,76,76,76],"floor_reached":56,"playtime":4819,"items_purged":["Regret"],"score":1431,"play_id":"8d4ff970-8971-4e02-8ab2-b37f29a32e05","local_time":"20201231065638","is_ascension_mode":false,"campfire_choices":[{"floor":1,"key":"RECALL"},{"data":"hexamod:UnleashSpirits","floor":18,"key":"SMITH"},{"data":"hexamod:GiftsFromTheDead","floor":29,"key":"SMITH"},{"data":"hexamod:ParanormalForm","floor":35,"key":"SMITH"},{"data":"hexamod:GhostLash","floor":40,"key":"SMITH"},{"data":"hexamod:EtherealExpedition","floor":44,"key":"SMITH"},{"data":"hexamod:EtherealExpedition","floor":54,"key":"SMITH"}],"circlet_count":0,"master_deck":["hexamod:Sear+1","hexamod:Float+1","hexamod:GhostLash","hexamod:GhostShield+1","hexamod:EtherealExpedition","hexamod:UnleashSpirits+1","hexamod:GhostShield","hexamod:PowerFromBeyond+1","hexamod:GhostLash","hexamod:Hexaguard","hexamod:SpectersWail","hexamod:GiftsFromTheDead+1","hexamod:ParanormalForm+1","hexamod:GhostLash+1","hexamod:CouncilsJustice+1","hexamod:CouncilsJustice","hexamod:CouncilsJustice+1","Ghostly+1","Ghostly","Ghostly","hexamod:EtherealExpedition+1","hexamod:PowerFromBeyond+1","hexamod:EtherealExpedition+1","hexamod:Haunt","hexamod:RecurringNightmare+1","hexamod:VolcanoVisage+1","hexamod:SixthSeal","hexamod:ThirdSeal","hexamod:GhostLash+1","hexamod:StepThrough","hexamod:SpectersWail","hexamod:Hexaguard+1","hexamod:Hexaguard+1","hexamod:RainOfEmbers+1","hexamod:UnleashSpirits+1"],"relics":["hexamod:SpiritBrand","Calipers","MealTicket","hexamod:SoulOfChaos","hexamod:IceCube","downfall:HeartBlessingRed","downfall:HeartBlessingGreen","TungstenRod","Torii","Red Mask","downfall:HeartBlessingBlue","Juzu Bracelet","Black Star","hexamod:TheBrokenSeal","Incense Burner","MawBank","Anchor","downfall:TeleportStone","Guardian:PocketSentry","Bottled Flame","DollysMirror","Dead Branch"],"acts_visited":["Exordium","TheCity","TheBeyond","TheEnding"],"potions_floor_usage":[13,55],"damage_taken":[{"damage":0,"enemies":"Small Slimes","floor":2,"turns":3},{"damage":1,"enemies":"Jaw Worm","floor":3,"turns":3},{"damage":2,"enemies":"2 Louse","floor":5,"turns":3},{"damage":33,"enemies":"3 Sentries","floor":8,"turns":11},{"damage":15,"enemies":"downfall:FleeingMerchant","floor":9,"turns":4},{"damage":0,"enemies":"2 Fungi Beasts","floor":11,"turns":3},{"damage":0,"enemies":"Exordium Thugs","floor":12,"turns":5},{"damage":1,"enemies":"Lagavulin","floor":13,"turns":7},{"damage":4,"enemies":"downfall:FleeingMerchant","floor":14,"turns":4},{"damage":0,"enemies":"Lots of Slimes","floor":15,"turns":4},{"damage":20,"enemies":"downfall:Watcher","floor":16,"turns":9},{"damage":0,"enemies":"Chosen","floor":19,"turns":3},{"damage":1,"enemies":"Centurion and Healer","floor":21,"turns":5},{"damage":0,"enemies":"downfall:FleeingMerchant","floor":22,"turns":4},{"damage":0,"enemies":"Book of Stabbing","floor":23,"turns":4},{"damage":0,"enemies":"Snecko","floor":25,"turns":4},{"damage":5,"enemies":"Cultist and Chosen","floor":26,"turns":3},{"damage":0,"enemies":"3 Cultists","floor":27,"turns":4},{"damage":0,"enemies":"Masked Bandits","floor":28,"turns":4},{"damage":0,"enemies":"Slavers","floor":30,"turns":5},{"damage":0,"enemies":"Centurion and Healer","floor":32,"turns":5},{"damage":7,"enemies":"downfall:Ironclad","floor":33,"turns":4},{"damage":14,"enemies":"3 Darklings","floor":36,"turns":4},{"damage":22,"enemies":"Orb Walker","floor":37,"turns":6},{"damage":0,"enemies":"Jaw Worm Horde","floor":38,"turns":4},{"damage":0,"enemies":"Nemesis","floor":42,"turns":5},{"damage":0,"enemies":"3 Darklings","floor":45,"turns":3},{"damage":10,"enemies":"4 Shapes","floor":48,"turns":4},{"damage":23,"enemies":"Writhing Mass","floor":49,"turns":5},{"damage":0,"enemies":"downfall:Silent","floor":50,"turns":9},{"damage":0,"enemies":"downfall:CharBossMerchant","floor":52,"turns":5},{"damage":0,"enemies":"downfall:NeowBoss","floor":55,"turns":12}],"seed_played":"8816486862240111690","potions_obtained":[{"floor":3,"key":"SteroidPotion"},{"floor":8,"key":"DistilledChaos"},{"floor":11,"key":"LiquidMemories"},{"floor":15,"key":"BlessingOfTheForge"},{"floor":33,"key":"FairyPotion"},{"floor":36,"key":"CultistPotion"}],"is_trial":false,"path_per_floor":["R","M","M","?","M","?","T","E","$","?","M","M","E","$","M","B",null,"R","M","?","M","$","E","T","M","M","M","?","R","E","?","M","B",null,"R","M","M","M","?","R","T","E","$","R","M","?","?","M","M","B",null,"E","$","R","B",null],"character_chosen":"THE_SPIRIT","items_purchased":["hexamod:UnleashSpirits","hexamod:GhostShield","hexamod:SpectersWail","TungstenRod","hexamod:EtherealExpedition","DollysMirror","Dead Branch"],"campfire_rested":0,"item_purchase_floors":[9,9,14,22,22,53,53],"current_hp_per_floor":[70,70,69,69,67,67,67,34,34,34,34,34,33,44,44,24,70,70,70,35,34,35,35,35,35,30,35,35,45,45,45,45,45,45,45,38,55,55,55,55,55,55,55,55,55,55,46,36,13,13,55,55,55,55,55],"gold":76,"neow_bonus":"UPGRADE_CARD","is_daily":false,"chose_seed":false,"campfire_upgraded":6,"win_rate":0.0,"timestamp":1609397798,"path_taken":["R","M","M","?","M","?","T","E","$","?","M","M","E","$","M","BOSS","R","M","?","M","$","E","T","M","M","M","?","R","E","?","M","BOSS","R","M","M","M","?","R","T","E","?","R","M","?","?","M","M","BOSS","E","$","R","BOSS"],"items_purchased_type":["Card","Card","Card","Relic","Card","Relic","Relic"],"build_version":"2020-12-22","purchased_purges":1,"victory":true,"max_hp_per_floor":[70,70,70,70,70,70,70,70,70,70,70,70,70,70,70,70,70,70,70,35,35,35,35,35,35,35,35,35,45,45,45,45,45,45,45,45,55,55,55,55,55,55,55,55,55,55,55,55,55,55,55,55,55,55,55],"card_choices":[{"not_picked":["hexamod:GhostflameBarrier","hexamod:Firestarter"],"picked":"hexamod:GhostLash","floor":2},{"not_picked":["hexamod:RetreatToShadows","hexamod:AdvancingGuard"],"picked":"hexamod:GhostShield","floor":3},{"not_picked":["hexamod:RetreatToShadows","hexamod:RainOfEmbers","hexamod:ThermalTransfer"],"picked":"SKIP","floor":5},{"not_picked":["hexamod:BurningTouch","hexamod:Again","hexamod:GhostOfSpirePresent"],"picked":"SKIP","floor":8},{"not_picked":["hexamod:BurningTouch","hexamod:SpectralSpark"],"picked":"hexamod:EtherealExpedition","floor":9},{"not_picked":["hexamod:ThermalTransfer","hexamod:SwordOfDarkness","hexamod:Incineration"],"picked":"SKIP","floor":11},{"not_picked":["hexamod:AdvancingGuard","hexamod:GhostflameBarrier"],"picked":"hexamod:PowerFromBeyond","floor":12},{"not_picked":["hexamod:Rewind","hexamod:NightmareStrike"],"picked":"hexamod:GhostLash","floor":13},{"not_picked":["hexamod:UnleashSpirits","hexamod:BurningTouch"],"picked":"hexamod:Hexaguard","floor":14},{"not_picked":["hexamod:Hexaguard","hexamod:GhostLash"],"picked":"hexamod:ThirdSeal","floor":15},{"not_picked":["hexamod:SearingWound","hexamod:HexaLevel"],"picked":"hexamod:GiftsFromTheDead","floor":16},{"not_picked":["hexamod:GhostflameInferno","hexamod:TimeOfNeed"],"picked":"hexamod:ParanormalForm","floor":16},{"not_picked":["hexamod:ShieldOfDarkness","hexamod:HeatCrush"],"picked":"hexamod:GhostLash+1","floor":19},{"not_picked":["hexamod:ThirdSeal","hexamod:BurningTouch"],"picked":"hexamod:FirstSeal","floor":21},{"not_picked":["hexamod:PhantomCloak","hexamod:Firestarter+1","hexamod:HeatMetal+1"],"picked":"SKIP","floor":21},{"not_picked":["hexamod:BurningTouch","hexamod:ExtraCrispy","hexamod:HauntingEcho"],"picked":"SKIP","floor":22},{"not_picked":["hexamod:SpectralAdrenaline","hexamod:CrushingStance","hexamod:SoulSteal"],"picked":"SKIP","floor":22},{"not_picked":["hexamod:ExtraCrispy","hexamod:FastForward+1"],"picked":"hexamod:PowerFromBeyond","floor":23},{"not_picked":["hexamod:Rewind","hexamod:HeatCrush","hexamod:HeatMetal"],"picked":"SKIP","floor":23},{"not_picked":["hexamod:ShieldOfDarkness+1","hexamod:BacktrackSmack+1"],"picked":"hexamod:EtherealExpedition","floor":25},{"not_picked":["hexamod:Rewind","hexamod:HeatMetal+1","hexamod:PowerFromBeyond"],"picked":"SKIP","floor":25},{"not_picked":["hexamod:FastForward","hexamod:HauntingEcho"],"picked":"hexamod:Haunt","floor":26},{"not_picked":["hexamod:GhostShield","hexamod:Again","hexamod:BacktrackSmack"],"picked":"SKIP","floor":26},{"not_picked":["hexamod:GhostLash","hexamod:ShieldOfDarkness","hexamod:EmpoweredFlame"],"picked":"SKIP","floor":27},{"not_picked":["hexamod:AdvancingGuard","hexamod:SpectralSpark","hexamod:NightmareGuise"],"picked":"SKIP","floor":27},{"not_picked":["hexamod:Firestarter","hexamod:HauntingEcho"],"picked":"hexamod:SecondSeal","floor":28},{"not_picked":["hexamod:PowerFromBeyond+1","hexamod:InspiringFlames"],"picked":"hexamod:RecurringNightmare+1","floor":30},{"not_picked":["hexamod:SearingWound","hexamod:GhostOfSpirePresent+1","hexamod:PhantomCloak"],"picked":"SKIP","floor":30},{"not_picked":["hexamod:Hexaguard","hexamod:HauntingEcho"],"picked":"hexamod:FourthSeal","floor":32},{"not_picked":["hexamod:HeatMetal","hexamod:NightmareStrike","hexamod:HeatCrush+1"],"picked":"SKIP","floor":32},{"not_picked":["hexamod:WildfireWeapon","hexamod:EmpoweringStance"],"picked":"hexamod:VolcanoVisage","floor":33},{"not_picked":["hexamod:HexaLevel","hexamod:GiftsFromTheDead"],"picked":"hexamod:FifthSeal","floor":33},{"not_picked":["hexamod:SecondSeal","hexamod:FourthSeal"],"picked":"hexamod:SixthSeal","floor":36},{"not_picked":["hexamod:StepThrough+1","hexamod:GhostShield+1","hexamod:DynamicBlow"],"picked":"SKIP","floor":36},{"not_picked":["hexamod:NightmareGuise","hexamod:ExtraCrispy","hexamod:RainOfEmbers"],"picked":"SKIP","floor":36},{"not_picked":["hexamod:StepThrough+1","hexamod:GhostShield+1","hexamod:DynamicBlow"],"picked":"SKIP","floor":36},{"not_picked":["hexamod:NightmareGuise","hexamod:ExtraCrispy","hexamod:RainOfEmbers"],"picked":"SKIP","floor":36},{"not_picked":["hexamod:ThirdSeal","hexamod:FourthSeal"],"picked":"hexamod:SixthSeal","floor":37},{"not_picked":["hexamod:GhostOfSpirePresent","hexamod:Again+1"],"picked":"hexamod:ThirdSeal","floor":37},{"not_picked":["hexamod:HauntingEcho+1","hexamod:InspiringFlames"],"picked":"hexamod:GhostLash","floor":38},{"not_picked":["hexamod:NightmareGuise","hexamod:HeatCrush+1","hexamod:PhantomFireball+1"],"picked":"SKIP","floor":38},{"not_picked":["hexamod:BacktrackSmack","hexamod:ShieldOfDarkness"],"picked":"hexamod:StepThrough","floor":42},{"not_picked":["hexamod:FlamesFromBeyond+1","hexamod:PhantomCloak","hexamod:GhostOfSpireFuture+1"],"picked":"SKIP","floor":42},{"not_picked":["hexamod:BurningTouch","hexamod:InspiringFlames","hexamod:ShieldOfDarkness"],"picked":"SKIP","floor":45},{"not_picked":["hexamod:HeatShield","hexamod:GhostShield","hexamod:NightmareStrike"],"picked":"SKIP","floor":45},{"not_picked":["hexamod:GhostflameBarrier+1","hexamod:GhostLash+1"],"picked":"hexamod:SpectersWail","floor":48},{"not_picked":["hexamod:InspiringFlames","hexamod:RadiantFlame","hexamod:BurningTouch+1"],"picked":"SKIP","floor":48},{"not_picked":["hexamod:GhostLash","hexamod:ShieldOfDarkness+1"],"picked":"hexamod:Hexaguard+1","floor":49},{"not_picked":["hexamod:AdvancingGuard","hexamod:NightmareStrike+1"],"picked":"hexamod:Hexaguard+1","floor":49},{"not_picked":["hexamod:NightmareStrike","hexamod:SwordOfDarkness+1"],"picked":"hexamod:RainOfEmbers+1","floor":52},{"not_picked":["hexamod:Toasty","hexamod:SpectralAdrenaline+1","hexamod:RadiantFlame+1"],"picked":"SKIP","floor":52}],"player_experience":815369,"relics_obtained":[{"floor":7,"key":"Calipers"},{"floor":8,"key":"MealTicket"},{"floor":13,"key":"hexamod:SoulOfChaos"},{"floor":23,"key":"Torii"},{"floor":28,"key":"Red Mask"},{"floor":30,"key":"Juzu Bracelet"},{"floor":41,"key":"Incense Burner"},{"floor":42,"key":"MawBank"},{"floor":42,"key":"Anchor"},{"floor":52,"key":"Guardian:PocketSentry"},{"floor":52,"key":"Bottled Flame"}],"event_choices":[{"cards_removed":["Slimebound:Icky"],"damage_healed":0,"gold_gain":0,"player_choice":"Card Removal","damage_taken":0,"max_hp_gain":0,"max_hp_loss":0,"event_name":"The Cleric","floor":10,"gold_loss":0},{"damage_healed":0,"gold_gain":0,"player_choice":"Fought Bandits","damage_taken":0,"max_hp_gain":0,"max_hp_loss":0,"event_name":"Masked Bandits","floor":28,"gold_loss":0}],"is_beta":false,"boss_relics":[{"not_picked":["Philosopher\u0027s Stone","Tiny House"],"picked":"hexamod:IceCube"},{"not_picked":["SacredBark","Empty Cage"],"picked":"Black Star"}],"items_purged_floors":[9],"is_endless":false,"potions_floor_spawned":[3,8,11,15,19,23,32,33,45,48],"ascension_level":0}}