{"host":"qy7jow5usmjkdnnq","time":1609455331,"event":{"mods":["BaseMod","Colored Map","Downfall","Minty Spire (QoL Compilation)","Permanent Neow","Relic Stats","StSLib"],"gold_per_floor":[99,112,212,222,222,222,222,222,253,273,302,302,321,348,368,467,467,467,483,503,517,55,55,78,95,127,142,142,60,60,95,105,205,205,5,21,38,142,142,176,203,218,237,256,269,297,297,328,348,348],"floor_reached":51,"playtime":6400,"items_purged":["Guardian:Strike_Guardian","Guardian:Strike_Guardian"],"score":1286,"play_id":"33e0b782-80cd-43f3-94c1-6c0a5db813d1","local_time":"20201231235531","is_ascension_mode":true,"campfire_choices":[{"data":"Guardian:CompilePackage","floor":1.0,"key":"SMITH"},{"data":"Guardian:RollAttack","floor":6.0,"key":"SMITH"},{"floor":12.0,"key":"REST"},{"data":"Guardian:TemporalShield","floor":18.0,"key":"SMITH"},{"data":"Guardian:FierceBash","floor":23.0,"key":"SMITH"},{"floor":30,"key":"DIG"},{"floor":35,"key":"DIG"},{"data":"Guardian:Orbwalk","floor":47,"key":"SMITH"}],"circlet_count":0,"master_deck":["Guardian:Defend_Guardian","Guardian:Defend_Guardian","Guardian:CurlUp","Guardian:TwinSlam","Guardian:ChargeCore","Guardian:CompilePackage+1","Guardian:RollAttack+1","Guardian:Incinerate","Guardian:Reroute","Guardian:FierceBash+1","Guardian:Clone","Guardian:Recover","Guardian:BronzeOrb","Guardian:TemporalShield+1","Guardian:ShieldCharger","Guardian:ShieldSpikes","Guardian:ShieldCharger","Guardian:TimeCapacitor","Guardian:Recover","Guardian:TemporalShield+1","Guardian:ExploitGems","Guardian:Suspension+1","Guardian:Emergency+1","Guardian:Orbwalk+1","expansioncontent:SuperHexaguard","Guardian:Incinerate+1","Guardian:Suspension+1"],"relics":["Guardian:ModeShifter","Mummified Hand","White Beast Statue","Shovel","HornCleat","SacredBark","Happy Flower","Bag of Preparation","Darkstone Periapt","Ornamental Fan","Molten Egg 2","Philosopher\u0027s Stone","downfall:HeartBlessingGreen","downfall:HeartBlessingBlue","Kunai","Vajra","Orichalcum","Blood Vial","MealTicket"],"acts_visited":["Exordium","TheCity","TheBeyond"],"potions_floor_usage":[25,26,29,32,33,38,40,44,48,50,50,50],"damage_taken":[{"damage":9.0,"enemies":"2 Louse","floor":2.0,"turns":3.0},{"damage":0.0,"enemies":"Cultist","floor":4.0,"turns":3.0},{"damage":15.0,"enemies":"Lagavulin","floor":9.0,"turns":3.0},{"damage":4.0,"enemies":"Small Slimes","floor":10.0,"turns":2.0},{"damage":25.0,"enemies":"3 Sentries","floor":11.0,"turns":6.0},{"damage":17.0,"enemies":"Exordium Thugs","floor":13.0,"turns":5.0},{"damage":12.0,"enemies":"Lagavulin","floor":14.0,"turns":6.0},{"damage":0.0,"enemies":"2 Fungi Beasts","floor":15.0,"turns":3.0},{"damage":0.0,"enemies":"downfall:Ironclad","floor":16.0,"turns":7.0},{"damage":0.0,"enemies":"Chosen","floor":19.0,"turns":4.0},{"damage":10.0,"enemies":"Snake Plant","floor":20.0,"turns":5.0},{"damage":7.0,"enemies":"Chosen and Byrds","floor":21.0,"turns":5.0},{"damage":0.0,"enemies":"downfall:FleeingMerchant","floor":22.0,"turns":4.0},{"damage":4,"enemies":"Centurion and Healer","floor":25,"turns":7},{"damage":0,"enemies":"Slavers","floor":26,"turns":3},{"damage":1,"enemies":"Snake Plant","floor":27,"turns":4},{"damage":0,"enemies":"downfall:FleeingMerchant","floor":29,"turns":4},{"damage":4,"enemies":"Gremlin Leader","floor":31,"turns":7},{"damage":0,"enemies":"Snecko","floor":32,"turns":4},{"damage":0,"enemies":"downfall:Silent","floor":33,"turns":6},{"damage":0,"enemies":"3 Darklings","floor":36,"turns":1},{"damage":0,"enemies":"3 Shapes","floor":37,"turns":4},{"damage":0,"enemies":"downfall:FleeingMerchant","floor":38,"turns":3},{"damage":41,"enemies":"Nemesis","floor":40,"turns":5},{"damage":0,"enemies":"Sphere and 2 Shapes","floor":42,"turns":5},{"damage":1,"enemies":"Spire Growth","floor":43,"turns":3},{"damage":0,"enemies":"Maw","floor":44,"turns":5},{"damage":0,"enemies":"3 Darklings","floor":45,"turns":3},{"damage":0,"enemies":"Giant Head","floor":46,"turns":4},{"damage":0,"enemies":"Nemesis","floor":48,"turns":5},{"damage":0,"enemies":"4 Shapes","floor":49,"turns":4},{"damage":0,"enemies":"downfall:Defect","floor":50,"turns":6}],"seed_played":"5078944895092664869","potions_obtained":[{"floor":2.0,"key":"Explosive Potion"},{"floor":10.0,"key":"SneckoOil"},{"floor":11.0,"key":"Dexterity Potion"},{"floor":13.0,"key":"Energy Potion"},{"floor":14.0,"key":"Strength Potion"},{"floor":15.0,"key":"DuplicationPotion"},{"floor":16.0,"key":"Swift Potion"},{"floor":19.0,"key":"sneckomod:MuddlingPotion"},{"floor":20.0,"key":"Guardian:DefensiveModePotion"},{"floor":21.0,"key":"FearPotion"},{"floor":22.0,"key":"DuplicationPotion"},{"floor":25,"key":"Fire Potion"},{"floor":26,"key":"Swift Potion"},{"floor":27,"key":"GamblersBrew"},{"floor":29,"key":"SpeedPotion"},{"floor":31,"key":"SteroidPotion"},{"floor":32,"key":"LiquidBronze"},{"floor":33,"key":"BlessingOfTheForge"},{"floor":36,"key":"AttackPotion"},{"floor":37,"key":"champ:CounterPotion"},{"floor":38,"key":"FearPotion"},{"floor":40,"key":"Guardian:AcceleratePotion"},{"floor":43,"key":"SkillPotion"},{"floor":44,"key":"SpeedPotion"},{"floor":48,"key":"SteroidPotion"}],"is_trial":false,"path_per_floor":["R","M","?","M","?","R","T","?","E","M","E","R","M","E","M","B",null,"R","M","M","M","$","R","T","M","E","M","?","$","R","E","M","B",null,"R","M","M","$","?","E","T","M","M","M","M","E","R","E","M","B",null],"character_chosen":"GUARDIAN","items_purchased":["Guardian:Gem_Crimson","Happy Flower","Bag of Preparation","Guardian:Gem_Crimson","Guardian:Gem_Cyan","Guardian:Orbwalk"],"campfire_rested":1,"item_purchase_floors":[22,22,22,29,38,38],"current_hp_per_floor":[72,63,63,63,63,63,63,63,48,44,19,40,23,11,11,11,72,72,72,62,55,55,55,55,51,51,50,50,50,50,46,46,46,72,82,82,82,82,82,41,41,41,40,40,40,40,40,42,44,46],"gold":348,"neow_bonus":"TRANSFORM_TWO_CARDS","is_daily":false,"chose_seed":false,"campfire_upgraded":5,"win_rate":0.0,"timestamp":1609455331,"path_taken":["R","M","?","M","?","R","T","?","E","M","E","R","?","E","M","BOSS","R","M","M","M","$","R","T","M","E","M","?","?","R","E","M","BOSS","R","M","M","$","?","E","T","M","M","M","M","E","R","E","M","BOSS"],"items_purchased_type":["Card","Relic","Relic","Card","Card","Card"],"build_version":"2020-12-22","purchased_purges":2,"victory":true,"max_hp_per_floor":[72,72,72,72,72,72,72,72,72,72,72,72,72,72,72,72,72,72,72,72,72,72,72,72,72,72,72,72,72,72,72,72,72,72,82,82,82,82,82,82,82,82,82,82,82,82,82,82,82,82],"relic_stats":{"Darkstone Periapt":0,"Blood Vial":6,"Shovel":2,"Happy Flower":[27],"counters":[32,139],"Mummified Hand":[54],"Ornamental Fan":[100],"MealTicket":0,"Bag of Preparation":[38],"Kunai":[17],"Orichalcum":[0],"obtain_stats":[{"Darkstone Periapt":26,"Happy Flower":22,"SacredBark":17,"Guardian:ModeShifter":0,"Vajra":40,"downfall:HeartBlessingGreen":35,"Bag of Preparation":22,"Orichalcum":41,"White Beast Statue":9,"Blood Vial":46,"Shovel":11,"HornCleat":14,"Mummified Hand":7,"Ornamental Fan":30,"downfall:HeartBlessingBlue":35,"Molten Egg 2":31,"Philosopher\u0027s Stone":34,"MealTicket":48,"Kunai":35},{"Darkstone Periapt":15,"Happy Flower":13,"SacredBark":9,"Guardian:ModeShifter":0,"Vajra":24,"downfall:HeartBlessingGreen":20,"Bag of Preparation":13,"Orichalcum":24,"White Beast Statue":3,"Blood Vial":29,"Shovel":5,"HornCleat":7,"Mummified Hand":2,"Ornamental Fan":17,"downfall:HeartBlessingBlue":20,"Molten Egg 2":18,"Philosopher\u0027s Stone":20,"MealTicket":30,"Kunai":20},{"Darkstone Periapt":66,"Happy Flower":56,"SacredBark":38,"Guardian:ModeShifter":0,"Vajra":104,"downfall:HeartBlessingGreen":91,"Bag of Preparation":56,"Orichalcum":104,"White Beast Statue":9,"Blood Vial":124,"Shovel":17,"HornCleat":28,"Mummified Hand":6,"Ornamental Fan":74,"downfall:HeartBlessingBlue":91,"Molten Egg 2":81,"Philosopher\u0027s Stone":91,"MealTicket":129,"Kunai":91}]},"card_choices":[{"not_picked":["Guardian:Gem_Red","Guardian:TemporalStrike"],"picked":"Guardian:RollAttack","floor":2.0},{"not_picked":["Guardian:SpikerProtocol","Guardian:PrimingBeam"],"picked":"Guardian:Incinerate","floor":4.0},{"not_picked":["Guardian:PrimingBeam","Guardian:EvasiveProtocol"],"picked":"Guardian:Reroute","floor":9.0},{"not_picked":["Guardian:Recover","Guardian:Gem_Red"],"picked":"Guardian:FierceBash","floor":10.0},{"not_picked":["Guardian:ArmoredProtocol","Guardian:SentryBeam"],"picked":"Guardian:Clone","floor":11.0},{"not_picked":["Guardian:RollAttack","Guardian:CrystalBeam"],"picked":"Guardian:Recover","floor":13.0},{"not_picked":["Guardian:WalkerClaw","Guardian:Reroute"],"picked":"Guardian:BronzeOrb","floor":14.0},{"not_picked":["Guardian:CrystalBeam","Guardian:Gem_Yellow"],"picked":"Guardian:TemporalShield","floor":15.0},{"not_picked":["Guardian:RevengeProtocol","Guardian:GemFinder"],"picked":"Guardian:Gem_Synthetic","floor":16.0},{"not_picked":["Guardian:Repulse","Guardian:ChargeCore+1"],"picked":"Guardian:ShieldCharger","floor":19.0},{"not_picked":["Guardian:CrystalBeam","Guardian:RollAttack"],"picked":"Guardian:ShieldSpikes","floor":20.0},{"not_picked":["Guardian:MultiBeam","Guardian:CrystalBeam","Guardian:VentSteam+1"],"picked":"SKIP","floor":21.0},{"not_picked":["Guardian:Harden+1","Guardian:ArmoredProtocol","Guardian:SentryBeam+1"],"picked":"SKIP","floor":22.0},{"not_picked":["Guardian:FloatingOrbs","Guardian:TemporalStrike"],"picked":"Guardian:ShieldCharger","floor":25},{"not_picked":["Guardian:EvasiveProtocol","Guardian:RefractedBeam"],"picked":"Guardian:Gem_Purple","floor":26},{"not_picked":["Guardian:GemFinder","Guardian:Gem_Blue"],"picked":"Guardian:TimeCapacitor","floor":27},{"not_picked":["Guardian:ChargeCore","Guardian:Clone"],"picked":"Guardian:Recover","floor":29},{"not_picked":["Guardian:Gem_Fragmented","Guardian:RollAttack+1"],"picked":"Guardian:Gem_Red","floor":31},{"not_picked":["Guardian:Gem_Purple","Guardian:PrismaticBeam+1"],"picked":"Guardian:TemporalShield+1","floor":32},{"not_picked":["Guardian:CompilePackage","Guardian:FierceBash+1"],"picked":"Guardian:ExploitGems","floor":33},{"not_picked":["Guardian:ShieldSpikes+1","Guardian:Gem_Green"],"picked":"Guardian:Suspension+1","floor":36},{"not_picked":["Guardian:Gem_Red","Guardian:VentSteam+1"],"picked":"Guardian:Emergency+1","floor":37},{"not_picked":["Guardian:GemFinder","Guardian:Preprogram","Guardian:ArmoredProtocol"],"picked":"SKIP","floor":38},{"not_picked":["expansioncontent:DarkVoid+1","expansioncontent:FaceSlap+1"],"picked":"expansioncontent:SuperHexaguard","floor":39},{"not_picked":["Guardian:Gem_Fragmented","Guardian:Gem_Lightblue"],"picked":"Guardian:Gem_Red","floor":40},{"not_picked":["Guardian:EvasiveProtocol+1","Guardian:TemporalStrike+1","Guardian:TimeCapacitor+1"],"picked":"SKIP","floor":42},{"not_picked":["Guardian:TemporalShield","Guardian:MultiBeam+1"],"picked":"Guardian:Incinerate+1","floor":43},{"not_picked":["Guardian:Planning","Guardian:PolyBeam+1"],"picked":"Guardian:Suspension+1","floor":44},{"not_picked":["Guardian:CrystalBeam+1","Guardian:DonusPower+1"],"picked":"Guardian:Gem_Synthetic","floor":45},{"not_picked":["Guardian:SpikerProtocol","Guardian:Incinerate+1","Guardian:PrimingBeam+1"],"picked":"SKIP","floor":46},{"not_picked":["Guardian:SpikerProtocol","Guardian:GuardianWhirl+1","Guardian:Gem_Red"],"picked":"SKIP","floor":48},{"not_picked":["Guardian:Gem_Fragmented","Guardian:Planning+1","Guardian:Gem_Cyan"],"picked":"SKIP","floor":49}],"player_experience":566543,"relics_obtained":[{"floor":7.0,"key":"Mummified Hand"},{"floor":9.0,"key":"White Beast Statue"},{"floor":11.0,"key":"Shovel"},{"floor":14.0,"key":"HornCleat"},{"floor":26,"key":"Darkstone Periapt"},{"floor":30,"key":"Ornamental Fan"},{"floor":31,"key":"Molten Egg 2"},{"floor":35,"key":"Kunai"},{"floor":40,"key":"Vajra"},{"floor":41,"key":"Orichalcum"},{"floor":46,"key":"Blood Vial"},{"floor":48,"key":"MealTicket"}],"event_choices":[{"cards_removed":["Guardian:Strike_Guardian"],"damage_healed":0.0,"max_hp_gain":0.0,"max_hp_loss":0.0,"gold_gain":0.0,"event_name":"Bonfire Elementals","player_choice":"Offered Basic","floor":8.0,"gold_loss":0.0,"damage_taken":0.0}],"is_beta":false,"boss_relics":[{"not_picked":["Busted Crown","Tiny House"],"picked":"SacredBark"},{"not_picked":["Sozu","Calling Bell"],"picked":"Philosopher\u0027s Stone"}],"items_purged_floors":[22,38],"is_endless":false,"potions_floor_spawned":[2,10,11,13,14,15,16,19,20,21,22,25,26,27,29,31,32,33,36,37,38,40,42,43,44,45,46,48,49],"ascension_level":4}}