{"host":"bc298c4gavna5tx2","time":1609434594,"event":{"mods":["ATMod(°¢èªMod)","Act Like it!","BaseMod","Challenge The Spire","Minty Spire (QoL Compilation)","MostiFishMod","Quick Restart","Spicy Shops","StSLib","¡¾¹¦ÄÜMod¡¿»ìãçÖ®»·ÐÞ¸´²¹¶¡","¡¾ÒÅÎï¿¨ÅÆ¡¿REMEMod"],"gold_per_floor":[115,125,50,50,73,73,107,182,182,29,65,79,79,117,117,247,247,267,291,311,18,18,54,73,73,73,114,147,187,187,187,187,308,308,333,13,13,13,34,68,68,84,84,105,148,169,234,234,234,234,234,234,80,121,121],"floor_reached":56,"playtime":1730,"items_purged":["Strike_R","REME_SingleHolding"],"score":1916,"play_id":"957c32a3-3691-4df3-9de3-0572fe7fca79","local_time":"20210101010954","is_ascension_mode":true,"campfire_choices":[{"data":"MostiFishMod:HellRitual","floor":6.0,"key":"SMITH"},{"data":"AT_MachinaRedman","floor":13.0,"key":"SMITH"},{"data":"REME_Fury","floor":15.0,"key":"SMITH"},{"data":"Barricade","floor":30,"key":"SMITH"},{"data":"MostiFishMod:WinterMarkForm","floor":32,"key":"SMITH"},{"floor":41,"key":"RECALL"},{"data":"MostiFishMod:FrostNova","floor":49,"key":"SMITH"},{"data":"Rage","floor":52,"key":"SMITH"}],"circlet_count":0,"master_deck":["Strike_R+1","Strike_R+1","Strike_R+1","Defend_R+1","Defend_R+1","AT_MachinaRedman+1","REME_Fury+1","MostiFishMod:HellRitual+1","Pummel+1","Barricade+1","MostiFishMod:RainCloud+1","MostiFishMod:FrostNova+1","MostiFishMod:WinterMarkForm+1","Heavy Blade+1","Clash+1","Juggernaut","AT_DrawKnifeCut+1","MostiFishMod:OrdinaryWorld+1","Rage+1","MostiFishMod:NewArrival"],"relics":["Black Blood","REME_ComplimentaryCards","AT_ATBox","DaveBox","EGODaCapo","NeowsBlessing","SynthV:TestCard","Golden Idol","Molten Egg 2","Pantograph","Brimstone","Shuriken","Akabeko","FrostBlade","DaCapo","Paper Frog","Bottled Flame","Red Mask","Incense Burner","Nilry\u0027s Codex","AT_RedTearstoneRing","Bag of Marbles","Red Skull","Smiling Mask","Nunchaku","Prayer Wheel","AT_SunfireAegis","Centennial Puzzle"],"acts_visited":["Exordium","TheCity","TheBeyond","TheEnding"],"potions_floor_usage":[55,55],"damage_taken":[{"damage":0.0,"enemies":"Cultist","floor":1.0,"turns":1.0},{"damage":0.0,"enemies":"Small Slimes","floor":2.0,"turns":1.0},{"damage":0.0,"enemies":"Jaw Worm","floor":5.0,"turns":1.0},{"damage":0.0,"enemies":"Lagavulin","floor":7.0,"turns":4.0},{"damage":0.0,"enemies":"Gremlin Nob","floor":11.0,"turns":2.0},{"damage":0.0,"enemies":"Red Slaver","floor":12.0,"turns":1.0},{"damage":0.0,"enemies":"Lagavulin","floor":14.0,"turns":4.0},{"damage":10.0,"enemies":"The Guardian","floor":16.0,"turns":5.0},{"damage":27.0,"enemies":"3 Byrds","floor":18.0,"turns":3.0},{"damage":13.0,"enemies":"Spheric Guardian","floor":19.0,"turns":3.0},{"damage":0.0,"enemies":"Snake Plant","floor":20.0,"turns":1.0},{"damage":0.0,"enemies":"Gremlin Leader","floor":23.0,"turns":3.0},{"damage":6.0,"enemies":"Chosen and Byrds","floor":24.0,"turns":3.0},{"damage":0.0,"enemies":"Slavers","floor":27.0,"turns":3.0},{"damage":0.0,"enemies":"Masked Bandits","floor":28.0,"turns":2.0},{"damage":25,"enemies":"REME_1_Revenger","floor":29,"turns":3},{"damage":1,"enemies":"Collector","floor":33,"turns":4},{"damage":0,"enemies":"Orb Walker","floor":35,"turns":2},{"damage":0,"enemies":"3 Darklings","floor":39,"turns":2},{"damage":0,"enemies":"Reptomancer","floor":40,"turns":2},{"damage":0,"enemies":"Transient","floor":42,"turns":2},{"damage":5,"enemies":"Jaw Worm Horde","floor":44,"turns":2},{"damage":0,"enemies":"Giant Head","floor":45,"turns":3},{"damage":4,"enemies":"Sphere and 2 Shapes","floor":46,"turns":1},{"damage":0,"enemies":"2 Orb Walkers","floor":47,"turns":2},{"damage":11,"enemies":"Awakened One","floor":50,"turns":5},{"damage":0,"enemies":"Shield and Spear","floor":54,"turns":2},{"damage":1,"enemies":"The Heart","floor":55,"turns":5}],"seed_played":"3074338810344234146","potions_obtained":[{"floor":1.0,"key":"Ancient Potion"},{"floor":11.0,"key":"Explosive Potion"},{"floor":16.0,"key":"Dexterity Potion"},{"floor":18.0,"key":"Fruit Juice"},{"floor":23.0,"key":"SpeedPotion"},{"floor":27.0,"key":"Swift Potion"},{"floor":29,"key":"ElixirPotion"},{"floor":42,"key":"AttackPotion"},{"floor":44,"key":"AttackPotion"}],"is_trial":false,"path_per_floor":["M","M","$","?","M","R","E","?","T","$","E","M","R","E","R","B",null,"M","M","M","$","?","E","M","?","T","E","?","E","R","?","R","B",null,"M","$","?","?","M","E","R","M","T","M","E","M","?","?","R","B",null,"R","$","E","B",null],"character_chosen":"IRONCLAD","items_purchased":["Brimstone","DaCapo","AT_RedTearstoneRing","Bag of Marbles","AT_SunfireAegis"],"campfire_rested":0,"item_purchase_floors":[10,21,36,36,53],"current_hp_per_floor":[80,80,80,60,66,66,72,61,61,61,67,73,73,79,79,76,80,64,57,63,63,63,69,69,69,69,75,81,62,62,46,46,76,85,85,85,85,95,95,95,95,95,95,95,95,95,95,95,95,95,95,95,95,95,95],"gold":121,"neow_bonus":"THREE_ENEMY_KILL","is_daily":false,"chose_seed":false,"campfire_upgraded":7,"win_rate":0.0,"timestamp":1609434594,"path_taken":["M","M","?","?","M","R","E","?","T","?","E","?","R","E","R","BOSS","M","M","M","$","?","E","M","?","T","E","?","E","R","?","R","BOSS","M","$","?","?","?","E","R","M","T","M","E","M","?","?","R","BOSS","R","$","E","BOSS"],"items_purchased_type":["Relic","Relic","Relic","Relic","Relic"],"build_version":"2020-12-22","purchased_purges":2,"victory":true,"max_hp_per_floor":[80,80,80,80,80,80,80,80,80,80,80,80,80,80,80,80,80,85,85,85,85,85,85,85,85,85,85,85,85,85,85,85,85,85,85,85,85,95,95,95,95,95,95,95,95,95,95,95,95,95,95,95,95,95,95],"card_choices":[{"not_picked":["Armaments","REME_Scribble","Wild Strike"],"picked":"SKIP","floor":1.0},{"not_picked":["Body Slam","Power Through","Twin Strike","Havoc"],"picked":"MostiFishMod:HellRitual","floor":2.0},{"not_picked":["Thunderclap","AT_BodySlamDance","Warcry","Headbutt","Sword Boomerang"],"picked":"SKIP","floor":5.0},{"not_picked":["Sever Soul+1","Inflame","Uppercut+1","Infernal Blade"],"picked":"Pummel+1","floor":7.0},{"not_picked":["Body Slam+1","Rupture","Dropkick+1","AT_IchimonjiDouble+1"],"picked":"Barricade","floor":11.0},{"not_picked":["Iron Wave+1","Rampage+1","Anger+1","AT_GerminateFire","Pommel Strike+1"],"picked":"SKIP","floor":12.0},{"not_picked":["Rupture","Body Slam+1","Warcry","Flame Barrier","Shrug It Off"],"picked":"SKIP","floor":14.0},{"not_picked":["Feed+1","MostiFishMod:UltimateDefense","Barricade","MostiFishMod:FireWorks"],"picked":"MostiFishMod:RainCloud+1","floor":16.0},{"not_picked":["Thunderclap+1","Flex","Bloodletting","Anger+1","Armaments"],"picked":"SKIP","floor":18.0},{"not_picked":["Perfected Strike+1","MostiFishMod:BrandingRite","AT_IchimonjiDouble+1","Evolve"],"picked":"Heavy Blade+1","floor":19.0},{"not_picked":["Heavy Blade+1","Twin Strike+1","Cleave+1","Battle Trance","Body Slam+1"],"picked":"SKIP","floor":20.0},{"not_picked":["Whirlwind+1","Dark Embrace","Havoc","Hemokinesis+1","Corruption"],"picked":"SKIP","floor":23.0},{"not_picked":["Heavy Blade+1","Warcry","Pommel Strike+1","Body Slam+1","AT_BodySlamDance"],"picked":"SKIP","floor":24.0},{"not_picked":["Searing Blow+1","Clothesline+1","MostiFishMod:#F4004","Perfected Strike+1","Carnage+1"],"picked":"SKIP","floor":27.0},{"not_picked":["Flex+1","Thunderclap+1","Second Wind+1","AT_IchimonjiDouble+1"],"picked":"MostiFishMod:UltimateDefense","floor":28.0},{"not_picked":["Sever Soul+1","Shrug It Off","Dark Embrace","Flex","Cleave+1"],"picked":"SKIP","floor":29},{"not_picked":["REME_TheLastStrike+1","Exhume","MostiFishMod:WingOfPhoenix","MostiFishMod:FireWorks"],"picked":"Juggernaut","floor":33},{"not_picked":["Sword Boomerang+1","Flex","Uppercut+1","AT_BodySlamDance","True Grit+1"],"picked":"SKIP","floor":35},{"not_picked":["Flex","Metallicize+1","AT_IchimonjiDouble+1","AT_DiedThrough","Heavy Blade+1"],"picked":"SKIP","floor":39},{"not_picked":["Blood for Blood+1","AT_BodySlamDance+1","Rupture","MostiFishMod:FlyOverUtopia","Searing Blow+1"],"picked":"SKIP","floor":40},{"not_picked":["Body Slam+1","Clothesline+1","Iron Wave+1","Shrug It Off"],"picked":"AT_DrawKnifeCut+1","floor":42},{"not_picked":["Warcry","Metallicize","Dark Embrace","Intimidate","Twin Strike+1"],"picked":"SKIP","floor":44},{"not_picked":["Cleave+1","Disarm+1","Sever Soul+1","Iron Wave+1"],"picked":"MostiFishMod:OrdinaryWorld+1","floor":45},{"not_picked":["Dark Embrace","Cleave+1","Sword Boomerang+1","Combust","Headbutt+1"],"picked":"SKIP","floor":46},{"not_picked":["REME_SingleHolding","MostiFishMod:404NotFound+1","Iron Wave+1","Intimidate"],"picked":"MostiFishMod:NewArrival","floor":54}],"player_experience":78021,"relics_obtained":[{"floor":1.0,"key":"SynthV:TestCard"},{"floor":7.0,"key":"Molten Egg 2"},{"floor":9.0,"key":"Pantograph"},{"floor":11.0,"key":"Shuriken"},{"floor":14.0,"key":"Akabeko"},{"floor":23.0,"key":"Paper Frog"},{"floor":27.0,"key":"Bottled Flame"},{"floor":28.0,"key":"Red Mask"},{"floor":29,"key":"Incense Burner"},{"floor":31,"key":"Nilry\u0027s Codex"},{"floor":40,"key":"Red Skull"},{"floor":43,"key":"Smiling Mask"},{"floor":45,"key":"Nunchaku"},{"floor":47,"key":"Prayer Wheel"},{"floor":54,"key":"Centennial Puzzle"}],"event_choices":[{"damage_healed":0.0,"max_hp_gain":0.0,"max_hp_loss":0.0,"gold_gain":0.0,"event_name":"Golden Idol","player_choice":"Take Damage","floor":4.0,"gold_loss":0.0,"damage_taken":20.0,"relics_obtained":["Golden Idol"]},{"damage_healed":0.0,"max_hp_gain":0.0,"max_hp_loss":0.0,"gold_gain":75.0,"event_name":"World of Goop","player_choice":"Gather Gold","floor":8.0,"gold_loss":0.0,"damage_taken":11.0},{"damage_healed":0.0,"max_hp_gain":0.0,"max_hp_loss":0.0,"gold_gain":0.0,"event_name":"Back to Basics","player_choice":"Simplicity","floor":22.0,"gold_loss":0.0,"damage_taken":0.0,"cards_upgraded":["Strike_R","Strike_R","Strike_R","Strike_R","Defend_R","Defend_R","Defend_R","Defend_R"]},{"damage_healed":0.0,"max_hp_gain":0.0,"max_hp_loss":0.0,"gold_gain":0.0,"cards_transformed":["Defend_R","Strike_R"],"event_name":"Drug Dealer","player_choice":"Became Test Subject","floor":25.0,"gold_loss":0.0,"damage_taken":0.0,"cards_obtained":["Clash","REME_SingleHolding"]},{"damage_healed":0.0,"max_hp_gain":0.0,"max_hp_loss":0.0,"gold_gain":0.0,"event_name":"Masked Bandits","player_choice":"Fought Bandits","floor":28.0,"gold_loss":0.0,"damage_taken":0.0},{"damage_healed":0,"gold_gain":0,"player_choice":"Obtained Book","damage_taken":16,"max_hp_gain":0,"max_hp_loss":0,"event_name":"Cursed Tome","floor":31,"gold_loss":0},{"cards_removed":["Bash"],"damage_healed":0,"gold_gain":0,"player_choice":"Removed Attack","damage_taken":0,"max_hp_gain":0,"max_hp_loss":0,"event_name":"Falling","floor":37,"gold_loss":0},{"cards_removed":["MostiFishMod:UltimateDefense"],"damage_healed":0,"gold_gain":0,"player_choice":"Offered Rare","damage_taken":0,"max_hp_gain":10,"max_hp_loss":0,"event_name":"Bonfire Elementals","floor":38,"gold_loss":0},{"damage_healed":0,"gold_gain":0,"player_choice":"Fight","damage_taken":0,"max_hp_gain":0,"max_hp_loss":0,"event_name":"Mysterious Sphere","floor":47,"gold_loss":0},{"damage_healed":0,"gold_gain":0,"cards_transformed":["Defend_R"],"player_choice":"Transformed","damage_taken":0,"max_hp_gain":0,"max_hp_loss":0,"event_name":"Transmorgrifier","floor":48,"gold_loss":0,"cards_obtained":["Rage"]}],"is_beta":false,"boss_relics":[{"not_picked":["FixedStarFall","Calling Bell"],"picked":"FrostBlade"},{"not_picked":["Black Star","REME_DemonsWealth"],"picked":"Black Blood"}],"items_purged_floors":[3,36],"is_endless":false,"potions_floor_spawned":[1,11,16,18,23,27,29,40,42,44,47,54],"ascension_level":3}}