{"host":"5o2n8gt0sn3szjgb","time":1609414634,"event":{"mods":["BaseMod","BetterRewards","Library of Ruina","Library of Ruina Extra","Minty Spire (QoL Compilation)","StSLib"],"gold_per_floor":[113,113,38,54,54,54,87,87,87,97,97,97,127,147,147,224,224,238,163,163,163,176,176,189,220,220,249,249,266,266,13,13,92,92,105,105,118,118,118,118,145,145,195,230,244,271,296,296,296,296,296,296,296,17,47,47],"floor_reached":57,"playtime":2020,"items_purged":["Dodge","LightAttack","LightAttack"],"score":2362,"play_id":"d285f49c-6e52-4704-abb6-3f894ab334c5","local_time":"20201231193714","is_ascension_mode":true,"campfire_choices":[{"data":"SomberProcuration","floor":6.0,"key":"SMITH"},{"floor":8.0,"key":"RECALL"},{"data":"DimensionalRift","floor":11.0,"key":"SMITH"},{"data":"ChargeAndCover","floor":15.0,"key":"SMITH"},{"data":"LeRegole","floor":23.0,"key":"SMITH"},{"data":"Reload","floor":28.0,"key":"SMITH"},{"data":"SavageMode","floor":30.0,"key":"SMITH"},{"data":"Concentration","floor":32.0,"key":"SMITH"},{"data":"EnergyBeam","floor":40.0,"key":"SMITH"},{"data":"LightDefense","floor":42.0,"key":"SMITH"},{"data":"LightDefense","floor":49,"key":"SMITH"},{"floor":53,"key":"REST"}],"circlet_count":0,"master_deck":["AscendersBane","LightDefense+1","LightDefense+1","LightDefense+1","LightDefense+1","ChargeAndCover+1","FocusedStrikes+1","RhinoRam+1","SomberProcuration+1","DimensionalRift+1","LeRegole+1","Reload+1","Concentration+1","SavageMode+1","EnergyBeam+1","ForTheFamily+1"],"relics":["PageOfLibrarian","Blue Candle","Regal Pillow","War Paint","Philosopher\u0027s Stone","Singing Bowl","PageOfPorccubus","Happy Flower","Oddly Smooth Stone","Sozu","Bottled Lightning","PageOfSnowWhitesApple","MealTicket","Nunchaku","Ancient Tea Set","Medical Kit","StrikeDummy"],"acts_visited":["Exordium","TheCity","TheBeyond","TheEnding"],"potions_floor_usage":[51,56],"damage_taken":[{"damage":0.0,"enemies":"2 Louse","floor":1.0,"turns":3.0},{"damage":0.0,"enemies":"Cultist","floor":4.0,"turns":4.0},{"damage":0.0,"enemies":"Gremlin Nob","floor":7.0,"turns":3.0},{"damage":0.0,"enemies":"Small Slimes","floor":10.0,"turns":3.0},{"damage":17.0,"enemies":"Lagavulin","floor":13.0,"turns":4.0},{"damage":0.0,"enemies":"Gremlin Gang","floor":14.0,"turns":4.0},{"damage":0.0,"enemies":"Hexaghost","floor":16.0,"turns":7.0},{"damage":0.0,"enemies":"Chosen","floor":18.0,"turns":2.0},{"damage":0.0,"enemies":"2 Thieves","floor":22.0,"turns":3.0},{"damage":0.0,"enemies":"Sentry and Sphere","floor":24.0,"turns":2.0},{"damage":0.0,"enemies":"Book of Stabbing","floor":25.0,"turns":3.0},{"damage":0.0,"enemies":"Gremlin Leader","floor":27.0,"turns":6.0},{"damage":0.0,"enemies":"3 Cultists","floor":29.0,"turns":4.0},{"damage":32.0,"enemies":"Collector","floor":33.0,"turns":7.0},{"damage":11.0,"enemies":"3 Shapes","floor":35.0,"turns":2.0},{"damage":12.0,"enemies":"3 Darklings","floor":37.0,"turns":3.0},{"damage":27.0,"enemies":"Nemesis","floor":41.0,"turns":5.0},{"damage":0,"enemies":"Reptomancer","floor":44,"turns":5},{"damage":0,"enemies":"Spire Growth","floor":45,"turns":3},{"damage":2,"enemies":"Nemesis","floor":47,"turns":5},{"damage":24,"enemies":"Awakened One","floor":50,"turns":9},{"damage":8,"enemies":"Awakened One","floor":51,"turns":7},{"damage":39,"enemies":"Shield and Spear","floor":55,"turns":5},{"damage":46,"enemies":"The Heart","floor":56,"turns":10}],"seed_played":"-7358701122835812164","potions_obtained":[{"floor":1.0,"key":"ColorlessPotion"},{"floor":4.0,"key":"BlessingOfTheForge"},{"floor":10.0,"key":"BlessingOfTheForge"},{"floor":25.0,"key":"Swift Potion"}],"is_trial":false,"path_per_floor":["M","?","$","M","?","R","E","R","T","M","R","$","E","M","R","B",null,"M","?","?","?","M","R","M","E","T","E","R","M","R","$","R","B",null,"M","?","M","$","?","R","E","R","T","E","M","T","E","?","R","B",null,null,"R","$","E","B",null],"character_chosen":"Librarian","items_purchased":["Oddly Smooth Stone","Medical Kit"],"campfire_rested":1,"item_purchase_floors":[31,54],"current_hp_per_floor":[54,54,54,54,54,54,54,54,54,54,54,54,37,37,37,37,76,76,76,76,76,76,76,76,76,76,76,76,78,78,78,78,49,72,65,62,54,54,54,54,31,31,31,33,33,33,35,35,35,15,9,66,85,85,54,12],"gold":47,"neow_bonus":"UPGRADE_CARD","is_daily":false,"chose_seed":false,"campfire_upgraded":10,"win_rate":0.0,"timestamp":1609414634,"path_taken":["M","?","$","?","?","R","E","R","T","M","R","$","E","?","R","BOSS","M","?","?","?","M","R","?","E","T","E","R","M","R","$","R","BOSS","M","?","M","?","?","R","E","R","T","E","?","?","E","?","R","BOSS","R","$","E","BOSS"],"items_purchased_type":["Relic","Relic"],"build_version":"2020-12-22","purchased_purges":3,"victory":true,"max_hp_per_floor":[60,60,60,63,63,63,89,89,89,89,89,89,89,89,89,89,89,89,89,89,89,89,89,77,77,77,77,77,79,79,79,79,79,79,81,81,83,83,79,79,81,81,81,83,83,83,85,85,85,85,85,85,85,85,87,87],"card_choices":[{"not_picked":["Faith","YoureAHindrance"],"picked":"RhinoRam","floor":1.0},{"not_picked":["SunsetBlade","GrazeTheGrass"],"picked":"SomberProcuration","floor":4.0},{"not_picked":["EnergyStrike","PinpointShot","GuardingStance"],"picked":"SKIP","floor":7.0},{"not_picked":["Concentration","Rewind"],"picked":"DimensionalRift","floor":10.0},{"not_picked":["UnavoidableGaze","AbsorbImpact","Zzzzzap"],"picked":"SKIP","floor":13.0},{"not_picked":["GuardingStance","Multislash","UnavoidableGaze"],"picked":"SKIP","floor":14.0},{"not_picked":["SavageMode","MindCrush"],"picked":"LeRegole","floor":16.0},{"not_picked":["BayonetCombat+1","Rewind","SteelKnuckles+1"],"picked":"SKIP","floor":18.0},{"not_picked":["SunsetBlade+1","Rewind","Multislash"],"picked":"SKIP","floor":22.0},{"not_picked":["Faith","BindingChains"],"picked":"Reload","floor":24.0},{"not_picked":["DevastatingThrash+1","SharpenedBlade"],"picked":"Concentration","floor":25.0},{"not_picked":["UnavoidableGaze+1","BayonetCombat"],"picked":"SavageMode","floor":27.0},{"not_picked":["Leap_lor","RapidGashes","DarkCloud"],"picked":"Singing Bowl","floor":29.0},{"not_picked":["Eradication","Castigation"],"picked":"EnergyBeam","floor":33.0},{"not_picked":["ConcentratedFire+1","BayonetCombat+1","EnergyConversion"],"picked":"Singing Bowl","floor":35.0},{"not_picked":["MindWhip+1","EnergyShield","WillOfThePrescript+1"],"picked":"Singing Bowl","floor":37.0},{"not_picked":["EnergyShield+1","UndertakePrescript+1","Overcharge"],"picked":"Singing Bowl","floor":41.0},{"not_picked":["EnergyCycle","PinpointShot","Rewind"],"picked":"Singing Bowl","floor":44},{"not_picked":["SuppressingShot","RapidGashes"],"picked":"ForTheFamily+1","floor":45},{"not_picked":["BayonetCombat","ConcentratedFire","QuickSuppression"],"picked":"Singing Bowl","floor":47},{"not_picked":["PinpointShot","SilentMist","Zzzzzap"],"picked":"Singing Bowl","floor":55}],"player_experience":359727,"relics_obtained":[{"floor":7.0,"key":"Regal Pillow"},{"floor":13.0,"key":"War Paint"},{"floor":25.0,"key":"Singing Bowl"},{"floor":26.0,"key":"PageOfPorccubus"},{"floor":27.0,"key":"Happy Flower"},{"floor":41.0,"key":"Bottled Lightning"},{"floor":43.0,"key":"PageOfSnowWhitesApple"},{"floor":44,"key":"MealTicket"},{"floor":46,"key":"Nunchaku"},{"floor":47,"key":"Ancient Tea Set"},{"floor":55,"key":"StrikeDummy"}],"event_choices":[{"damage_healed":0.0,"max_hp_gain":0.0,"max_hp_loss":0.0,"gold_gain":0.0,"event_name":"Accursed Blacksmith","player_choice":"Forge","floor":2.0,"gold_loss":0.0,"damage_taken":0.0,"cards_upgraded":["RhinoRam"]},{"damage_healed":0.0,"max_hp_gain":0.0,"max_hp_loss":0.0,"gold_gain":0.0,"event_name":"WeMeetAgain","player_choice":"Gave Potion","floor":5.0,"gold_loss":0.0,"damage_taken":0.0,"relics_obtained":["Blue Candle"]},{"cards_removed":["LightAttack"],"damage_healed":0.0,"max_hp_gain":0.0,"max_hp_loss":0.0,"gold_gain":0.0,"event_name":"Beggar","player_choice":"Gave Gold","floor":19.0,"gold_loss":75.0,"damage_taken":0.0},{"damage_healed":0.0,"max_hp_gain":0.0,"max_hp_loss":0.0,"gold_gain":0.0,"event_name":"Vampires","player_choice":"Ignored","floor":20.0,"gold_loss":0.0,"damage_taken":0.0},{"damage_healed":0.0,"max_hp_gain":0.0,"max_hp_loss":0.0,"gold_gain":0.0,"event_name":"Match and Keep!","player_choice":"0 cards matched","floor":21.0,"gold_loss":0.0,"damage_taken":0.0,"cards_obtained":[]},{"damage_healed":0.0,"max_hp_gain":0.0,"max_hp_loss":0.0,"gold_gain":0.0,"event_name":"The Woman in Blue","player_choice":"Bought 0 Potions","floor":36.0,"gold_loss":0.0,"damage_taken":0.0},{"damage_healed":0.0,"max_hp_gain":0.0,"max_hp_loss":4.0,"gold_gain":0.0,"event_name":"Winding Halls","player_choice":"Max HP","floor":39.0,"gold_loss":0.0,"damage_taken":0.0},{"damage_healed":0,"gold_gain":0,"player_choice":"Ignored","damage_taken":0,"max_hp_gain":0,"max_hp_loss":0,"event_name":"Tomb of Lord Red Mask","floor":48,"gold_loss":0}],"is_beta":false,"boss_relics":[{"not_picked":["Coffee Dripper","Tiny House"],"picked":"Philosopher\u0027s Stone"},{"not_picked":["SacredBark","Velvet Choker"],"picked":"Sozu"}],"items_purged_floors":[3,31,54],"is_endless":false,"potions_floor_spawned":[1,4,10,13,25,29,37,41,44,45],"ascension_level":15}}