{"host":"m77rrhbqzv44va4v","time":1609404882,"event":{"mods":["AchievementEnabler","BaseMod","Colored Map","DeckTracker","Keyboard Shortcuts","Minty Spire (QoL Compilation)","StSLib","SuperFastMode","everything is the same but u backflip on backflip"],"gold_per_floor":[119,194,194,204,204,204,231,381,404,28,38,68,83,111,111,182,182,196,196,196,96,41,41,76,89,89,89,189,189,189,34,34,111,111,124,149,149,159,174,174,208,224,249,249,282,282,282,157,175,175,175],"floor_reached":52,"playtime":1357,"items_purged":["Doubt","Strike_R","Wild Strike"],"score":1515,"play_id":"ff53bf68-63fc-4fe2-a2c4-a25eed86898c","local_time":"20201231175442","is_ascension_mode":true,"campfire_choices":[{"data":"Pommel Strike","floor":6.0,"key":"SMITH"},{"data":"Barricade","floor":15.0,"key":"SMITH"},{"data":"Body Slam","floor":23.0,"key":"SMITH"},{"floor":27.0,"key":"REST"},{"data":"Battle Trance","floor":30.0,"key":"SMITH"},{"floor":32.0,"key":"REST"},{"floor":40.0,"key":"REST"},{"floor":44.0,"key":"REST"},{"floor":50.0,"key":"REST"}],"circlet_count":0,"master_deck":["AscendersBane","Defend_R","Defend_R+1","Defend_R","Defend_R","Bash","Ghostly Armor","Pommel Strike+1","Power Through","Evolve+1","Power Through","Barricade+1","Metallicize","Fiend Fire","Fire Breathing+1","Body Slam+1","Second Wind","Battle Trance+1","Dark Embrace","Intimidate","Corruption+1","Flame Barrier+1","Seeing Red"],"relics":["Burning Blood","NeowsBlessing","Thread and Needle","Juzu Bracelet","ClockworkSouvenir","Ginger","Shuriken","SacredBark","Blood Vial","PreservedInsect","Paper Frog","Charon\u0027s Ashes","Bottled Lightning","Fusion Hammer","Mango","Omamori","Orichalcum","Pocketwatch"],"acts_visited":["Exordium","TheCity","TheBeyond"],"potions_floor_usage":[],"damage_taken":[{"damage":0.0,"enemies":"Small Slimes","floor":1.0,"turns":1.0},{"damage":0.0,"enemies":"2 Louse","floor":4.0,"turns":1.0},{"damage":0.0,"enemies":"3 Sentries","floor":7.0,"turns":2.0},{"damage":0.0,"enemies":"Cultist","floor":11.0,"turns":3.0},{"damage":14.0,"enemies":"Lagavulin","floor":12.0,"turns":7.0},{"damage":0.0,"enemies":"Lots of Slimes","floor":13.0,"turns":4.0},{"damage":3.0,"enemies":"3 Sentries","floor":14.0,"turns":16.0},{"damage":13.0,"enemies":"The Guardian","floor":16.0,"turns":18.0},{"damage":55.0,"enemies":"3 Byrds","floor":18.0,"turns":12.0},{"damage":39.0,"enemies":"Slavers","floor":24.0,"turns":5.0},{"damage":0.0,"enemies":"Spheric Guardian","floor":25.0,"turns":4.0},{"damage":24.0,"enemies":"Colosseum Slavers","floor":28.0,"turns":7.0},{"damage":7.0,"enemies":"Colosseum Nobs","floor":28.0,"turns":6.0},{"damage":18.0,"enemies":"Collector","floor":33.0,"turns":9.0},{"damage":18.0,"enemies":"3 Darklings","floor":35.0,"turns":4.0},{"damage":10.0,"enemies":"Mind Bloom Boss Battle","floor":36.0,"turns":6.0},{"damage":2.0,"enemies":"3 Shapes","floor":38.0,"turns":4.0},{"damage":8.0,"enemies":"3 Darklings","floor":39.0,"turns":3.0},{"damage":27.0,"enemies":"Reptomancer","floor":41.0,"turns":4.0},{"damage":17.0,"enemies":"Maw","floor":42.0,"turns":6.0},{"damage":4.0,"enemies":"Nemesis","floor":45.0,"turns":5.0},{"damage":4.0,"enemies":"4 Shapes","floor":49.0,"turns":3.0},{"damage":0,"enemies":"Time Eater","floor":51,"turns":7}],"seed_played":"56031740410789354","potions_obtained":[{"floor":4.0,"key":"BlessingOfTheForge"},{"floor":12.0,"key":"Energy Potion"},{"floor":14.0,"key":"BloodPotion"},{"floor":18.0,"key":"Energy Potion"},{"floor":33.0,"key":"Ancient Potion"},{"floor":38.0,"key":"FearPotion"},{"floor":39.0,"key":"Energy Potion"},{"floor":45.0,"key":"Block Potion"}],"is_trial":false,"path_per_floor":["M","?","?","M","?","R","E","?","T","$","M","E","M","E","R","B",null,"M","?","?","$","$","R","E","M","T","R","?","?","R","$","R","B",null,"M","?","?","M","M","R","E","M","T","R","E","?","?","$","M","R","B",null],"character_chosen":"IRONCLAD","items_purchased":["ClockworkSouvenir","Power Through","Wild Strike","Body Slam","Dark Embrace","Intimidate"],"campfire_rested":5,"item_purchase_floors":[10,10,10,22,31,31],"current_hp_per_floor":[74,63,63,69,46,46,52,52,52,52,58,50,56,59,59,52,69,50,50,50,50,50,50,19,27,27,49,34,34,34,34,56,46,68,58,70,70,76,76,89,68,59,59,85,89,89,89,89,89,89,89],"gold":175,"neow_bonus":"THREE_ENEMY_KILL","is_daily":false,"chose_seed":false,"campfire_upgraded":4,"win_rate":0.0,"timestamp":1609404882,"path_taken":["M","?","?","M","?","R","E","?","T","$","M","E","M","E","R","BOSS","M","?","?","?","$","R","E","M","T","R","?","?","R","$","R","BOSS","M","?","?","M","M","R","E","M","T","R","E","?","?","$","M","R","BOSS"],"items_purchased_type":["Relic","Card","Card","Card","Card","Card"],"build_version":"2020-12-22","purchased_purges":3,"victory":true,"max_hp_per_floor":[75,75,75,75,75,75,75,75,75,75,75,75,75,75,75,75,75,75,75,75,75,75,75,75,75,75,75,75,75,75,75,75,75,75,75,89,89,89,89,89,89,89,89,89,89,89,89,89,89,89,89],"card_choices":[{"not_picked":["Anger","Body Slam"],"picked":"Ghostly Armor","floor":1.0},{"not_picked":["Thunderclap","Cleave"],"picked":"Pommel Strike","floor":4.0},{"not_picked":["Heavy Blade","Anger"],"picked":"Burning Pact","floor":7.0},{"not_picked":["Clash","Dual Wield"],"picked":"Evolve","floor":11.0},{"not_picked":["Burning Pact","Iron Wave"],"picked":"Power Through","floor":12.0},{"not_picked":["Hemokinesis","Whirlwind"],"picked":"Barricade","floor":13.0},{"not_picked":["Twin Strike","Clothesline"],"picked":"Metallicize","floor":14.0},{"not_picked":["Bludgeon","Limit Break"],"picked":"Fiend Fire","floor":16.0},{"not_picked":["Thunderclap","Bloodletting"],"picked":"Fire Breathing+1","floor":18.0},{"not_picked":["Clothesline","Pommel Strike"],"picked":"Second Wind","floor":24.0},{"not_picked":["Pommel Strike","Armaments","Uppercut+1"],"picked":"SKIP","floor":25.0},{"not_picked":["Burning Pact","Inflame"],"picked":"Battle Trance","floor":28.0},{"not_picked":["Bludgeon","Impervious"],"picked":"Corruption","floor":33.0},{"not_picked":["Battle Trance","Spot Weakness+1","Ghostly Armor"],"picked":"SKIP","floor":35.0},{"not_picked":["Metallicize","Twin Strike","Dropkick+1"],"picked":"SKIP","floor":38.0},{"not_picked":["Wild Strike","Searing Blow","Clash+1"],"picked":"SKIP","floor":39.0},{"not_picked":["Wild Strike","Shockwave+1","Sword Boomerang"],"picked":"SKIP","floor":41.0},{"not_picked":["Reckless Charge","Armaments"],"picked":"Flame Barrier+1","floor":42.0},{"not_picked":["Flame Barrier","Berserk"],"picked":"Seeing Red","floor":45.0},{"not_picked":["Disarm","Blood for Blood+1","Dropkick"],"picked":"SKIP","floor":49.0}],"player_experience":853399,"relics_obtained":[{"floor":7.0,"key":"Thread and Needle"},{"floor":9.0,"key":"Juzu Bracelet"},{"floor":12.0,"key":"Ginger"},{"floor":14.0,"key":"Shuriken"},{"floor":24.0,"key":"PreservedInsect"},{"floor":26.0,"key":"Paper Frog"},{"floor":28.0,"key":"Charon\u0027s Ashes"},{"floor":28.0,"key":"Bottled Lightning"},{"floor":36.0,"key":"Mango"},{"floor":41.0,"key":"Omamori"},{"floor":43.0,"key":"Orichalcum"},{"floor":45.0,"key":"Pocketwatch"}],"event_choices":[{"damage_healed":0.0,"max_hp_gain":0.0,"max_hp_loss":0.0,"gold_gain":75.0,"event_name":"World of Goop","player_choice":"Gather Gold","floor":2.0,"gold_loss":0.0,"damage_taken":11.0},{"cards_removed":["Strike_R"],"damage_healed":0.0,"max_hp_gain":0.0,"max_hp_loss":0.0,"gold_gain":0.0,"event_name":"Living Wall","player_choice":"Forget","floor":3.0,"gold_loss":0.0,"damage_taken":0.0},{"damage_healed":0.0,"max_hp_gain":0.0,"max_hp_loss":0.0,"gold_gain":0.0,"event_name":"Shining Light","player_choice":"Entered Light","floor":5.0,"gold_loss":0.0,"damage_taken":23.0,"cards_upgraded":["Strike_R","Defend_R"]},{"damage_healed":0.0,"max_hp_gain":0.0,"max_hp_loss":0.0,"gold_gain":150.0,"event_name":"Liars Game","player_choice":"AGREE","floor":8.0,"gold_loss":0.0,"damage_taken":0.0,"cards_obtained":["Doubt"]},{"cards_removed":["Burning Pact"],"damage_healed":0.0,"max_hp_gain":0.0,"max_hp_loss":0.0,"gold_gain":0.0,"event_name":"WeMeetAgain","player_choice":"Gave Card","floor":19.0,"gold_loss":0.0,"damage_taken":0.0,"relics_obtained":["Blood Vial"]},{"damage_healed":0.0,"max_hp_gain":0.0,"max_hp_loss":0.0,"gold_gain":0.0,"event_name":"Upgrade Shrine","player_choice":"Upgraded","floor":20.0,"gold_loss":0.0,"damage_taken":0.0,"cards_upgraded":["Evolve"]},{"damage_healed":0.0,"max_hp_gain":0.0,"max_hp_loss":0.0,"gold_gain":0.0,"event_name":"Colosseum","player_choice":"Fight","floor":28.0,"gold_loss":0.0,"damage_taken":0.0},{"damage_healed":0.0,"max_hp_gain":0.0,"max_hp_loss":0.0,"gold_gain":0.0,"event_name":"Colosseum","player_choice":"Fought Nobs","floor":28.0,"gold_loss":0.0,"damage_taken":0.0},{"cards_removed":["Strike_R"],"damage_healed":0.0,"max_hp_gain":0.0,"max_hp_loss":0.0,"gold_gain":0.0,"event_name":"Back to Basics","player_choice":"Elegance","floor":29.0,"gold_loss":0.0,"damage_taken":0.0},{"damage_healed":0.0,"max_hp_gain":0.0,"max_hp_loss":0.0,"gold_gain":0.0,"event_name":"MindBloom","player_choice":"Fight","floor":36.0,"gold_loss":0.0,"damage_taken":0.0},{"cards_removed":["Strike_R"],"damage_healed":0.0,"max_hp_gain":0.0,"max_hp_loss":0.0,"gold_gain":0.0,"event_name":"Bonfire Elementals","player_choice":"Offered Basic","floor":37.0,"gold_loss":0.0,"damage_taken":0.0},{"damage_healed":0.0,"max_hp_gain":0.0,"max_hp_loss":0.0,"gold_gain":0.0,"event_name":"Accursed Blacksmith","player_choice":"Forge","floor":46.0,"gold_loss":0.0,"damage_taken":0.0,"cards_upgraded":["Corruption"]},{"cards_removed":["Strike_R"],"damage_healed":0.0,"max_hp_gain":0.0,"max_hp_loss":0.0,"gold_gain":0.0,"event_name":"Falling","player_choice":"Removed Attack","floor":47.0,"gold_loss":0.0,"damage_taken":0.0}],"is_beta":false,"boss_relics":[{"not_picked":["SlaversCollar","Pandora\u0027s Box"],"picked":"SacredBark"},{"not_picked":["Runic Cube","Astrolabe"],"picked":"Fusion Hammer"}],"items_purged_floors":[10,21,48],"is_endless":false,"potions_floor_spawned":[4,12,14,18,33,38,39,41,45],"ascension_level":17}}