{"host":"m77rrhbqzv44va4v","time":1609427314,"event":{"mods":["AchievementEnabler","BaseMod","Colored Map","DeckTracker","Keyboard Shortcuts","Minty Spire (QoL Compilation)","StSLib","SuperFastMode","everything is the same but u backflip on backflip"],"gold_per_floor":[13,32,42,53,69,69,103,103,152,162,177,190,40,57,57,129,129,143,161,171,191,210,210,242,242,242,254,293,322,351,381,393,405,405],"floor_reached":33,"playtime":2291,"items_purged":["Strike_G"],"score":598,"play_id":"35e4cfd1-bbcf-42b2-96b5-b3b07340b542","local_time":"20210101000834","is_ascension_mode":true,"campfire_choices":[{"data":"Well Laid Plans","floor":6.0,"key":"SMITH"},{"floor":15.0,"key":"REST"},{"floor":23.0,"key":"REST"},{"floor":25,"key":"REST"},{"floor":27,"key":"REST"},{"floor":32,"key":"REST"}],"circlet_count":0,"master_deck":["AscendersBane","Strike_G","Strike_G","Strike_G","Defend_G","Defend_G","Defend_G","Defend_G","Defend_G","Survivor","Neutralize","Backstab","Quick Slash","Well Laid Plans+1","Predator","Underhanded Strike","Dagger Throw","Bouncing Flask","Underhanded Strike","Escape Plan","Eviscerate","Venomology","CurseOfTheBell","Calculated Gamble","Escape Plan","PiercingWail","Tools of the Trade","Acrobatics","PiercingWail","Backflip","Dash"],"relics":["Ring of the Snake","StoneCalendar","Bag of Marbles","Toy Ornithopter","Calling Bell","Nunchaku","Meat on the Bone","Bird Faced Urn","Letter Opener","MawBank","Smiling Mask"],"acts_visited":["Exordium","TheCity"],"potions_floor_usage":[24,28,28,29,30,30,31,31,31,33,33],"damage_taken":[{"damage":3.0,"enemies":"Cultist","floor":1.0,"turns":4.0},{"damage":1.0,"enemies":"Jaw Worm","floor":2.0,"turns":4.0},{"damage":1.0,"enemies":"Small Slimes","floor":3.0,"turns":3.0},{"damage":2.0,"enemies":"2 Fungi Beasts","floor":4.0,"turns":5.0},{"damage":8.0,"enemies":"Blue Slaver","floor":5.0,"turns":4.0},{"damage":8.0,"enemies":"Gremlin Nob","floor":7.0,"turns":3.0},{"damage":0.0,"enemies":"3 Louse","floor":10.0,"turns":2.0},{"damage":8.0,"enemies":"Exordium Wildlife","floor":11.0,"turns":4.0},{"damage":0.0,"enemies":"Blue Slaver","floor":12.0,"turns":1.0},{"damage":3.0,"enemies":"Exordium Thugs","floor":14.0,"turns":3.0},{"damage":31.0,"enemies":"The Guardian","floor":16.0,"turns":11.0},{"damage":11.0,"enemies":"2 Thieves","floor":18.0,"turns":3.0},{"damage":9.0,"enemies":"3 Byrds","floor":19.0,"turns":5.0},{"damage":22.0,"enemies":"Snake Plant","floor":20.0,"turns":4.0},{"damage":14.0,"enemies":"Centurion and Healer","floor":21.0,"turns":7.0},{"damage":47.0,"enemies":"3 Cultists","floor":22.0,"turns":7.0},{"damage":43,"enemies":"Slavers","floor":24,"turns":7},{"damage":49,"enemies":"Book of Stabbing","floor":28,"turns":6},{"damage":22,"enemies":"Chosen and Byrds","floor":29,"turns":7},{"damage":30,"enemies":"Snecko","floor":30,"turns":7},{"damage":8,"enemies":"Centurion and Healer","floor":31,"turns":7},{"damage":75,"enemies":"Automaton","floor":33,"turns":10}],"seed_played":"5185289867565196328","potions_obtained":[{"floor":1.0,"key":"FearPotion"},{"floor":2.0,"key":"Swift Potion"},{"floor":10.0,"key":"Ancient Potion"},{"floor":12.0,"key":"DuplicationPotion"},{"floor":18.0,"key":"BlessingOfTheForge"},{"floor":20.0,"key":"LiquidMemories"},{"floor":24,"key":"BlessingOfTheForge"},{"floor":28,"key":"Ancient Potion"},{"floor":30,"key":"Swift Potion"}],"is_trial":false,"path_per_floor":["M","M","M","M","M","R","E","?","T","M","M","M","$","M","R","B",null,"M","M","M","M","M","R","E","R","T","R","E","M","M","M","R","B"],"character_chosen":"THE_SILENT","items_purchased":["Escape Plan"],"campfire_rested":5,"item_purchase_floors":[13],"current_hp_per_floor":[56,55,54,52,44,44,36,36,36,36,28,28,28,25,44,13,53,54,57,47,40,21,40,18,37,37,56,33,32,24,35,54,0,0],"gold":405,"neow_bonus":"ONE_RARE_RELIC","is_daily":false,"chose_seed":false,"campfire_upgraded":1,"win_rate":0.0,"timestamp":1609427314,"path_taken":["M","M","?","M","M","R","E","?","T","M","M","M","$","M","R","BOSS","M","?","M","M","M","R","E","R","T","R","E","M","M","M","R","BOSS"],"items_purchased_type":["Card"],"build_version":"2020-12-22","purchased_purges":1,"victory":false,"max_hp_per_floor":[66,66,66,66,66,66,66,66,66,66,66,66,66,66,66,66,66,66,66,66,66,66,66,66,66,66,66,66,66,66,66,66,66,66],"card_choices":[{"not_picked":["All Out Attack","Endless Agony"],"picked":"Backstab","floor":1.0},{"not_picked":["Bane","Prepared"],"picked":"Quick Slash","floor":2.0},{"not_picked":["Prepared","Blur"],"picked":"Well Laid Plans","floor":3.0},{"not_picked":["Sucker Punch","Acrobatics"],"picked":"Predator","floor":4.0},{"not_picked":["Outmaneuver","Distraction"],"picked":"Underhanded Strike","floor":5.0},{"not_picked":["Cloak And Dagger","Endless Agony"],"picked":"Dagger Throw","floor":7.0},{"not_picked":["Deflect","Flying Knee"],"picked":"Underhanded Strike","floor":10.0},{"not_picked":["Dagger Throw","Heel Hook","Distraction"],"picked":"SKIP","floor":11.0},{"not_picked":["Distraction","Unload","Concentrate"],"picked":"SKIP","floor":12.0},{"not_picked":["Expertise","Poisoned Stab"],"picked":"Eviscerate","floor":14.0},{"not_picked":["After Image","Die Die Die"],"picked":"Venomology","floor":16.0},{"not_picked":["Riddle With Holes","Catalyst"],"picked":"Calculated Gamble","floor":18.0},{"not_picked":["Bane","Dodge and Roll"],"picked":"Escape Plan","floor":19.0},{"not_picked":["Bouncing Flask","Blur"],"picked":"PiercingWail","floor":20.0},{"not_picked":["Bane","Backstab","Flechettes"],"picked":"SKIP","floor":21.0},{"not_picked":["Deflect","All Out Attack"],"picked":"Tools of the Trade","floor":22.0},{"not_picked":["Flying Knee+1","Deadly Poison"],"picked":"Acrobatics","floor":24},{"not_picked":["Corpse Explosion","Setup"],"picked":"PiercingWail","floor":28},{"not_picked":["Outmaneuver","Deadly Poison"],"picked":"Backflip","floor":30},{"not_picked":["Predator","Deadly Poison"],"picked":"Dash","floor":31}],"player_experience":857083,"relics_obtained":[{"floor":7.0,"key":"Bag of Marbles"},{"floor":9.0,"key":"Toy Ornithopter"},{"floor":17.0,"key":"Nunchaku"},{"floor":17.0,"key":"Meat on the Bone"},{"floor":17.0,"key":"Bird Faced Urn"},{"floor":24,"key":"Letter Opener"},{"floor":26,"key":"MawBank"},{"floor":28,"key":"Smiling Mask"}],"event_choices":[{"damage_healed":0.0,"max_hp_gain":0.0,"max_hp_loss":0.0,"gold_gain":0.0,"cards_transformed":["Strike_G"],"event_name":"Transmorgrifier","player_choice":"Transformed","floor":8.0,"gold_loss":0.0,"damage_taken":0.0,"cards_obtained":["Bouncing Flask"]}],"is_beta":false,"boss_relics":[{"not_picked":["Busted Crown","Empty Cage"],"picked":"Calling Bell"}],"items_purged_floors":[13],"is_endless":false,"potions_floor_spawned":[1,2,4,5,10,12,18,20,24,28,30],"killed_by":"Automaton","ascension_level":20}}