{"host":"igj4vwc42ivwqexo","time":1609418026,"event":{"mods":["BaseMod","Better Third Choice","Koishi","Marisa????????","Minty Spire (QoL Compilation)","Shop Mod","StSLib","The Blue Laboratory","The Disciple","The Hierophant","The Servant 0.9.4"],"gold_per_floor":[115,115,115,133,145,145,170,170,193,212,212,226,17,51,51,154,154,154,154],"floor_reached":18,"playtime":1180,"items_purged":[],"score":204,"play_id":"2268e62c-c754-46d1-b2ea-1c30c62904e0","local_time":"20201231133346","is_ascension_mode":true,"campfire_choices":[{"data":"Zap","floor":6,"key":"SMITH"},{"data":"Dualcast","floor":8,"key":"SMITH"},{"data":"Aggregate","floor":11,"key":"SMITH"},{"data":"Double Energy","floor":15,"key":"SMITH"}],"circlet_count":0,"master_deck":["Strike_B","Strike_B","Strike_B+1","Strike_B","Defend_B","Defend_B","Defend_B","Defend_B+1","Zap+1","Dualcast+1","Cold Snap","Compile Driver","Cold Snap","Aggregate+1","Aggregate","Double Energy+1","Self Repair","Skim","Turbo","Cold Snap","Defragment","Fission"],"relics":["Cracked Core","Regal Pillow","Potion Belt","Ornamental Fan","Nuclear Battery"],"acts_visited":["Exordium","TheCity"],"potions_floor_usage":[12,16],"damage_taken":[{"damage":3,"enemies":"Small Slimes","floor":1,"turns":3},{"damage":1,"enemies":"Cultist","floor":4,"turns":4},{"damage":0,"enemies":"2 Louse","floor":5,"turns":1},{"damage":13,"enemies":"3 Sentries","floor":7,"turns":7},{"damage":2,"enemies":"Looter","floor":10,"turns":3},{"damage":0,"enemies":"Large Slime","floor":12,"turns":3},{"damage":35,"enemies":"Gremlin Nob","floor":14,"turns":5},{"damage":9,"enemies":"The Guardian","floor":16,"turns":15},{"damage":85,"enemies":"Shell Parasite","floor":18,"turns":6}],"seed_played":"-7194707704254591459","potions_obtained":[{"floor":7,"key":"blueLaboratory:BottledHope"},{"floor":10,"key":"Fire Potion"},{"floor":16,"key":"Energy Potion"}],"is_trial":false,"path_per_floor":["M","?","?","M","M","R","E","R","T","M","R","M","$","E","R","B",null,"M"],"character_chosen":"DEFECT","items_purchased":["Self Repair","Skim","Turbo","Cold Snap"],"campfire_rested":0,"item_purchase_floors":[13,13,13,13],"current_hp_per_floor":[79,63,63,62,62,62,49,49,49,47,47,47,47,19,19,10,82,0,0],"gold":154,"neow_bonus":"TEN_PERCENT_HP_BONUS","is_daily":false,"chose_seed":false,"campfire_upgraded":4,"win_rate":0.0,"timestamp":1609418026,"path_taken":["M","?","?","?","M","R","E","R","T","M","R","M","$","E","R","BOSS","M"],"items_purchased_type":["Card","Card","Card","Card"],"build_version":"2020-12-22","purchased_purges":0,"victory":false,"max_hp_per_floor":[82,82,82,82,82,82,82,82,82,82,82,82,82,82,82,82,82,82,82],"card_choices":[{"not_picked":["Redo","Sweeping Beam"],"picked":"Cold Snap","floor":1},{"not_picked":["Sweeping Beam","Gash"],"picked":"Compile Driver","floor":4},{"not_picked":["Doom and Gloom","Barrage"],"picked":"Cold Snap","floor":5},{"not_picked":["Streamline","Hologram"],"picked":"Aggregate","floor":7},{"not_picked":["Coolheaded","Force Field"],"picked":"Aggregate","floor":10},{"not_picked":["Coolheaded","Ball Lightning"],"picked":"Double Energy","floor":12},{"not_picked":["Redo","Cold Snap"],"picked":"Defragment","floor":14},{"not_picked":["Hyperbeam","Reboot"],"picked":"Fission","floor":16}],"player_experience":268550,"relics_obtained":[{"floor":7,"key":"Regal Pillow"},{"floor":9,"key":"Potion Belt"},{"floor":14,"key":"Ornamental Fan"}],"event_choices":[{"damage_healed":79,"gold_gain":0,"player_choice":"Upgrade","damage_taken":16,"max_hp_gain":0,"max_hp_loss":82,"event_name":"betterThird:BetterShining","floor":2,"gold_loss":0,"cards_upgraded":["Defend_B","Strike_B"]},{"damage_healed":0,"gold_gain":0,"player_choice":"Bought 0 Potions","damage_taken":0,"max_hp_gain":0,"max_hp_loss":0,"event_name":"The Woman in Blue","floor":3,"gold_loss":0}],"is_beta":false,"boss_relics":[{"not_picked":["Busted Crown","SacredBark"],"picked":"Nuclear Battery"}],"items_purged_floors":[],"is_endless":false,"potions_floor_spawned":[7,10,16],"killed_by":"Shell Parasite","ascension_level":4}}