{"host":"6pgtslebjnyv5xmi","time":1609392566,"event":{"mods":["AchievementEnabler","BaseMod","Colored Map","Minty Spire (QoL Compilation)","Rare Cards Sparkle","StSLib","SuperFastMode","everything is the same but u backflip on backflip"],"gold_per_floor":[118,118,118,293,293,293,312,377,426,426,72,83,49,67,67,168,168,179,179,79,79,91,91,111,127,151,151,167,178,193,193,193],"floor_reached":31,"playtime":920,"items_purged":["Doubt","Clothesline"],"score":227,"play_id":"1662376d-9442-4152-af6c-75e5576f7516","local_time":"20201231142926","is_ascension_mode":false,"campfire_choices":[{"data":"Clash","floor":6.0,"key":"SMITH"},{"data":"Berserk","floor":10.0,"key":"SMITH"},{"data":"Rampage","floor":15.0,"key":"SMITH"},{"floor":23.0,"key":"REST"},{"floor":27.0,"key":"REST"}],"circlet_count":0,"master_deck":["Bash","Clash+1","Inflame","Berserk+1","Armaments+1","Dual Wield+1","Rampage+1","Armaments+1","Double Tap+1","Feed","Carnage","Double Tap+1","Hemokinesis","Heavy Blade","Bludgeon","Heavy Blade","Corruption","Shockwave+1","Armaments+1","Limit Break+1"],"relics":["Burning Blood","NeowsBlessing","Gremlin Horn","InkBottle","Toxic Egg 2","Ancient Tea Set","Mercury Hourglass","Pandora\u0027s Box","Sundial","Boot"],"acts_visited":["Exordium","TheCity"],"potions_floor_usage":[],"damage_taken":[{"damage":0.0,"enemies":"Cultist","floor":1.0,"turns":1.0},{"damage":0.0,"enemies":"Small Slimes","floor":7.0,"turns":1.0},{"damage":0.0,"enemies":"3 Sentries","floor":8.0,"turns":1.0},{"damage":0.0,"enemies":"2 Louse","floor":12.0,"turns":2.0},{"damage":0.0,"enemies":"Large Slime","floor":14.0,"turns":3.0},{"damage":39.0,"enemies":"The Guardian","floor":16.0,"turns":4.0},{"damage":30.0,"enemies":"2 Thieves","floor":18.0,"turns":3.0},{"damage":14.0,"enemies":"3 Byrds","floor":22.0,"turns":3.0},{"damage":4.0,"enemies":"Snake Plant","floor":24.0,"turns":1.0},{"damage":33.0,"enemies":"Centurion and Healer","floor":25.0,"turns":3.0},{"damage":2.0,"enemies":"Snecko","floor":28.0,"turns":2.0},{"damage":45.0,"enemies":"Cultist and Chosen","floor":29.0,"turns":6.0},{"damage":20.0,"enemies":"3 Cultists","floor":30.0,"turns":4.0},{"damage":44,"enemies":"Shelled Parasite and Fungi","floor":31,"turns":3}],"seed_played":"7939281248463051065","potions_obtained":[{"floor":7.0,"key":"BlessingOfTheForge"},{"floor":8.0,"key":"SteroidPotion"},{"floor":12.0,"key":"LiquidMemories"},{"floor":18.0,"key":"PowerPotion"},{"floor":24.0,"key":"DistilledChaos"},{"floor":29.0,"key":"BlessingOfTheForge"}],"is_trial":false,"path_per_floor":["M","?","?","?","?","R","M","?","T","R","$","M","$","M","R","B",null,"M","?","$","?","M","R","M","M","T","R","M","M","M","M"],"character_chosen":"IRONCLAD","items_purchased":["Armaments+1","Mercury Hourglass","Rampage"],"campfire_rested":2,"item_purchase_floors":[11,11,13],"current_hp_per_floor":[80,73,73,73,66,66,72,78,78,78,78,80,80,80,80,47,80,59,59,59,59,54,79,81,54,54,79,86,51,37,0,0],"gold":193,"neow_bonus":"THREE_ENEMY_KILL","is_daily":false,"chose_seed":false,"campfire_upgraded":3,"win_rate":0.0,"timestamp":1609392566,"path_taken":["M","?","?","?","?","R","?","?","T","R","$","M","$","M","R","BOSS","M","?","$","?","M","R","M","M","T","R","M","M","M","M"],"items_purchased_type":["Card","Relic","Card"],"build_version":"2020-12-22","purchased_purges":2,"victory":false,"max_hp_per_floor":[80,80,80,80,80,80,80,80,80,80,80,80,80,80,80,80,80,83,83,83,83,86,86,86,86,86,86,89,93,93,93,93],"card_choices":[{"not_picked":["Clothesline","Pommel Strike"],"picked":"Clash","floor":1.0},{"not_picked":["Headbutt","Carnage"],"picked":"Inflame","floor":7.0},{"not_picked":["Warcry+1","Anger"],"picked":"Berserk","floor":8.0},{"not_picked":["Metallicize","Heavy Blade"],"picked":"Dual Wield+1","floor":12.0},{"not_picked":["Fire Breathing","Cleave"],"picked":"Armaments+1","floor":14.0},{"not_picked":["Feed","Berserk"],"picked":"Double Tap+1","floor":16.0},{"not_picked":["Pommel Strike","Twin Strike+1","Headbutt"],"picked":"SKIP","floor":18.0},{"not_picked":["Heavy Blade","Thunderclap","Dropkick"],"picked":"SKIP","floor":22.0},{"not_picked":["Fire Breathing+1","Thunderclap"],"picked":"Shockwave+1","floor":24.0},{"not_picked":["Sever Soul","Searing Blow","Headbutt+1"],"picked":"SKIP","floor":25.0},{"not_picked":["Sever Soul+1","Clothesline"],"picked":"Armaments+1","floor":28.0},{"not_picked":["Cleave","Wild Strike"],"picked":"Limit Break+1","floor":29.0},{"not_picked":["Pommel Strike","Armaments+1","Thunderclap"],"picked":"SKIP","floor":30.0}],"player_experience":633471,"relics_obtained":[{"floor":8.0,"key":"Toxic Egg 2"},{"floor":9.0,"key":"Ancient Tea Set"},{"floor":26.0,"key":"Boot"}],"event_choices":[{"damage_healed":0.0,"max_hp_gain":0.0,"max_hp_loss":0.0,"gold_gain":0.0,"event_name":"Scrap Ooze","player_choice":"Success","floor":2.0,"gold_loss":0.0,"damage_taken":7.0,"relics_obtained":["Gremlin Horn"]},{"damage_healed":0.0,"max_hp_gain":0.0,"max_hp_loss":0.0,"gold_gain":0.0,"event_name":"Big Fish","player_choice":"Box","floor":3.0,"gold_loss":0.0,"damage_taken":0.0,"relics_obtained":["InkBottle"],"cards_obtained":["Regret"]},{"damage_healed":0.0,"max_hp_gain":0.0,"max_hp_loss":0.0,"gold_gain":175.0,"event_name":"Liars Game","player_choice":"AGREE","floor":4.0,"gold_loss":0.0,"damage_taken":0.0,"cards_obtained":["Doubt"]},{"cards_removed":["Regret"],"damage_healed":0.0,"max_hp_gain":0.0,"max_hp_loss":0.0,"gold_gain":0.0,"event_name":"Golden Wing","player_choice":"Card Removal","floor":5.0,"gold_loss":0.0,"damage_taken":7.0},{"damage_healed":0.0,"max_hp_gain":0.0,"max_hp_loss":0.0,"gold_gain":0.0,"event_name":"Dead Adventurer","player_choice":"Searched \u00272\u0027 times","floor":8.0,"gold_loss":0.0,"damage_taken":0.0},{"damage_healed":0.0,"max_hp_gain":0.0,"max_hp_loss":0.0,"gold_gain":0.0,"event_name":"Vampires","player_choice":"Ignored","floor":19.0,"gold_loss":0.0,"damage_taken":0.0},{"damage_healed":0.0,"max_hp_gain":0.0,"max_hp_loss":0.0,"gold_gain":0.0,"event_name":"The Mausoleum","player_choice":"Opened","floor":21.0,"gold_loss":0.0,"damage_taken":0.0,"relics_obtained":["Sundial"]}],"is_beta":false,"boss_relics":[{"not_picked":["Runic Dome","Snecko Eye"],"picked":"Pandora\u0027s Box"}],"items_purged_floors":[11,20],"is_endless":false,"potions_floor_spawned":[7,8,12,18,24,29],"killed_by":"Shelled Parasite and Fungi","ascension_level":0}}