{"host":"Zion","time":1609373010,"event":{"mods":["AchievementEnabler","BaseMod","Colored Map","DeckTracker","Minty Spire (QoL Compilation)","Quick Restart","Rare Cards Sparkle"],"gold_per_floor":[112,132,57,57,57,88,105,105,105,137,151,170,170,186,186,186,186],"floor_reached":16,"playtime":525,"items_purged":["Strike_R"],"score":178,"play_id":"c7a02255-0507-4202-bfb5-d0ac6942d0f7","local_time":"20201231090330","is_ascension_mode":true,"campfire_choices":[{"data":"Cleave","floor":8.0,"key":"SMITH"},{"data":"Shrug It Off","floor":13.0,"key":"SMITH"},{"data":"Wild Strike","floor":15.0,"key":"SMITH"}],"circlet_count":0,"master_deck":["Strike_R","Strike_R+1","Strike_R","Strike_R","Defend_R","Defend_R","Defend_R","Defend_R","Bash+1","Dual Wield","Cleave+1","Shrug It Off+1","Wild Strike+1"],"relics":["Burning Blood","NeowsBlessing","Sundial","Shuriken","Ornamental Fan","Bottled Lightning"],"acts_visited":["Exordium"],"potions_floor_usage":[16],"damage_taken":[{"damage":0.0,"enemies":"Cultist","floor":1.0,"turns":1.0},{"damage":0.0,"enemies":"Small Slimes","floor":2.0,"turns":1.0},{"damage":0.0,"enemies":"Lagavulin","floor":6.0,"turns":1.0},{"damage":1.0,"enemies":"2 Louse","floor":7.0,"turns":2.0},{"damage":30.0,"enemies":"3 Sentries","floor":10.0,"turns":7.0},{"damage":8.0,"enemies":"Blue Slaver","floor":11.0,"turns":3.0},{"damage":1.0,"enemies":"2 Fungi Beasts","floor":12.0,"turns":2.0},{"damage":10.0,"enemies":"Large Slime","floor":14.0,"turns":5.0},{"damage":49,"enemies":"The Guardian","floor":16,"turns":14}],"seed_played":"-641890300978627694","potions_obtained":[{"floor":1.0,"key":"SpeedPotion"},{"floor":2.0,"key":"DuplicationPotion"},{"floor":10.0,"key":"PowerPotion"},{"floor":14.0,"key":"FairyPotion"}],"is_trial":false,"path_per_floor":["M","M","$","?","?","E","M","R","T","E","M","M","R","M","R","B"],"character_chosen":"IRONCLAD","items_purchased":[],"campfire_rested":0,"item_purchase_floors":[],"current_hp_per_floor":[78,80,80,64,64,70,75,75,75,51,49,54,54,50,50,1,1],"gold":186,"neow_bonus":"THREE_ENEMY_KILL","is_daily":false,"chose_seed":false,"campfire_upgraded":3,"win_rate":0.0,"timestamp":1609373010,"path_taken":["M","M","$","?","?","E","?","R","T","E","?","M","R","M","R","BOSS"],"items_purchased_type":[],"build_version":"2020-12-18","purchased_purges":1,"victory":false,"max_hp_per_floor":[80,80,80,80,80,80,80,80,80,80,80,80,80,80,80,80,80],"card_choices":[{"not_picked":["Evolve","Perfected Strike","Anger"],"picked":"SKIP","floor":1.0},{"not_picked":["Warcry","Blood for Blood"],"picked":"Dual Wield","floor":2.0},{"not_picked":["Carnage","True Grit"],"picked":"Cleave","floor":6.0},{"not_picked":["Anger","Feel No Pain","Havoc"],"picked":"SKIP","floor":7.0},{"not_picked":["Anger","Feel No Pain","Havoc"],"picked":"SKIP","floor":7.0},{"not_picked":["Dark Embrace","Flex"],"picked":"Shrug It Off","floor":10.0},{"not_picked":["True Grit","Sword Boomerang"],"picked":"Wild Strike","floor":11.0},{"not_picked":["Warcry","Limit Break","Thunderclap"],"picked":"SKIP","floor":12.0},{"not_picked":["Warcry","Limit Break","Thunderclap"],"picked":"SKIP","floor":12.0},{"not_picked":["Spot Weakness","Intimidate","Sword Boomerang"],"picked":"SKIP","floor":14.0}],"player_experience":197947,"relics_obtained":[{"floor":6.0,"key":"Shuriken"},{"floor":9.0,"key":"Ornamental Fan"},{"floor":10.0,"key":"Bottled Lightning"}],"event_choices":[{"damage_healed":0.0,"max_hp_gain":0.0,"max_hp_loss":0.0,"gold_gain":0.0,"event_name":"Shining Light","player_choice":"Entered Light","floor":4.0,"gold_loss":0.0,"damage_taken":16.0,"cards_upgraded":["Strike_R","Bash"]},{"damage_healed":0.0,"max_hp_gain":0.0,"max_hp_loss":0.0,"gold_gain":0.0,"event_name":"WeMeetAgain","player_choice":"Gave Potion","floor":5.0,"gold_loss":0.0,"damage_taken":0.0,"relics_obtained":["Sundial"]}],"is_beta":true,"boss_relics":[],"items_purged_floors":[3],"is_endless":false,"potions_floor_spawned":[1,2,10,14],"killed_by":"The Guardian","ascension_level":6}}