{"host":"eemx8njkng76fu5x","time":1609390393,"event":{"mods":["2.2 Compatiblity","BaseMod","Downfall","Minty Spire (QoL Compilation)","Permanent Neow","StSLib","Unceasing Turn Reminder"],"gold_per_floor":[99,119,139,239,259,169,169,94,108,108,33,33,33,57,69,69,69,69],"floor_reached":16,"playtime":704,"items_purged":["champ:Execute"],"score":144,"play_id":"fe153656-a6bd-4c4e-833c-53c26eafad6b","local_time":"20201231125313","is_ascension_mode":true,"campfire_choices":[{"data":"champ:Taunt","floor":1.0,"key":"SMITH"},{"floor":8,"key":"RECALL"},{"data":"champ:GladiatorStyle","floor":11,"key":"SMITH"},{"data":"champ:PreciseThrust","floor":13,"key":"SMITH"}],"circlet_count":0,"master_deck":["AscendersBane","champ:Strike","champ:Strike","champ:Strike","champ:Strike","champ:Defend","champ:Defend","champ:Defend","champ:Defend","champ:Taunt+1","champ:BringItOn","champ:FlashCut","champ:GladiatorStyle+1","champ:CrookedStrike","champ:PreciseThrust+1","champ:RageSigil"],"relics":["champ:ChampionCrown","CloakClasp","downfall:HeartBlessingBlue","champ:GladiatorsBookOfMartialProwess","downfall:HeartBlessingRed","downfall:ShatteredFragment","Art of War"],"acts_visited":["Exordium"],"potions_floor_usage":[16],"damage_taken":[{"damage":9.0,"enemies":"Jaw Worm","floor":2.0,"turns":4.0},{"damage":5.0,"enemies":"Small Slimes","floor":3.0,"turns":3.0},{"damage":49.0,"enemies":"Small Slimes","floor":4.0,"turns":8.0},{"damage":0.0,"enemies":"2 Louse","floor":5.0,"turns":3.0},{"damage":5,"enemies":"downfall:FleeingMerchant","floor":6,"turns":4},{"damage":2,"enemies":"Large Slime","floor":9,"turns":7},{"damage":0,"enemies":"2 Fungi Beasts","floor":15,"turns":3},{"damage":40,"enemies":"downfall:Ironclad","floor":16,"turns":10}],"seed_played":"-661114071519031512","potions_obtained":[{"floor":9,"key":"Regen Potion"}],"is_trial":false,"path_per_floor":["R","M","M","?","M","$","T","R","M","?","R","?","R","T","M","B"],"character_chosen":"THE_CHAMP","items_purchased":[],"campfire_rested":0,"item_purchase_floors":[],"current_hp_per_floor":[81,77,77,43,43,43,43,53,51,51,51,24,24,24,24,0,0,0],"gold":69,"neow_bonus":"THREE_CARDS","is_daily":false,"chose_seed":false,"campfire_upgraded":3,"win_rate":0.0,"timestamp":1609390393,"path_taken":["R","M","M","?","M","$","T","R","M","?","R","?","R","?","M","BOSS"],"items_purchased_type":[],"build_version":"2020-12-22","purchased_purges":1,"victory":false,"max_hp_per_floor":[90,90,90,90,90,90,90,100,100,100,100,100,100,100,100,100,100,100],"card_choices":[{"not_picked":["champ:Haymaker","champ:CrookedStrike"],"picked":"champ:BringItOn","floor":0.0},{"not_picked":["champ:GladiatorsShout","champ:Riposte"],"picked":"champ:FlashCut","floor":2.0},{"not_picked":["champ:FalseCounter","champ:Circumvent"],"picked":"champ:GladiatorStyle","floor":3.0},{"not_picked":["champ:DefensiveShout","champ:RageSigil"],"picked":"champ:CrookedStrike","floor":4.0},{"not_picked":["champ:Encircle","champ:FanOfKnives"],"picked":"champ:PreciseThrust","floor":5.0},{"not_picked":["champ:ViciousMockery","champ:Aggression","champ:HeartStrike"],"picked":"SKIP","floor":6},{"not_picked":["champ:PerfectedStrike","champ:Control","champ:CrookedStrike"],"picked":"SKIP","floor":9},{"not_picked":["champ:ShieldWall","champ:TornadoPunch"],"picked":"champ:RageSigil","floor":15}],"player_experience":420015,"relics_obtained":[{"floor":4.0,"key":"CloakClasp"},{"floor":14,"key":"Art of War"}],"event_choices":[],"is_beta":false,"boss_relics":[],"items_purged_floors":[6],"is_endless":false,"potions_floor_spawned":[9],"killed_by":"downfall:Ironclad","ascension_level":12}}