{"host":"fmzez28jvs351f8f","time":1609446144,"event":{"mods":["AchievementEnabler","Act Like it!","Bard","BaseMod","Colored Powertips","Conspire","Defuse TimeMaze Blight","Energized Spire","Evolution","Gensokyo","GifTheSpireLib","Gold Saver","Halation","Hubris","Infinite Spire","Jedi Mod","Koishi","Marisa（霧雨　魔理沙）","Minty Spire (QoL Compilation)","Permanent Neow","Quick Restart","Reimu（博??梦）","Relic Stats","Remilia（蕾米莉?）","Replay The Spire","Spicy Shops","StSLib","SuperFastMode","The Mystic","The Poker Player","Uncapped"],"gold_per_floor":[874,129,145,145,155,184,184,31,80,5,5,5,5,24,24,120,120,137,236,249,259,259,291,291,305,332,332,332,415,463,463,499,170,170,337,337,364,109,158,258,370,432,432,432,478,478,565,603,659,691,691,877,877,887,894,894,894,894,935,935,935,958,958,985,277,237,265,265,358,358,370,372,132,132,132,132,143,143,169,169,169,176,199,199,199,291,291,299,307,307,307,1,0,0],"floor_reached":93,"playtime":3869,"items_purged":["Defend_MRS","MasterSpark","MachineGunSpark","Defend_MRS","Strike_MRS","TreasureHunter"],"score":1991,"play_id":"29743032-9188-4113-846f-e85768041230","local_time":"20201231212224","is_ascension_mode":false,"campfire_choices":[{"data":"BlazeAway","floor":7,"key":"SMITH"},{"data":"GalacticHalo","floor":12,"key":"SMITH"},{"data":"DoubleSpark","floor":15,"key":"SMITH"},{"data":"CollectingQuirk","floor":24,"key":"SMITH"},{"data":"Strike_MRS","floor":34,"key":"SMITH"},{"data":"Strike_MRS","floor":44,"key":"SMITH"},{"data":"Strike_MRS","floor":46,"key":"SMITH"},{"data":"Defend_MRS","floor":51,"key":"PURGE"},{"data":"Defend_MRS","floor":60,"key":"PURGE"},{"data":"Strike_MRS","floor":63,"key":"PURGE"},{"data":"1","floor":68,"key":"LIFT"},{"data":"2","floor":74,"key":"LIFT"},{"data":"3","floor":76,"key":"LIFT"},{"data":"Strike_MRS","floor":80,"key":"SMITH"},{"data":"Strike_MRS","floor":85,"key":"SMITH"},{"data":"CollectingQuirk+1","floor":90,"key":"PURGE"}],"circlet_count":0,"master_deck":["Strike_MRS","jedi:forcepull","BlazeAway+1","GalacticHalo+1","ChargeUpSpray+1","jedi:forcepull"],"relics":["MiniHakkero","EVO:Axolotl","Blood Vial","Blue Doll","HandDrill","Frozen Eye","Bag of Marbles","Vajra","OrangePellets","Replay:Rubber Ducky","hubris:Towel","hubris:Icosahedron","hubris:Backtick","jedi:heavyjacket","Meat on the Bone","Replay:Baseball","Replay:Bandana","Simple Rune","hubris:BottledHeart","halation:LettersToHer","halation:LostSnail","Empty Cage","Eternal Feather","hubris:MysteriousPyramids","Thread and Needle","SacredBark","Nunchaku","Gremlin Food","Peace Pipe","energizedSpire:SpiderWeb","Bag of Preparation","halation:StarCompass","Oddly Smooth Stone","hubris:ToyBattleship","jedi:arcanewood","Juzu Bracelet","Singing Bowl","Strawberry","Girya","PaintedHorse:ReiMu","Replay:Bottled Eggs","hubris:VirtuousBlindfold","Onion Ring","halation:PurpleSoulGem","Whetstone","Art of War","energizedSpire:MagnifyingGlass","DollysMirror","Regal Pillow"],"acts_visited":["Exordium","TheCity","TheBeyond","Exordium","TheCity","TheBeyond"],"potions_floor_usage":[35,35,52,93],"damage_taken":[{"damage":0,"enemies":"Small Slimes","floor":1,"turns":3},{"damage":6,"enemies":"Jaw Worm","floor":3,"turns":2},{"damage":5,"enemies":"2 Louse","floor":5,"turns":2},{"damage":4,"enemies":"Replay:BlueRogue","floor":6,"turns":3},{"damage":9,"enemies":"conspire:2 RoseBushes","floor":14,"turns":2},{"damage":0,"enemies":"Slime Boss","floor":16,"turns":4},{"damage":0,"enemies":"Shell Parasite","floor":18,"turns":1},{"damage":0,"enemies":"Spheric Guardian","floor":20,"turns":2},{"damage":0,"enemies":"conspire:HollyBat","floor":21,"turns":5},{"damage":32,"enemies":"Nightmare","floor":23,"turns":5},{"damage":0,"enemies":"Snake Plant","floor":25,"turns":1},{"damage":0,"enemies":"conspire:SneckoGhost","floor":29,"turns":3},{"damage":6,"enemies":"Snecko","floor":30,"turns":3},{"damage":0,"enemies":"Centurion and Healer","floor":32,"turns":1},{"damage":0,"enemies":"Automaton","floor":35,"turns":4},{"damage":0,"enemies":"3 Shapes","floor":37,"turns":1},{"damage":0,"enemies":"3 Darklings","floor":39,"turns":3},{"damage":0,"enemies":"Transient","floor":41,"turns":5},{"damage":0,"enemies":"R_Hoarder","floor":42,"turns":2},{"damage":0,"enemies":"Giant Head","floor":47,"turns":2},{"damage":0,"enemies":"Writhing Mass","floor":48,"turns":3},{"damage":0,"enemies":"Reptomancer","floor":49,"turns":2},{"damage":0,"enemies":"Spire Growth","floor":50,"turns":1},{"damage":0,"enemies":"Donu and Deca","floor":52,"turns":1},{"damage":0,"enemies":"Cultist","floor":54,"turns":3},{"damage":0,"enemies":"Small Slimes","floor":55,"turns":3},{"damage":0,"enemies":"3 Sentries","floor":59,"turns":3},{"damage":0,"enemies":"Gremlin Nob","floor":67,"turns":3},{"damage":0,"enemies":"The Guardian","floor":69,"turns":3},{"damage":0,"enemies":"2 Thieves","floor":71,"turns":3},{"damage":0,"enemies":"Chosen","floor":72,"turns":3},{"damage":0,"enemies":"Snecko","floor":77,"turns":3},{"damage":0,"enemies":"Cultist and Chosen","floor":82,"turns":3},{"damage":0,"enemies":"Gremlin Leader","floor":83,"turns":3},{"damage":0,"enemies":"conspire:MysteriousRune","floor":86,"turns":3},{"damage":0,"enemies":"Orb Walker","floor":88,"turns":3},{"damage":0,"enemies":"3 Shapes","floor":89,"turns":3},{"damage":8,"enemies":"Reptomancer","floor":93,"turns":2}],"seed_played":"-5474285467074132946","potions_obtained":[{"floor":5,"key":"Regen Potion"},{"floor":6,"key":"PowerPotion"},{"floor":14,"key":"FearPotion"},{"floor":20,"key":"PowerPotion"},{"floor":23,"key":"BottledSpark"},{"floor":37,"key":"Block Potion"},{"floor":39,"key":"Venom Potion"},{"floor":41,"key":"LiquidMemories"},{"floor":52,"key":"Elixir"},{"floor":54,"key":"DuplicationPotion"}],"is_trial":false,"path_per_floor":["M","$","M","?","M","E","R","$","T","$","?","R","?","M","R","B",null,"M","?","M","M","AVR","NM","R","M","T","PTL","PTL","E","M","?","M","$","R","B",null,"M","$","M","?","M","E","AVR","R","T","R","E","M","E","M","R","B",null,"M","M","?","AVR","?","E","R","?","T","R","T","$","?","E","R","B",null,"M","M","$","R","?","R","M","?","T","R","?","M","E","AVR","R","B",null,"M","M","R","?","$","E"],"character_chosen":"MARISA","items_purchased":["Blood Vial","Blue Doll","BlazeAway","HandDrill","Frozen Eye","Bag of Marbles","OrangePellets","halation:LettersToHer","halation:LostSnail","Eternal Feather","Singing Bowl","Strawberry","Girya","Onion Ring","DollysMirror","Regal Pillow"],"campfire_rested":0,"item_purchase_floors":[2,2,2,2,2,2,8,33,33,38,65,65,65,73,92,92],"current_hp_per_floor":[75,75,69,62,59,57,57,57,57,57,57,57,57,50,50,52,75,75,75,75,75,75,43,43,45,45,45,45,47,43,1,1,1,1,1,1,1,1,1,1,1,1,1,1,1,1,1,1,1,1,1,1,1,1,1,1,1,1,1,1,1,1,1,1,1,1,1,1,1,1,1,1,1,1,1,1,1,1,1,1,1,1,1,1,1,1,1,1,1,1,1,1,0,0],"gold":0,"neow_bonus":"RANDOM_COLORLESS","is_daily":false,"chose_seed":false,"campfire_upgraded":9,"win_rate":0.0,"timestamp":1609446144,"path_taken":["M","$","M","?","M","E","R","$","T","?","?","R","?","M","R","BOSS","M","?","M","M","AVR","NM","R","M","T","PTL","PTL","E","M","?","?","$","R","BOSS","M","$","M","?","M","E","AVR","R","T","R","E","?","E","M","R","BOSS","M","?","?","AVR","?","E","R","?","T","R","?","?","?","E","R","BOSS","M","M","?","?","?","R","M","?","T","R","?","M","E","AVR","R","BOSS","M","M","?","?","$","E"],"items_purchased_type":["Relic","Relic","Card","Relic","Relic","Relic","Relic","Relic","Relic","Relic","Relic","Relic","Relic","Relic","Relic","Relic"],"build_version":"2020-12-22","purchased_purges":6,"victory":false,"max_hp_per_floor":[75,75,75,75,75,75,75,75,75,75,75,75,75,75,75,75,75,75,75,75,75,75,75,75,75,75,75,75,75,75,1,1,1,1,1,1,1,1,1,1,1,1,1,1,1,1,1,1,1,1,1,1,1,1,1,1,1,1,1,1,1,1,1,1,1,1,1,1,1,1,1,1,1,1,1,1,1,1,1,1,1,1,1,1,1,1,1,1,1,1,1,1,1,1],"relic_stats":{"Regal Pillow":0,"Singing Bowl":22,"counters":[38,102],"Eternal Feather":0,"Bag of Preparation":[22],"Juzu Bracelet":3,"Whetstone":["Strike_MRS","UpSweep"],"Blood Vial":14,"Peace Pipe":4,"OrangePellets":[0],"Nunchaku":[4],"HandDrill":[24],"Art of War":[7],"obtain_stats":[{"halation:PurpleSoulGem":75,"Vajra":6,"hubris:VirtuousBlindfold":70,"EVO:Axolotl":0,"Whetstone":79,"hubris:MysteriousPyramids":42,"halation:StarCompass":61,"Blood Vial":2,"DollysMirror":92,"Strawberry":65,"HandDrill":2,"Girya":65,"Oddly Smooth Stone":62,"Eternal Feather":38,"OrangePellets":8,"jedi:heavyjacket":17,"Replay:Baseball":23,"hubris:BottledHeart":31,"PaintedHorse:ReiMu":66,"Simple Rune":29,"Onion Ring":73,"hubris:ToyBattleship":62,"energizedSpire:MagnifyingGlass":87,"MiniHakkero":0,"Meat on the Bone":22,"Regal Pillow":92,"Singing Bowl":65,"SacredBark":43,"Blue Doll":2,"Bag of Preparation":59,"Juzu Bracelet":64,"Empty Cage":36,"Replay:Rubber Ducky":9,"Frozen Eye":2,"Replay:Bandana":26,"Nunchaku":45,"hubris:Icosahedron":13,"hubris:Backtick":17,"Replay:Bottled Eggs":67,"halation:LettersToHer":33,"Gremlin Food":47,"Thread and Needle":42,"hubris:Towel":11,"energizedSpire:SpiderWeb":53,"Peace Pipe":49,"Bag of Marbles":2,"Art of War":83,"halation:LostSnail":33,"jedi:arcanewood":64},{"halation:PurpleSoulGem":31,"Vajra":4,"hubris:VirtuousBlindfold":29,"EVO:Axolotl":0,"Whetstone":32,"hubris:MysteriousPyramids":19,"halation:StarCompass":27,"Blood Vial":1,"DollysMirror":37,"Strawberry":27,"HandDrill":1,"Girya":27,"Oddly Smooth Stone":27,"Eternal Feather":16,"OrangePellets":4,"jedi:heavyjacket":6,"Replay:Baseball":10,"hubris:BottledHeart":13,"PaintedHorse:ReiMu":27,"Simple Rune":12,"Onion Ring":31,"hubris:ToyBattleship":27,"energizedSpire:MagnifyingGlass":35,"MiniHakkero":0,"Meat on the Bone":9,"Regal Pillow":37,"Singing Bowl":27,"SacredBark":19,"Blue Doll":1,"Bag of Preparation":27,"Juzu Bracelet":27,"Empty Cage":15,"Replay:Rubber Ducky":4,"Frozen Eye":1,"Replay:Bandana":11,"Nunchaku":19,"hubris:Icosahedron":4,"hubris:Backtick":6,"Replay:Bottled Eggs":28,"halation:LettersToHer":14,"Gremlin Food":20,"Thread and Needle":19,"hubris:Towel":4,"energizedSpire:SpiderWeb":24,"Peace Pipe":22,"Bag of Marbles":1,"Art of War":34,"halation:LostSnail":14,"jedi:arcanewood":27},{"halation:PurpleSoulGem":82,"Vajra":10,"hubris:VirtuousBlindfold":76,"EVO:Axolotl":0,"Whetstone":85,"hubris:MysteriousPyramids":52,"halation:StarCompass":70,"Blood Vial":3,"DollysMirror":100,"Strawberry":70,"HandDrill":3,"Girya":70,"Oddly Smooth Stone":70,"Eternal Feather":42,"OrangePellets":10,"jedi:heavyjacket":16,"Replay:Baseball":29,"hubris:BottledHeart":36,"PaintedHorse:ReiMu":70,"Simple Rune":33,"Onion Ring":82,"hubris:ToyBattleship":70,"energizedSpire:MagnifyingGlass":94,"MiniHakkero":0,"Meat on the Bone":24,"Regal Pillow":100,"Singing Bowl":70,"SacredBark":52,"Blue Doll":3,"Bag of Preparation":70,"Juzu Bracelet":70,"Empty Cage":41,"Replay:Rubber Ducky":10,"Frozen Eye":3,"Replay:Bandana":30,"Nunchaku":52,"hubris:Icosahedron":10,"hubris:Backtick":16,"Replay:Bottled Eggs":73,"halation:LettersToHer":37,"Gremlin Food":54,"Thread and Needle":52,"hubris:Towel":10,"energizedSpire:SpiderWeb":61,"Peace Pipe":59,"Bag of Marbles":3,"Art of War":91,"halation:LostSnail":37,"jedi:arcanewood":70}],"Meat on the Bone":0},"card_choices":[{"not_picked":["Dramatic Entrance","Replay:BasicMightCard"],"picked":"jedi:forcepull","floor":0},{"not_picked":["NonDirectionalLaser","DragonMeteor","Acceleration"],"picked":"SKIP","floor":1},{"not_picked":["DC","LuminesStrike"],"picked":"DoubleSpark","floor":3},{"not_picked":["IllusionStar","EarthLightRay","MagicChant"],"picked":"SKIP","floor":5},{"not_picked":["IllusionStar","StarBarrage"],"picked":"GalacticHalo","floor":6},{"not_picked":["EarthLightRay","MagicChant"],"picked":"MachineGunSpark","floor":14},{"not_picked":["BlazingStar","MillisecondPulsars"],"picked":"CollectingQuirk","floor":16},{"not_picked":["DarkMatter","MysteriousBeam+1","NonDirectionalLaser"],"picked":"SKIP","floor":18},{"not_picked":["DC+1","MagicChant","NonDirectionalLaser"],"picked":"SKIP","floor":20},{"not_picked":["SprinkleStarSeal","MaximisePower","IllusionStar"],"picked":"SKIP","floor":21},{"not_picked":["PulseMagic","RefractionSpark+1","MysteriousBeam"],"picked":"SKIP","floor":23},{"not_picked":["6A","SuperPerseids","MysteriousBeam"],"picked":"SKIP","floor":25},{"not_picked":["StarBarrage+1","ChargeUpSpray","GrandCross"],"picked":"SKIP","floor":29},{"not_picked":["ShootingEcho","6A","AsteroidBelt+1"],"picked":"SKIP","floor":30},{"not_picked":["EnergyRecoil","WitchOfGreed","Occultation+1"],"picked":"SKIP","floor":32},{"not_picked":["MaximisePower","JA"],"picked":"TreasureHunter","floor":35},{"not_picked":["GrandCross+1","DoubleSpark+1","GasGiant+1"],"picked":"SKIP","floor":37},{"not_picked":["WitchOfGreed+1","PowerUp+1","LuminesStrike"],"picked":"SKIP","floor":39},{"not_picked":["SprinkleStarSeal+1","MilkyWay+1","WitchOfGreed"],"picked":"SKIP","floor":41},{"not_picked":["MilkyWay","DoubleSpark","EnergyRecoil+1"],"picked":"SKIP","floor":42},{"not_picked":["WitchOfGreed","PropBag","SporeBomb"],"picked":"SKIP","floor":47},{"not_picked":["MysteriousBeam","Acceleration","BlazeAway"],"picked":"SKIP","floor":48},{"not_picked":["GalacticHalo","GasGiant+1","FairyDestructionRay"],"picked":"SKIP","floor":49},{"not_picked":["AsteroidBelt+1","DoubleSpark+1","SporeBomb"],"picked":"SKIP","floor":50},{"not_picked":["MysteriousBeam","GrandCross"],"picked":"ChargeUpSpray","floor":54},{"not_picked":["MysteriousBeam","WitchOfGreed","GalacticHalo"],"picked":"SKIP","floor":55},{"not_picked":["TreasureHunter","MilkyWay","Acceleration"],"picked":"SKIP","floor":59},{"not_picked":["ManaConvection","GasGiant","MysteriousBeam"],"picked":"Singing Bowl","floor":67},{"not_picked":["BlazingStar","FinalSpark","EscapeVelocity"],"picked":"Singing Bowl","floor":69},{"not_picked":["PowerUp","PropBag","ShootingEcho"],"picked":"Singing Bowl","floor":71},{"not_picked":["PowerUp","WitchLeyline","MagicChant"],"picked":"Singing Bowl","floor":72},{"not_picked":["DragonMeteor+1","MilkyWay","BlazingStar"],"picked":"Singing Bowl","floor":77},{"not_picked":["PowerUp","GravityBeat","DC"],"picked":"Singing Bowl","floor":82},{"not_picked":["6A+1","Orbital+1","OneTimeOff+1"],"picked":"Singing Bowl","floor":83},{"not_picked":["BinaryStars","JA","FinalSpark"],"picked":"Singing Bowl","floor":86},{"not_picked":["ReplayTheSpireMod:Haul","ReplayTheSpireMod:Echoes of Time","hubris:Rewind"],"picked":"Singing Bowl","floor":86},{"not_picked":["WitchOfGreed+1","SporeBomb","ShootingEcho+1"],"picked":"Singing Bowl","floor":88},{"not_picked":["DC","OrrerysSun+1","OpenUniverse"],"picked":"Singing Bowl","floor":89}],"player_experience":348595,"relics_obtained":[{"floor":6,"key":"Vajra"},{"floor":9,"key":"Replay:Rubber Ducky"},{"floor":23,"key":"Replay:Baseball"},{"floor":26,"key":"Replay:Bandana"},{"floor":29,"key":"Simple Rune"},{"floor":42,"key":"hubris:MysteriousPyramids"},{"floor":42,"key":"Thread and Needle"},{"floor":45,"key":"halation:LettersToHer"},{"floor":45,"key":"Nunchaku"},{"floor":47,"key":"Gremlin Food"},{"floor":49,"key":"Peace Pipe"},{"floor":59,"key":"Bag of Preparation"},{"floor":62,"key":"Oddly Smooth Stone"},{"floor":62,"key":"hubris:ToyBattleship"},{"floor":64,"key":"jedi:arcanewood"},{"floor":64,"key":"Juzu Bracelet"},{"floor":67,"key":"Replay:Bottled Eggs"},{"floor":79,"key":"halation:LettersToHer"},{"floor":79,"key":"Whetstone"},{"floor":83,"key":"Art of War"}],"event_choices":[{"cards_removed":["Strike_MRS"],"damage_healed":0,"gold_gain":0,"player_choice":"Card Removal","damage_taken":7,"max_hp_gain":0,"max_hp_loss":0,"event_name":"Golden Wing","floor":4,"gold_loss":0},{"damage_healed":0,"gold_gain":99,"player_choice":"Stole From Cult","damage_taken":0,"max_hp_gain":0,"max_hp_loss":0,"event_name":"Nest","floor":19,"gold_loss":0},{"damage_healed":0,"gold_gain":100,"player_choice":"Pray","damage_taken":0,"max_hp_gain":0,"max_hp_loss":0,"event_name":"Golden Shrine","floor":40,"gold_loss":0},{"damage_healed":0,"gold_gain":0,"player_choice":"Ignored","damage_taken":0,"max_hp_gain":0,"max_hp_loss":0,"event_name":"Liars Game","floor":56,"gold_loss":0},{"damage_healed":0,"gold_gain":0,"player_choice":"Leave","damage_taken":0,"max_hp_gain":0,"max_hp_loss":0,"event_name":"conspire:Investor","floor":58,"gold_loss":0},{"damage_healed":0,"gold_gain":0,"player_choice":"Donate","damage_taken":0,"relics_obtained":["PaintedHorse:ReiMu"],"max_hp_gain":0,"max_hp_loss":0,"event_name":"yidonshenshe","floor":66,"gold_loss":40},{"damage_healed":0,"gold_gain":0,"player_choice":"Heal","damage_taken":0,"max_hp_gain":0,"max_hp_loss":0,"event_name":"The Library","floor":78,"gold_loss":0},{"cards_removed":["UpSweep"],"damage_healed":0,"gold_gain":0,"player_choice":"Purged","damage_taken":0,"max_hp_gain":0,"max_hp_loss":0,"event_name":"Purifier","floor":81,"gold_loss":0},{"damage_healed":0,"gold_gain":0,"player_choice":"0 cards matched","damage_taken":0,"max_hp_gain":0,"max_hp_loss":0,"event_name":"Match and Keep!","floor":91,"gold_loss":0,"cards_obtained":[]}],"is_beta":false,"boss_relics":[{"not_picked":["ReplayTheSpireMod:SealedPack","hubris:RunicObelisk"],"picked":"hubris:Backtick"},{"not_picked":["Pandora\u0027s Box","Velvet Choker"],"picked":"Empty Cage"},{"not_picked":["Sozu","energizedSpire:NeverEndingSparkler"],"picked":"energizedSpire:SpiderWeb"},{"not_picked":["hubris:TerracottaHorce","halation:LoveArrow"],"picked":"hubris:VirtuousBlindfold"},{"not_picked":["conspire:RoyalGoblet","halation:PlatinumPhoenix"],"picked":"energizedSpire:MagnifyingGlass"}],"items_purged_floors":[10,22,33,38,43,57],"is_endless":true,"potions_floor_spawned":[5,6,14,20,23,30,32,37,39,41,42,52,54,55,67,82,83,89],"killed_by":"Reptomancer","ascension_level":0}}