{"host":"f6w7z8zvb0mi4wy9","time":1609434902,"event":{"mods":["BaseMod","Colored Map","Minty Spire (QoL Compilation)","READ ME - Guardian Mod","StSLib","SuperFastMode","The Bug Knight","The Disciple","The Jungle"],"gold_per_floor":[110,22,22,22,34,61,109,109,109,128,128,163,179,12,12,12,12],"floor_reached":16,"playtime":232,"items_purged":[],"score":266,"play_id":"8fd8ab92-c69c-454f-ba32-f7f6f7357978","local_time":"20210101021502","is_ascension_mode":true,"campfire_choices":[{"data":"Zap","floor":8.0,"key":"SMITH"},{"data":"Dualcast","floor":11.0,"key":"SMITH"},{"floor":15.0,"key":"REST"}],"circlet_count":0,"master_deck":["AscendersBane","Strike_B","Strike_B","Strike_B","Strike_B","Defend_B","Defend_B","Defend_B","Defend_B","Zap+1","Dualcast+1","Scrape","Capacitor","Static Discharge","Capacitor","Ball Lightning","Consume","Sweeping Beam"],"relics":["Cracked Core","NeowsBlessing","Nunchaku","Anchor","Gremlin Horn","Blue Candle","Runic Capacitor"],"acts_visited":["Exordium"],"potions_floor_usage":[16],"damage_taken":[{"damage":0.0,"enemies":"Jaw Worm","floor":1.0,"turns":1.0},{"damage":0.0,"enemies":"Cultist","floor":5.0,"turns":1.0},{"damage":0.0,"enemies":"3 Sentries","floor":6.0,"turns":2.0},{"damage":7.0,"enemies":"Small Slimes","floor":10.0,"turns":3.0},{"damage":30.0,"enemies":"Lagavulin","floor":12.0,"turns":6.0},{"damage":27.0,"enemies":"Exordium Wildlife","floor":13.0,"turns":6.0},{"damage":31,"enemies":"The Guardian","floor":16,"turns":2}],"seed_played":"-486601011468735949","potions_obtained":[{"floor":1.0,"key":"FocusPotion"},{"floor":13.0,"key":"ColorlessPotion"}],"is_trial":false,"path_per_floor":["M","$","?","$","M","E","T","R","T","M","R","E","M","$","R","B"],"character_chosen":"DEFECT","items_purchased":["Capacitor","Runic Capacitor"],"campfire_rested":1,"item_purchase_floors":[2,14],"current_hp_per_floor":[64,64,69,69,69,69,69,69,69,62,62,32,5,5,27,0,0],"gold":12,"neow_bonus":"THREE_ENEMY_KILL","is_daily":false,"chose_seed":false,"campfire_upgraded":2,"win_rate":0.0,"timestamp":1609434902,"path_taken":["M","$","?","$","M","E","?","R","T","?","R","E","M","?","R","BOSS"],"items_purchased_type":["Card","Relic"],"build_version":"2020-12-22","purchased_purges":0,"victory":false,"max_hp_per_floor":[71,71,76,76,76,76,76,76,76,76,76,76,76,76,76,76,76],"card_choices":[{"not_picked":["Blizzard","Conserve Battery"],"picked":"Scrape","floor":1.0},{"not_picked":["Sweeping Beam","Stack"],"picked":"Static Discharge","floor":5.0},{"not_picked":["Amplify","Rebound"],"picked":"Capacitor","floor":6.0},{"not_picked":["Stack","Gash"],"picked":"Ball Lightning","floor":10.0},{"not_picked":["Hologram","Conserve Battery"],"picked":"Consume","floor":12.0},{"not_picked":["Rebound","Meteor Strike"],"picked":"Sweeping Beam","floor":13.0}],"player_experience":844820,"relics_obtained":[{"floor":6.0,"key":"Nunchaku"},{"floor":7.0,"key":"Anchor"},{"floor":9.0,"key":"Gremlin Horn"},{"floor":12.0,"key":"Blue Candle"}],"event_choices":[{"damage_healed":0.0,"max_hp_gain":5.0,"max_hp_loss":0.0,"gold_gain":0.0,"event_name":"Big Fish","player_choice":"Donut","floor":3.0,"gold_loss":0.0,"damage_taken":0.0}],"is_beta":false,"boss_relics":[],"items_purged_floors":[],"is_endless":false,"potions_floor_spawned":[1,13],"killed_by":"The Guardian","ascension_level":20}}