{"host":"ggy1mjjy92c62u6a","time":1609389739,"event":{"mods":["10 clothes from DAL","BaseMod","LazyManMod","Minty Spire (QoL Compilation)","Quick Restart","Relic Stats","Shop Mod","Spicy Shops","StSLib","【功能Mod】混沌之环修复补丁","【角色mod】十八桐人","【遗物卡牌】REMEMod"],"gold_per_floor":[119,129,129,129,189,189,203,222,222,234,234,260,322,145,145,244,244,256,55,204,254,322,351,326,358,358,498,276,311,361,361,361],"floor_reached":31,"playtime":1242,"items_purged":["Strike_Black","Defend_Black","Strike_Black"],"score":385,"play_id":"846e2aa6-8b26-4dee-888f-d5ab54888a55","local_time":"20201231124219","is_ascension_mode":true,"campfire_choices":[{"data":"DevaForm","floor":6.0,"key":"SMITH"},{"data":"Thrust_Black","floor":11.0,"key":"SMITH"},{"data":"Track_Black","floor":15.0,"key":"SMITH"}],"circlet_count":0,"master_deck":["Strike_Black","Strike_Black","Defend_Black","Defend_Black","Observe_Black","DevaForm+1","Flash_Black","Thrust_Black+1","WartimeReply_Black","BrokenRibs_Black+1","Smile_Black+1","Track_Black+1","DarkRepulser_Black","HorizontalSquareChopping_Black+1","Ghost_Black+1","PrewarPrepare_Black+1","Mark_Black","StarBurstStream_Black+1"],"relics":["Aincard","REME_ComplimentaryCards","DALC_TEN","Toy Ornithopter","SsserpentHead","dwlrmod:ProjectRecorder","Tiny Chest","Toxic Egg 2","Elucidator","DALC_FOUR","Bronze Scales","Potion Belt","Question Card","Molten Egg 2","Art of War","Mercury Hourglass"],"acts_visited":["Exordium","TheCity"],"potions_floor_usage":[],"damage_taken":[{"damage":0.0,"enemies":"Jaw Worm","floor":1.0,"turns":3.0},{"damage":6.0,"enemies":"Small Slimes","floor":2.0,"turns":5.0},{"damage":0.0,"enemies":"Cultist","floor":5.0,"turns":3.0},{"damage":2.0,"enemies":"Gremlin Gang","floor":7.0,"turns":5.0},{"damage":16.0,"enemies":"Lots of Slimes","floor":8.0,"turns":4.0},{"damage":6.0,"enemies":"3 Louse","floor":10.0,"turns":5.0},{"damage":11.0,"enemies":"Lagavulin","floor":12.0,"turns":6.0},{"damage":7.0,"enemies":"Red Slaver","floor":13.0,"turns":4.0},{"damage":0.0,"enemies":"Hexaghost","floor":16.0,"turns":17.0},{"damage":23.0,"enemies":"3 Byrds","floor":18.0,"turns":7.0},{"damage":32.0,"enemies":"2 Thieves","floor":22.0,"turns":4.0},{"damage":27.0,"enemies":"Gremlin Leader","floor":23.0,"turns":4.0},{"damage":13.0,"enemies":"REME_1_Revenger","floor":25.0,"turns":7.0},{"damage":16.0,"enemies":"Gremlin Leader","floor":29.0,"turns":4.0},{"damage":30,"enemies":"Centurion and Healer","floor":31,"turns":1}],"seed_played":"-5551324923479305300","potions_obtained":[{"floor":2.0,"key":"Regen Potion"},{"floor":8.0,"key":"BlessingOfTheForge"},{"floor":10.0,"key":"GamblersBrew"},{"floor":23.0,"key":"SkillPotion"}],"is_trial":false,"path_per_floor":["M","M","?","?","M","R","M","M","T","M","R","E","M","$","R","B",null,"M","$","?","T","M","E","?","E","T","?","$","E","T","M"],"character_chosen":"THE_KIRITO","items_purchased":["Track_Black","DALC_FOUR","PrewarPrepare_Black+1","Mark_Black"],"campfire_rested":0,"item_purchase_floors":[14,19,28,28],"current_hp_per_floor":[80,74,71,71,71,71,69,53,53,47,47,56,55,55,55,80,64,53,53,53,53,25,30,30,34,34,22,22,20,20,0,0],"gold":361,"neow_bonus":"BOSS_RELIC","is_daily":false,"chose_seed":false,"campfire_upgraded":3,"win_rate":0.0,"timestamp":1609389739,"path_taken":["M","M","?","?","?","R","M","M","T","M","R","E","?","$","R","BOSS","M","?","?","?","?","E","?","E","T","?","$","E","?","M"],"items_purchased_type":["Card","Relic","Card","Card"],"build_version":"2020-12-22","purchased_purges":3,"victory":false,"max_hp_per_floor":[80,80,80,80,80,80,80,80,80,80,80,80,80,80,80,80,64,64,64,64,64,64,64,64,64,64,64,64,64,64,64,64],"relic_stats":{"SsserpentHead":450,"counters":[15,79],"Bronze Scales":[72],"Tiny Chest":2,"Art of War":[0],"Question Card":1,"obtain_stats":[{"Potion Belt":23,"dwlrmod:ProjectRecorder":5,"DALC_TEN":0,"Aincard":0,"Question Card":25,"Mercury Hourglass":30,"SsserpentHead":4,"DALC_FOUR":19,"Bronze Scales":21,"Tiny Chest":9,"Molten Egg 2":26,"Art of War":29,"Toxic Egg 2":12,"Toy Ornithopter":3,"Elucidator":17,"TheHeartOfYui":0,"REME_ComplimentaryCards":0},{"Potion Belt":12,"dwlrmod:ProjectRecorder":3,"DALC_TEN":0,"Aincard":0,"Question Card":13,"Mercury Hourglass":14,"SsserpentHead":2,"DALC_FOUR":10,"Bronze Scales":10,"Tiny Chest":5,"Molten Egg 2":13,"Art of War":14,"Toxic Egg 2":7,"Toy Ornithopter":2,"Elucidator":9,"TheHeartOfYui":0,"REME_ComplimentaryCards":0},{"Potion Belt":67,"dwlrmod:ProjectRecorder":11,"DALC_TEN":0,"Aincard":0,"Question Card":74,"Mercury Hourglass":78,"SsserpentHead":8,"DALC_FOUR":59,"Bronze Scales":59,"Tiny Chest":20,"Molten Egg 2":74,"Art of War":78,"Toxic Egg 2":31,"Toy Ornithopter":8,"Elucidator":52,"TheHeartOfYui":0,"REME_ComplimentaryCards":0}],"Toy Ornithopter":20,"Mercury Hourglass":[6]},"card_choices":[{"not_picked":["HeartyMeal_Black","ThespeedofsoundToattack_Black"],"picked":"Flash_Black","floor":1.0},{"not_picked":["DexterityTransform_Black","SelfCongested_Black"],"picked":"Thrust_Black","floor":2.0},{"not_picked":["SunBlade_Black","SelfCongested_Black","Exercise1_Black"],"picked":"SKIP","floor":5.0},{"not_picked":["HeroicBearing_Black","WeakHit_Black","SelfCongested_Black"],"picked":"SKIP","floor":7.0},{"not_picked":["BrokenRibs_Black","Thrust_Black","FlashPuncture_Black"],"picked":"SKIP","floor":8.0},{"not_picked":["SpiritCrash_Black","SelfCongested_Black"],"picked":"WartimeReply_Black","floor":10.0},{"not_picked":["HorizontalSquareChopping_Black","SharpCut_Black"],"picked":"BrokenRibs_Black+1","floor":12.0},{"not_picked":["Spitting_Black+1","Defender_Black+1"],"picked":"Smile_Black+1","floor":13.0},{"not_picked":["SpeedBlade1_Black","CureCrystal_Black+1"],"picked":"DarkRepulser_Black","floor":16.0},{"not_picked":["Defender_Black+1","BrilliantBlade_Black","Guard_Black+1"],"picked":"SKIP","floor":18.0},{"not_picked":["Thrust_Black","Guard_Black+1"],"picked":"HorizontalSquareChopping_Black+1","floor":22.0},{"not_picked":["HorizontalSquareChopping_Black","Kiriko_Black+1"],"picked":"Ghost_Black+1","floor":23.0},{"not_picked":["TheEnd_Black","Intimidate_Black+1","Ghost_Black+1"],"picked":"SKIP","floor":25.0},{"not_picked":["WeakHit_Black+1","BrilliantBlade_Black+1","SunBlade_Black+1"],"picked":"StarBurstStream_Black+1","floor":29.0}],"player_experience":44261,"relics_obtained":[{"floor":5.0,"key":"dwlrmod:ProjectRecorder"},{"floor":9.0,"key":"Tiny Chest"},{"floor":12.0,"key":"Toxic Egg 2"},{"floor":21.0,"key":"Bronze Scales"},{"floor":23.0,"key":"Potion Belt"},{"floor":25.0,"key":"Question Card"},{"floor":26.0,"key":"Molten Egg 2"},{"floor":29.0,"key":"Art of War"},{"floor":30.0,"key":"Mercury Hourglass"}],"event_choices":[{"damage_healed":0.0,"max_hp_gain":0.0,"max_hp_loss":0.0,"gold_gain":0.0,"event_name":"Scrap Ooze","player_choice":"Success","floor":3.0,"gold_loss":0.0,"damage_taken":3.0,"relics_obtained":["Toy Ornithopter"]},{"damage_healed":0.0,"max_hp_gain":0.0,"max_hp_loss":0.0,"gold_gain":0.0,"event_name":"FaceTrader","player_choice":"Trade","floor":4.0,"gold_loss":0.0,"damage_taken":0.0,"relics_obtained":["SsserpentHead"]},{"damage_healed":0.0,"max_hp_gain":0.0,"max_hp_loss":0.0,"gold_gain":99.0,"event_name":"Nest","player_choice":"Stole From Cult","floor":20.0,"gold_loss":0.0,"damage_taken":0.0},{"cards_removed":["Defend_Black"],"damage_healed":0.0,"max_hp_gain":0.0,"max_hp_loss":0.0,"gold_gain":0.0,"event_name":"Beggar","player_choice":"Gave Gold","floor":24.0,"gold_loss":75.0,"damage_taken":0.0},{"damage_healed":0.0,"max_hp_gain":0.0,"max_hp_loss":0.0,"gold_gain":90.0,"event_name":"Knowing Skull","player_choice":"GOLD ","floor":27.0,"potions_obtained":[],"gold_loss":0.0,"damage_taken":12.0,"cards_obtained":[]}],"is_beta":false,"boss_relics":[{"not_picked":["Black Star","Coffee Dripper"],"picked":"Elucidator"}],"items_purged_floors":[14,19,28],"is_endless":false,"potions_floor_spawned":[2,8,10,13,22,23,25],"killed_by":"Centurion and Healer","ascension_level":1}}