{"host":"7sni158j623xchr2","time":1609444597,"event":{"mods":["BaseMod","Colored Map","Highlight Path","Minty Spire (QoL Compilation)","Permanent Neow","Potion Indicator Mod","Rare Cards Sparkle","Relic Sorter","Relic Stats","StSLib","everything is the same but u backflip on backflip"],"gold_per_floor":[113,113,132,132,148,178,178,207,207,132,152,481,492,512,512,607,607,627,325,341,341,360,395,395,408,434,465,465,490,490,503,503,503,503],"floor_reached":33,"playtime":1017,"items_purged":["Pain","Strike_R"],"score":343,"play_id":"77fe363d-1504-4d34-9826-e729a5de75c4","local_time":"20201231135637","is_ascension_mode":true,"campfire_choices":[{"data":"Carnage","floor":7,"key":"SMITH"},{"data":"Blood for Blood","floor":15,"key":"SMITH"},{"data":"Disarm","floor":24,"key":"SMITH"},{"data":"Feel No Pain","floor":28,"key":"SMITH"},{"floor":30,"key":"REST"},{"floor":32,"key":"REST"}],"circlet_count":0,"master_deck":["Strike_R","Strike_R","Strike_R","Strike_R","Defend_R","Defend_R","Defend_R","Defend_R","Bash","Feel No Pain+1","Combust","Blood for Blood+1","Carnage+1","Berserk+1","Dark Embrace+1","Burning Pact","Demon Form+1","Headbutt","Disarm+1","Warcry+1"],"relics":["Burning Blood","NeowsBlessing","WarpedTongs","Frozen Egg 2","HornCleat","Darkstone Periapt","Old Coin","Busted Crown","Pen Nib","MutagenicStrength","Strawberry","Gambling Chip","StrikeDummy"],"acts_visited":["Exordium","TheCity"],"potions_floor_usage":[12,13,13,18,20,23,23,33,33,33],"damage_taken":[{"damage":0,"enemies":"2 Louse","floor":1,"turns":1},{"damage":0,"enemies":"Cultist","floor":3,"turns":1},{"damage":2,"enemies":"Small Slimes","floor":5,"turns":1},{"damage":22,"enemies":"3 Sentries","floor":6,"turns":7},{"damage":19,"enemies":"Gremlin Nob","floor":8,"turns":3},{"damage":2,"enemies":"Looter","floor":11,"turns":2},{"damage":4,"enemies":"3 Sentries","floor":12,"turns":5},{"damage":10,"enemies":"Gremlin Gang","floor":13,"turns":3},{"damage":4,"enemies":"Large Slime","floor":14,"turns":4},{"damage":26,"enemies":"Slime Boss","floor":16,"turns":7},{"damage":5,"enemies":"2 Thieves","floor":18,"turns":3},{"damage":1,"enemies":"Chosen","floor":20,"turns":6},{"damage":25,"enemies":"3 Cultists","floor":22,"turns":5},{"damage":14,"enemies":"Slavers","floor":23,"turns":4},{"damage":17,"enemies":"Chosen and Byrds","floor":25,"turns":4},{"damage":15,"enemies":"Book of Stabbing","floor":27,"turns":5},{"damage":34,"enemies":"Slavers","floor":29,"turns":6},{"damage":17,"enemies":"Snecko","floor":31,"turns":4},{"damage":60,"enemies":"Automaton","floor":33,"turns":6}],"seed_played":"-6054244545748974886","potions_obtained":[{"floor":1,"key":"GamblersBrew"},{"floor":5,"key":"LiquidBronze"},{"floor":11,"key":"SkillPotion"},{"floor":12,"key":"SteroidPotion"},{"floor":13,"key":"LiquidBronze"},{"floor":14,"key":"Block Potion"},{"floor":18,"key":"EssenceOfSteel"},{"floor":20,"key":"Fire Potion"},{"floor":23,"key":"BlessingOfTheForge"},{"floor":29,"key":"EssenceOfSteel"},{"floor":31,"key":"Weak Potion"}],"is_trial":false,"path_per_floor":["M","?","M","?","M","E","R","E","T","$","M","E","M","M","R","B",null,"M","$","M","?","M","E","R","M","T","E","R","E","R","M","R","B"],"character_chosen":"IRONCLAD","items_purchased":["Pen Nib","Fire Potion"],"campfire_rested":2,"item_purchase_floors":[19,19],"current_hp_per_floor":[80,80,80,80,80,64,64,51,51,51,55,57,53,55,55,35,80,80,80,80,80,61,60,60,49,49,40,40,12,38,27,53,0,0],"gold":503,"neow_bonus":"THREE_ENEMY_KILL","is_daily":false,"chose_seed":false,"campfire_upgraded":4,"win_rate":0.0,"timestamp":1609444597,"path_taken":["M","?","?","?","M","E","R","E","T","$","?","E","M","M","R","BOSS","M","$","M","?","M","E","R","M","T","E","R","E","R","M","R","BOSS"],"items_purchased_type":["Relic","Potion"],"build_version":"2020-12-22","purchased_purges":2,"victory":false,"max_hp_per_floor":[80,80,80,80,80,80,80,80,80,80,80,80,80,80,80,80,80,80,80,80,80,80,87,87,87,87,87,87,87,87,87,87,87,87],"relic_stats":{"Darkstone Periapt":0,"Busted Crown":16,"counters":[19,77],"Gambling Chip":[4],"Pen Nib":[7],"obtain_stats":[{"Darkstone Periapt":9,"NeowsBlessing":0,"Pen Nib":19,"Frozen Egg 2":6,"Burning Blood":0,"WarpedTongs":4,"Old Coin":12,"HornCleat":8,"Busted Crown":17,"MutagenicStrength":21,"Strawberry":23,"Gambling Chip":27,"StrikeDummy":29},{"Darkstone Periapt":5,"NeowsBlessing":0,"Pen Nib":11,"Frozen Egg 2":4,"Burning Blood":0,"WarpedTongs":2,"Old Coin":7,"HornCleat":5,"Busted Crown":10,"MutagenicStrength":12,"Strawberry":14,"Gambling Chip":16,"StrikeDummy":17},{"Darkstone Periapt":13,"NeowsBlessing":0,"Pen Nib":37,"Frozen Egg 2":10,"Burning Blood":0,"WarpedTongs":2,"Old Coin":20,"HornCleat":13,"Busted Crown":34,"MutagenicStrength":43,"Strawberry":52,"Gambling Chip":61,"StrikeDummy":67}],"Burning Blood":86,"WarpedTongs":[73]},"card_choices":[{"not_picked":["Warcry","Wild Strike"],"picked":"Feel No Pain","floor":1},{"not_picked":["Wild Strike","Iron Wave"],"picked":"Combust","floor":3},{"not_picked":["True Grit","Twin Strike"],"picked":"Blood for Blood","floor":5},{"not_picked":["Headbutt","Shrug It Off"],"picked":"Carnage","floor":6},{"not_picked":["Spot Weakness","Perfected Strike"],"picked":"Berserk+1","floor":8},{"not_picked":["Pummel","Wild Strike"],"picked":"Dark Embrace+1","floor":11},{"not_picked":["Anger","Perfected Strike","Warcry"],"picked":"SKIP","floor":12},{"not_picked":["Sentinel","Thunderclap"],"picked":"Burning Pact","floor":13},{"not_picked":["Bloodletting","Perfected Strike","Dropkick"],"picked":"SKIP","floor":14},{"not_picked":["Limit Break","Bludgeon"],"picked":"Demon Form+1","floor":16},{"not_picked":["Perfected Strike+1"],"picked":"SKIP","floor":18},{"not_picked":[],"picked":"Headbutt","floor":20},{"not_picked":[],"picked":"Disarm","floor":22},{"not_picked":["Anger"],"picked":"SKIP","floor":23},{"not_picked":["Heavy Blade"],"picked":"SKIP","floor":25},{"not_picked":["Warcry+1"],"picked":"SKIP","floor":27},{"not_picked":[],"picked":"Warcry+1","floor":29},{"not_picked":["Perfected Strike"],"picked":"SKIP","floor":31}],"player_experience":1555509,"relics_obtained":[{"floor":6,"key":"Frozen Egg 2"},{"floor":8,"key":"HornCleat"},{"floor":9,"key":"Darkstone Periapt"},{"floor":12,"key":"Old Coin"},{"floor":23,"key":"Strawberry"},{"floor":27,"key":"Gambling Chip"},{"floor":29,"key":"StrikeDummy"}],"event_choices":[{"damage_healed":0,"gold_gain":0,"player_choice":"Ignored","damage_taken":0,"max_hp_gain":0,"max_hp_loss":0,"event_name":"NoteForYourself","floor":2,"gold_loss":0},{"damage_healed":0,"gold_gain":0,"player_choice":"Rummage","damage_taken":0,"relics_obtained":["WarpedTongs"],"max_hp_gain":0,"max_hp_loss":0,"event_name":"Accursed Blacksmith","floor":4,"gold_loss":0,"cards_obtained":["Pain"]},{"damage_healed":0,"gold_gain":0,"player_choice":"Inject Mutagens","damage_taken":0,"relics_obtained":["MutagenicStrength"],"max_hp_gain":0,"max_hp_loss":0,"event_name":"Drug Dealer","floor":21,"gold_loss":0}],"is_beta":false,"boss_relics":[{"not_picked":["Black Star","Pandora\u0027s Box"],"picked":"Busted Crown"}],"items_purged_floors":[10,19],"is_endless":false,"potions_floor_spawned":[1,5,11,12,13,14,18,20,23,29,31],"killed_by":"Automaton","ascension_level":1}}