{"host":"7pe9xwx78c6nlay8","time":1609448706,"event":{"mods":["BaseMod","Minty Spire (QoL Compilation)"],"gold_per_floor":[20,34,44,63,63,90,90,103,103,103,123,137,151,179,179,252,252,262,262,281,281,281,281,25,53,129,129,164,179,188,205,205,282,291,319,343,39,0,16,58,0,0,0,40,65,90,108,121,121,121],"floor_reached":51,"playtime":2772,"items_purged":["Writhe"],"score":1352,"play_id":"64d9f9c9-a922-45bc-aa33-d967f002b348","local_time":"20210101050506","is_ascension_mode":true,"campfire_choices":[{"data":"Eruption","floor":7.0,"key":"SMITH"},{"data":"LessonLearned","floor":10.0,"key":"SMITH"},{"floor":15.0,"key":"REST"},{"floor":23.0,"key":"REST"},{"floor":27.0,"key":"REST"},{"floor":32.0,"key":"REST"},{"floor":42.0,"key":"REST"},{"floor":49,"key":"REST"}],"circlet_count":0,"master_deck":["AscendersBane","Strike_P+1","Strike_P+1","Strike_P+1","Strike_P+1","Defend_P+1","Defend_P+1","Defend_P+1","Defend_P+1","Eruption+1","Vigilance+1","LessonLearned+1","BattleHymn+1","CutThroughFate+1","Weave+1","ReachHeaven+1","ThirdEye+1","CutThroughFate","Nirvana","Weave","Nirvana","CurseOfTheBell","WaveOfTheHand+1","Nirvana+1","Bandage Up+1","DeusExMachina+1","ThirdEye+1","Parasite"],"relics":["PureWater","Mummified Hand","Letter Opener","Yang","Philosopher\u0027s Stone","Nilry\u0027s Codex","HornCleat","InkBottle","CeramicFish","Darkstone Periapt","Matryoshka","Calling Bell","Damaru","Singing Bowl","Incense Burner","Happy Flower","Red Mask","Shuriken","Unceasing Top","Regal Pillow","War Paint","Bronze Scales","PreservedInsect"],"acts_visited":["Exordium","TheCity","TheBeyond"],"potions_floor_usage":[50,50],"damage_taken":[{"damage":1.0,"enemies":"Cultist","floor":1.0,"turns":6.0},{"damage":2.0,"enemies":"Jaw Worm","floor":2.0,"turns":3.0},{"damage":3.0,"enemies":"2 Louse","floor":3.0,"turns":3.0},{"damage":6.0,"enemies":"Looter","floor":4.0,"turns":3.0},{"damage":3.0,"enemies":"Lagavulin","floor":6.0,"turns":6.0},{"damage":4.0,"enemies":"2 Fungi Beasts","floor":8.0,"turns":5.0},{"damage":0.0,"enemies":"Blue Slaver","floor":11.0,"turns":4.0},{"damage":2.0,"enemies":"Exordium Wildlife","floor":12.0,"turns":3.0},{"damage":0.0,"enemies":"Large Slime","floor":13.0,"turns":2.0},{"damage":20.0,"enemies":"Gremlin Nob","floor":14.0,"turns":4.0},{"damage":9.0,"enemies":"Hexaghost","floor":16.0,"turns":7.0},{"damage":4.0,"enemies":"Shell Parasite","floor":18.0,"turns":4.0},{"damage":29.0,"enemies":"3 Byrds","floor":20.0,"turns":4.0},{"damage":6.0,"enemies":"Gremlin Leader","floor":25.0,"turns":4.0},{"damage":24.0,"enemies":"Book of Stabbing","floor":28.0,"turns":7.0},{"damage":0.0,"enemies":"Centurion and Healer","floor":29.0,"turns":4.0},{"damage":11.0,"enemies":"Snake Plant","floor":31.0,"turns":4.0},{"damage":21.0,"enemies":"Collector","floor":33.0,"turns":9.0},{"damage":50.0,"enemies":"3 Shapes","floor":35.0,"turns":4.0},{"damage":2.0,"enemies":"Orb Walker","floor":36.0,"turns":4.0},{"damage":0.0,"enemies":"Sphere and 2 Shapes","floor":39.0,"turns":3.0},{"damage":0.0,"enemies":"Giant Head","floor":40.0,"turns":7.0},{"damage":25.0,"enemies":"Nemesis","floor":44.0,"turns":5.0},{"damage":0,"enemies":"Writhing Mass","floor":45,"turns":6},{"damage":4,"enemies":"Giant Head","floor":46,"turns":7},{"damage":7,"enemies":"3 Darklings","floor":47,"turns":5},{"damage":13,"enemies":"Spire Growth","floor":48,"turns":4},{"damage":28,"enemies":"Donu and Deca","floor":50,"turns":8}],"seed_played":"-5834859426894641527","potions_obtained":[{"floor":2.0,"key":"Swift Potion"},{"floor":5.0,"key":"Block Potion"},{"floor":5.0,"key":"Strength Potion"},{"floor":12.0,"key":"Block Potion"},{"floor":14.0,"key":"SteroidPotion"},{"floor":16.0,"key":"Energy Potion"},{"floor":20.0,"key":"Explosive Potion"},{"floor":29.0,"key":"SkillPotion"},{"floor":31.0,"key":"Dexterity Potion"},{"floor":36.0,"key":"SkillPotion"},{"floor":45,"key":"Weak Potion"},{"floor":46,"key":"Fire Potion"},{"floor":47,"key":"BlessingOfTheForge"}],"is_trial":false,"path_per_floor":["M","M","M","M","?","E","R","M","T","R","M","M","M","E","R","B",null,"M","?","M","?","?","R","$","E","T","R","E","M","?","M","R","B",null,"M","M","$","?","M","E","?","R","T","E","M","E","M","M","R","B",null],"character_chosen":"WATCHER","items_purchased":["InkBottle","Bandage Up","Happy Flower"],"campfire_rested":6,"item_purchase_floors":[24,37,37],"current_hp_per_floor":[60,58,55,49,49,46,46,42,42,42,42,40,40,20,40,31,59,55,55,26,10,10,30,30,24,24,44,20,20,20,9,29,8,59,9,7,7,7,13,17,17,39,39,20,34,38,39,34,76,54],"gold":121,"neow_bonus":"THREE_RARE_CARDS","is_daily":false,"chose_seed":false,"campfire_upgraded":2,"win_rate":0.0,"timestamp":1609448706,"path_taken":["M","M","?","M","?","E","R","M","T","R","M","M","?","E","R","BOSS","M","?","M","?","?","R","?","E","T","R","E","?","?","?","R","BOSS","M","M","$","?","M","E","?","R","T","E","M","E","?","M","R","BOSS"],"items_purchased_type":["Relic","Card","Relic"],"build_version":"2020-12-22","purchased_purges":1,"victory":true,"max_hp_per_floor":[68,68,68,68,68,68,68,68,68,68,68,68,68,68,68,68,68,68,68,68,68,68,68,68,68,68,68,68,68,68,68,68,68,74,74,74,74,74,76,76,76,76,76,76,84,86,88,90,90,90],"card_choices":[{"not_picked":["Scrawl","Establishment"],"picked":"LessonLearned","floor":0.0},{"not_picked":["ClearTheMind","Evaluate"],"picked":"BattleHymn","floor":1.0},{"not_picked":["FlurryOfBlows","Conclude"],"picked":"CutThroughFate","floor":2.0},{"not_picked":["DeceiveReality","ThirdEye"],"picked":"Weave","floor":3.0},{"not_picked":["CrushJoints","Evaluate"],"picked":"ReachHeaven","floor":4.0},{"not_picked":["Indignation","WreathOfFlame","Conclude"],"picked":"SKIP","floor":6.0},{"not_picked":["FlyingSleeves","SashWhip","CrushJoints"],"picked":"SKIP","floor":8.0},{"not_picked":["BowlingBash","Indignation","Crescendo"],"picked":"SKIP","floor":11.0},{"not_picked":["Evaluate","SashWhip"],"picked":"ThirdEye","floor":12.0},{"not_picked":["Study","FlurryOfBlows"],"picked":"CutThroughFate","floor":13.0},{"not_picked":["ClearTheMind","WheelKick","Adaptation"],"picked":"SKIP","floor":14.0},{"not_picked":["FollowUp","CrushJoints+1","Study"],"picked":"SKIP","floor":18.0},{"not_picked":["WreathOfFlame","FlyingSleeves"],"picked":"Weave","floor":20.0},{"not_picked":["Consecrate+1","Omniscience","EmptyFist"],"picked":"SKIP","floor":25.0},{"not_picked":["Indignation","Swivel","ClearTheMind"],"picked":"SKIP","floor":28.0},{"not_picked":["Crescendo","SashWhip","Study"],"picked":"SKIP","floor":29.0},{"not_picked":["Consecrate","Protect","Crescendo"],"picked":"SKIP","floor":31.0},{"not_picked":["Consecrate","Prostrate+1"],"picked":"WaveOfTheHand+1","floor":35.0},{"not_picked":["TalkToTheHand+1","Evaluate"],"picked":"Nirvana","floor":36.0},{"not_picked":["FearNoEvil","Collect","FlyingSleeves"],"picked":"Singing Bowl","floor":39.0},{"not_picked":["Wireheading","Perseverance"],"picked":"DeusExMachina","floor":40.0},{"not_picked":["SandsOfTime","CrushJoints+1"],"picked":"ThirdEye","floor":44.0},{"not_picked":["FearNoEvil","Prostrate","Vengeance+1"],"picked":"Singing Bowl","floor":45},{"not_picked":["Adaptation","Conclude","BattleHymn"],"picked":"Singing Bowl","floor":46},{"not_picked":["PathToVictory","FlyingSleeves","Protect+1"],"picked":"Singing Bowl","floor":47},{"not_picked":["Evaluate","Ragnarok","ClearTheMind"],"picked":"Singing Bowl","floor":48}],"player_experience":1588099,"relics_obtained":[{"floor":6.0,"key":"Mummified Hand"},{"floor":9.0,"key":"Letter Opener"},{"floor":14.0,"key":"Yang"},{"floor":21.0,"key":"Nilry\u0027s Codex"},{"floor":25.0,"key":"CeramicFish"},{"floor":26.0,"key":"Darkstone Periapt"},{"floor":28.0,"key":"Matryoshka"},{"floor":34.0,"key":"Damaru"},{"floor":34.0,"key":"Singing Bowl"},{"floor":34.0,"key":"Incense Burner"},{"floor":40.0,"key":"Shuriken"},{"floor":43.0,"key":"Regal Pillow"},{"floor":43.0,"key":"War Paint"},{"floor":44.0,"key":"Bronze Scales"},{"floor":46,"key":"PreservedInsect"}],"event_choices":[{"damage_healed":0.0,"max_hp_gain":0.0,"max_hp_loss":0.0,"gold_gain":0.0,"event_name":"Lab","player_choice":"Got Potions","floor":5.0,"gold_loss":0.0,"damage_taken":0.0},{"damage_healed":0.0,"max_hp_gain":0.0,"max_hp_loss":0.0,"gold_gain":0.0,"event_name":"The Library","player_choice":"Read","floor":19.0,"gold_loss":0.0,"damage_taken":0.0,"cards_obtained":["Nirvana"]},{"damage_healed":0.0,"max_hp_gain":0.0,"max_hp_loss":0.0,"gold_gain":0.0,"event_name":"Cursed Tome","player_choice":"Obtained Book","floor":21.0,"gold_loss":0.0,"damage_taken":16.0},{"damage_healed":0.0,"max_hp_gain":0.0,"max_hp_loss":0.0,"gold_gain":0.0,"event_name":"The Mausoleum","player_choice":"Opened","floor":22.0,"gold_loss":0.0,"damage_taken":0.0,"relics_obtained":["HornCleat"],"cards_obtained":["Writhe"]},{"damage_healed":0.0,"max_hp_gain":0.0,"max_hp_loss":0.0,"gold_gain":0.0,"event_name":"Duplicator","player_choice":"Copied","floor":30.0,"gold_loss":0.0,"damage_taken":0.0,"cards_obtained":["Nirvana"]},{"damage_healed":0.0,"max_hp_gain":0.0,"max_hp_loss":0.0,"gold_gain":0.0,"event_name":"Tomb of Lord Red Mask","player_choice":"Paid","floor":38.0,"gold_loss":39.0,"damage_taken":0.0,"relics_obtained":["Red Mask"]},{"damage_healed":0.0,"max_hp_gain":0.0,"max_hp_loss":0.0,"gold_gain":0.0,"event_name":"WeMeetAgain","player_choice":"Paid Gold","floor":41.0,"gold_loss":58.0,"damage_taken":0.0,"relics_obtained":["Unceasing Top"]}],"is_beta":false,"boss_relics":[{"not_picked":["Fusion Hammer","SacredBark"],"picked":"Philosopher\u0027s Stone"},{"not_picked":["HolyWater","Snecko Eye"],"picked":"Calling Bell"}],"items_purged_floors":[37],"is_endless":false,"potions_floor_spawned":[2,12,14,16,20,29,31,36,45,46,47],"ascension_level":14}}