{"host":"hwrdjx5eod2cxh09","time":1609435276,"event":{"mods":["AchievementEnabler","BaseMod","Bestiary","Minty Spire (QoL Compilation)","Relic Stats"],"gold_per_floor":[118,118,136,151,251,286,286,296,296,296,316,336,336,348,348,444,444,457,372,153,119,119,147,147,165,165,176,176,188,207,207,219,330,392,419,444,456,468,43,43,68,68,68,78,78,92,92,92],"floor_reached":47,"playtime":2314,"items_purged":["Strike_B","Strike_B"],"score":529,"play_id":"76d176a1-0bc9-40ea-8fdd-a31923433232","local_time":"20210101022116","is_ascension_mode":false,"campfire_choices":[{"data":"Defragment","floor":7.0,"key":"SMITH"},{"data":"White Noise","floor":10.0,"key":"SMITH"},{"floor":13.0,"key":"REST"},{"data":"Defragment","floor":15.0,"key":"SMITH"},{"data":"Zap","floor":24.0,"key":"SMITH"},{"data":"Creative AI","floor":32.0,"key":"SMITH"},{"data":"Darkness","floor":40.0,"key":"SMITH"},{"data":"Redo","floor":45,"key":"SMITH"}],"circlet_count":0,"master_deck":["Defend_B","Defend_B","Defend_B","Defend_B","Zap+1","Dualcast","Leap","Defragment+1","BootSequence","White Noise+1","Defragment+1","Glacier","Consume","Defragment","Coolheaded","Lockon","Creative AI+1","Skim","Turbo","Redo+1","Hologram+1","Finesse","Darkness+1","Redo+1"],"relics":["Cracked Core","Du-Vu Doll","Coffee Dripper","Question Card","Art of War","Letter Opener","Cables","MawBank","Tiny House","TungstenRod","Lantern","Kunai"],"acts_visited":["Exordium","TheCity","TheBeyond"],"potions_floor_usage":[47],"damage_taken":[{"damage":1.0,"enemies":"Jaw Worm","floor":1.0,"turns":3.0},{"damage":4.0,"enemies":"2 Louse","floor":3.0,"turns":3.0},{"damage":6.0,"enemies":"Cultist","floor":4.0,"turns":4.0},{"damage":29.0,"enemies":"Gremlin Nob","floor":6.0,"turns":4.0},{"damage":5.0,"enemies":"2 Fungi Beasts","floor":8.0,"turns":3.0},{"damage":0.0,"enemies":"Exordium Wildlife","floor":11.0,"turns":4.0},{"damage":13.0,"enemies":"Large Slime","floor":12.0,"turns":5.0},{"damage":3.0,"enemies":"Blue Slaver","floor":14.0,"turns":4.0},{"damage":9.0,"enemies":"Slime Boss","floor":16.0,"turns":10.0},{"damage":5.0,"enemies":"Shell Parasite","floor":18.0,"turns":9.0},{"damage":10.0,"enemies":"2 Thieves","floor":21.0,"turns":5.0},{"damage":0.0,"enemies":"Book of Stabbing","floor":23.0,"turns":7.0},{"damage":12.0,"enemies":"Centurion and Healer","floor":25.0,"turns":7.0},{"damage":0.0,"enemies":"Snecko","floor":27.0,"turns":5.0},{"damage":0.0,"enemies":"Chosen and Byrds","floor":29.0,"turns":5.0},{"damage":0.0,"enemies":"Cultist and Chosen","floor":30.0,"turns":6.0},{"damage":12.0,"enemies":"Collector","floor":33.0,"turns":12.0},{"damage":4.0,"enemies":"Orb Walker","floor":35.0,"turns":4.0},{"damage":25.0,"enemies":"3 Darklings","floor":36.0,"turns":8.0},{"damage":45.0,"enemies":"Nemesis","floor":41.0,"turns":9.0},{"damage":0.0,"enemies":"Spire Growth","floor":44.0,"turns":8.0},{"damage":1,"enemies":"Jaw Worm Horde","floor":46,"turns":6},{"damage":8,"enemies":"Sphere and 2 Shapes","floor":47,"turns":1}],"seed_played":"-2649311950391586294","potions_obtained":[{"floor":3.0,"key":"Weak Potion"},{"floor":8.0,"key":"Weak Potion"},{"floor":11.0,"key":"SkillPotion"},{"floor":14.0,"key":"DistilledChaos"},{"floor":21.0,"key":"Fire Potion"},{"floor":27.0,"key":"Block Potion"},{"floor":34.0,"key":"EssenceOfDarkness"},{"floor":35.0,"key":"Strength Potion"},{"floor":41.0,"key":"AttackPotion"}],"is_trial":false,"path_per_floor":["M","?","M","M","?","E","R","M","T","R","M","M","R","M","R","B",null,"M","?","$","M","?","E","R","M","T","M","?","M","M","T","R","B",null,"M","M","?","?","$","R","E","?","T","M","R","M","M"],"character_chosen":"DEFECT","items_purchased":["Art of War","TungstenRod","Darkness"],"campfire_rested":1,"item_purchase_floors":[20,39,39],"current_hp_per_floor":[74,74,70,64,64,35,35,30,30,30,30,17,39,36,36,27,75,70,70,70,60,60,60,60,48,48,48,48,48,48,48,48,36,80,76,51,51,51,51,51,6,6,6,6,6,5,0,0],"gold":92,"neow_bonus":"THREE_CARDS","is_daily":false,"chose_seed":false,"campfire_upgraded":7,"win_rate":0.0,"timestamp":1609435276,"path_taken":["M","?","M","M","?","E","R","M","T","R","M","M","R","?","R","BOSS","M","?","$","M","?","E","R","M","T","M","?","?","M","?","R","BOSS","M","M","?","?","$","R","E","?","T","M","R","M","?"],"items_purchased_type":["Relic","Relic","Card"],"build_version":"2020-12-22","purchased_purges":2,"victory":false,"max_hp_per_floor":[75,75,75,75,75,75,75,75,75,75,75,75,75,75,75,75,75,75,75,75,75,75,75,75,75,75,75,75,75,75,75,75,75,80,80,80,80,80,80,80,80,80,80,80,80,80,80,80],"relic_stats":{"counters":[23,132],"Art of War":[36],"Letter Opener":[212],"Kunai":[0],"Question Card":14,"MawBank":96,"obtain_stats":[{"Du-Vu Doll":6,"Lantern":41,"Tiny House":34,"Coffee Dripper":17,"Art of War":20,"Letter Opener":23,"Kunai":43,"Cracked Core":0,"Question Card":19,"MawBank":31,"TungstenRod":39,"Cables":26},{"Du-Vu Doll":4,"Lantern":20,"Tiny House":17,"Coffee Dripper":9,"Art of War":10,"Letter Opener":12,"Kunai":20,"Cracked Core":0,"Question Card":10,"MawBank":16,"TungstenRod":19,"Cables":13},{"Du-Vu Doll":14,"Lantern":117,"Tiny House":96,"Coffee Dripper":40,"Art of War":49,"Letter Opener":61,"Kunai":117,"Cracked Core":0,"Question Card":49,"MawBank":84,"TungstenRod":108,"Cables":68}],"TungstenRod":7,"Cables":[58,31,21,6,0]},"card_choices":[{"not_picked":["Conserve Battery","Chaos"],"picked":"Leap","floor":0.0},{"not_picked":["Coolheaded","Stack"],"picked":"Defragment","floor":1.0},{"not_picked":["Hologram","Streamline"],"picked":"BootSequence","floor":3.0},{"not_picked":["Rebound","Barrage"],"picked":"White Noise","floor":4.0},{"not_picked":["Go for the Eyes","Heatsinks"],"picked":"Defragment","floor":6.0},{"not_picked":["Self Repair","Coolheaded"],"picked":"Glacier","floor":8.0},{"not_picked":["Go for the Eyes","Cold Snap"],"picked":"Consume","floor":11.0},{"not_picked":["Recycle","Rip and Tear"],"picked":"Defragment","floor":12.0},{"not_picked":["Go for the Eyes","Hello World","Rebound"],"picked":"SKIP","floor":14.0},{"not_picked":["Storm","Redo"],"picked":"Coolheaded","floor":18.0},{"not_picked":["Steam+1","Chaos","Leap+1","Static Discharge"],"picked":"SKIP","floor":21.0},{"not_picked":["Leap","Go for the Eyes","Cold Snap"],"picked":"Lockon","floor":23.0},{"not_picked":["Streamline","Rebound+1","Leap"],"picked":"Creative AI","floor":25.0},{"not_picked":["Scrape","Go for the Eyes","Steam","Hologram"],"picked":"SKIP","floor":27.0},{"not_picked":["Go for the Eyes","Streamline","Amplify"],"picked":"Skim","floor":29.0},{"not_picked":["Leap","Steam","Gash"],"picked":"Turbo","floor":30.0},{"not_picked":["Streamline","Hologram+1","Conserve Battery+1"],"picked":"Redo+1","floor":35.0},{"not_picked":["Leap","Skim","Lockon+1"],"picked":"Hologram+1","floor":36.0},{"not_picked":["Dramatic Entrance","Mind Blast","Madness"],"picked":"Finesse","floor":37.0},{"not_picked":["Genetic Algorithm+1","Rebound","Streamline","Static Discharge"],"picked":"SKIP","floor":41.0},{"not_picked":["Thunder Strike","Consume","Sweeping Beam+1"],"picked":"Redo","floor":44.0},{"not_picked":["Lockon+1","Barrage+1","FTL+1","Hologram"],"picked":"SKIP","floor":46}],"player_experience":125958,"relics_obtained":[{"floor":6.0,"key":"Du-Vu Doll"},{"floor":23.0,"key":"Letter Opener"},{"floor":26.0,"key":"Cables"},{"floor":31.0,"key":"MawBank"},{"floor":41.0,"key":"Lantern"},{"floor":43.0,"key":"Kunai"}],"event_choices":[{"damage_healed":0.0,"max_hp_gain":0.0,"max_hp_loss":0.0,"gold_gain":0.0,"event_name":"Golden Idol","player_choice":"Ignored","floor":2.0,"gold_loss":0.0,"damage_taken":0.0},{"damage_healed":0.0,"max_hp_gain":0.0,"max_hp_loss":0.0,"gold_gain":100.0,"event_name":"Wheel of Change","player_choice":"Gold","floor":5.0,"gold_loss":0.0,"damage_taken":0.0},{"damage_healed":0.0,"max_hp_gain":0.0,"max_hp_loss":0.0,"gold_gain":0.0,"event_name":"Addict","player_choice":"Obtained Relic","floor":19.0,"gold_loss":85.0,"damage_taken":0.0,"relics_obtained":["Question Card"]},{"damage_healed":0.0,"max_hp_gain":0.0,"max_hp_loss":0.0,"gold_gain":0.0,"event_name":"Vampires","player_choice":"Ignored","floor":22.0,"gold_loss":0.0,"damage_taken":0.0},{"damage_healed":0.0,"max_hp_gain":0.0,"max_hp_loss":0.0,"gold_gain":0.0,"event_name":"The Mausoleum","player_choice":"Ignored","floor":28.0,"gold_loss":0.0,"damage_taken":0.0},{"damage_healed":0.0,"max_hp_gain":0.0,"max_hp_loss":0.0,"gold_gain":0.0,"event_name":"SensoryStone","player_choice":"Memory 1","floor":37.0,"gold_loss":0.0,"damage_taken":0.0},{"cards_removed":["Strike_B"],"damage_healed":0.0,"max_hp_gain":0.0,"max_hp_loss":0.0,"gold_gain":0.0,"event_name":"Falling","player_choice":"Removed Attack","floor":38.0,"gold_loss":0.0,"damage_taken":0.0},{"cards_removed":["Strike_B"],"damage_healed":0.0,"max_hp_gain":0.0,"max_hp_loss":0.0,"gold_gain":0.0,"event_name":"Wheel of Change","player_choice":"Card Removal","floor":42.0,"gold_loss":0.0,"damage_taken":0.0}],"is_beta":false,"boss_relics":[{"not_picked":["Calling Bell","SacredBark"],"picked":"Coffee Dripper"},{"not_picked":["Sozu","Nuclear Battery"],"picked":"Tiny House"}],"items_purged_floors":[20,39],"is_endless":false,"potions_floor_spawned":[3,8,11,14,21,27,35,41],"killed_by":"Sphere and 2 Shapes","ascension_level":0}}