{"host":"hwrdjx5eod2cxh09","time":1609412753,"event":{"mods":["AchievementEnabler","BaseMod","Bestiary","Minty Spire (QoL Compilation)","Relic Stats"],"gold_per_floor":[114,129,144,159,159,189,204,204,229,244,274,289,289,304,304,404,404,419,434,449,549,174,213,213,228,228,252,252,2,2,17,17,17,17],"floor_reached":33,"playtime":1271,"items_purged":["Strike_B","Zap"],"score":283,"play_id":"cf423aa6-d1ec-4465-a72d-b8dc841f6961","local_time":"20201231200553","daily_mods":["Heirloom","Time Dilation","Lethality"],"is_ascension_mode":false,"campfire_choices":[{"data":"Go for the Eyes","floor":8,"key":"SMITH"},{"floor":13,"key":"REST"},{"data":"Beam Cell","floor":15,"key":"SMITH"},{"floor":24,"key":"REST"},{"data":"Reprogram","floor":28,"key":"SMITH"},{"floor":32,"key":"REST"}],"circlet_count":0,"master_deck":["Strike_B","Strike_B","Defend_B","Defend_B","Defend_B","Defend_B","Dualcast","Sweeping Beam","Go for the Eyes+1","Cold Snap","Beam Cell+1","Chill","FTL","Conserve Battery","Gash","Undo","Rebound+1","Self Repair+1","Turbo","Reprogram+1"],"relics":["Cracked Core","WingedGreaves","Oddly Smooth Stone","Akabeko","Cables","Black Star","Lee\u0027s Waffle","CeramicFish","Bag of Marbles","Mummified Hand","Mercury Hourglass","Vajra","FaceOfCleric"],"acts_visited":["Exordium","TheCity"],"potions_floor_usage":[16,33,33,33],"damage_taken":[{"damage":0,"enemies":"Cultist","floor":1,"turns":2},{"damage":3,"enemies":"2 Louse","floor":2,"turns":2},{"damage":5,"enemies":"Jaw Worm","floor":3,"turns":2},{"damage":12,"enemies":"Exordium Thugs","floor":4,"turns":4},{"damage":19,"enemies":"3 Sentries","floor":6,"turns":5},{"damage":4,"enemies":"Blue Slaver","floor":7,"turns":2},{"damage":0,"enemies":"Exordium Wildlife","floor":10,"turns":2},{"damage":16,"enemies":"Lagavulin","floor":11,"turns":4},{"damage":0,"enemies":"Large Slime","floor":12,"turns":2},{"damage":0,"enemies":"3 Louse","floor":14,"turns":2},{"damage":28,"enemies":"Hexaghost","floor":16,"turns":8},{"damage":20,"enemies":"3 Byrds","floor":18,"turns":4},{"damage":0,"enemies":"Spheric Guardian","floor":19,"turns":3},{"damage":22,"enemies":"Centurion and Healer","floor":20,"turns":5},{"damage":71,"enemies":"Slavers","floor":23,"turns":5},{"damage":0,"enemies":"Cultist and Chosen","floor":25,"turns":4},{"damage":16,"enemies":"Chosen and Byrds","floor":27,"turns":3},{"damage":30,"enemies":"Snake Plant","floor":31,"turns":3},{"damage":50,"enemies":"Automaton","floor":33,"turns":6}],"seed_played":"-5051420239723459148","potions_obtained":[{"floor":1,"key":"SkillPotion"},{"floor":6,"key":"Ancient Potion"},{"floor":7,"key":"Energy Potion"},{"floor":12,"key":"PowerPotion"},{"floor":20,"key":"AttackPotion"}],"is_trial":false,"path_per_floor":["M","M","M","M","?","E","M","R","T","M","E","M","R","M","R","B",null,"M","M","M","?","$","E","R","M","T","M","R","$","?","M","R","B"],"character_chosen":"DEFECT","items_purchased":["Lee\u0027s Waffle","CeramicFish","Vajra"],"campfire_rested":3,"item_purchase_floors":[22,22,29],"current_hp_per_floor":[75,72,67,55,55,36,32,32,32,32,16,16,38,38,38,10,75,55,55,33,33,82,21,45,55,55,39,39,39,39,20,44,0,0],"gold":17,"neow_bonus":"","is_daily":true,"chose_seed":false,"campfire_upgraded":3,"win_rate":0.0,"timestamp":1609412753,"path_taken":["M","?","M","M","?","E","M","R","T","M","E","M","R","M","R","BOSS","M","M","M","?","$","E","R","M","T","M","R","?","?","M","R","BOSS"],"items_purchased_type":["Relic","Relic","Relic"],"build_version":"2020-12-22","purchased_purges":2,"victory":false,"max_hp_per_floor":[75,75,75,75,75,75,75,75,75,75,75,75,75,75,75,75,75,75,75,75,75,82,82,82,82,82,82,82,82,82,83,83,83,83],"relic_stats":{"Lee\u0027s Waffle":49,"FaceOfCleric":1,"counters":[19,67],"Mummified Hand":[3],"CeramicFish":18,"Black Star":1,"obtain_stats":[{"Lee\u0027s Waffle":22,"CeramicFish":22,"Oddly Smooth Stone":6,"Vajra":29,"Akabeko":9,"Cables":11,"Mercury Hourglass":26,"FaceOfCleric":30,"Mummified Hand":23,"WingedGreaves":0,"Black Star":17,"Bag of Marbles":23,"Cracked Core":0},{"Lee\u0027s Waffle":14,"CeramicFish":14,"Oddly Smooth Stone":5,"Vajra":17,"Akabeko":6,"Cables":8,"Mercury Hourglass":16,"FaceOfCleric":17,"Mummified Hand":15,"WingedGreaves":0,"Black Star":11,"Bag of Marbles":15,"Cracked Core":0},{"Lee\u0027s Waffle":47,"CeramicFish":47,"Oddly Smooth Stone":15,"Vajra":58,"Akabeko":17,"Cables":23,"Mercury Hourglass":56,"FaceOfCleric":58,"Mummified Hand":52,"WingedGreaves":0,"Black Star":35,"Bag of Marbles":52,"Cracked Core":0}],"Cables":[36,20,16,0,0],"Mercury Hourglass":[47]},"card_choices":[{"not_picked":["Skim","Turbo"],"picked":"Sweeping Beam","floor":1},{"not_picked":["Darkness","Aggregate"],"picked":"Go for the Eyes","floor":2},{"not_picked":["Undo","Auto Shields"],"picked":"Cold Snap","floor":3},{"not_picked":["Barrage","Go for the Eyes","Recycle"],"picked":"SKIP","floor":4},{"not_picked":["Barrage","Sweeping Beam"],"picked":"Beam Cell","floor":6},{"not_picked":["Buffer","Sweeping Beam"],"picked":"Chill","floor":7},{"not_picked":["Rebound","Melter"],"picked":"FTL","floor":10},{"not_picked":["White Noise","Force Field"],"picked":"Conserve Battery","floor":11},{"not_picked":["Rip and Tear","Ball Lightning","Hologram"],"picked":"SKIP","floor":12},{"not_picked":["Conserve Battery","Coolheaded"],"picked":"Gash","floor":14},{"not_picked":["Leap","Go for the Eyes"],"picked":"Undo","floor":18},{"not_picked":["Barrage","Hologram"],"picked":"Rebound+1","floor":19},{"not_picked":["Compile Driver","Cold Snap"],"picked":"Self Repair+1","floor":20},{"not_picked":["Barrage","Aggregate+1"],"picked":"Turbo","floor":23},{"not_picked":["Tempest","Genetic Algorithm","Consume"],"picked":"SKIP","floor":25},{"not_picked":["Blizzard+1","Hologram+1"],"picked":"Reprogram","floor":27},{"not_picked":["Cold Snap+1","Buffer","Compile Driver"],"picked":"SKIP","floor":31}],"player_experience":121540,"relics_obtained":[{"floor":6,"key":"Oddly Smooth Stone"},{"floor":9,"key":"Akabeko"},{"floor":11,"key":"Cables"},{"floor":23,"key":"Bag of Marbles"},{"floor":23,"key":"Mummified Hand"},{"floor":26,"key":"Mercury Hourglass"}],"event_choices":[{"cards_removed":["Strike_B"],"damage_healed":0,"gold_gain":0,"player_choice":"Offered Basic","damage_taken":0,"max_hp_gain":0,"max_hp_loss":0,"event_name":"Bonfire Elementals","floor":5,"gold_loss":0},{"damage_healed":0,"gold_gain":100,"player_choice":"Pray","damage_taken":0,"max_hp_gain":0,"max_hp_loss":0,"event_name":"Golden Shrine","floor":21,"gold_loss":0},{"damage_healed":0,"gold_gain":0,"player_choice":"Trade","damage_taken":0,"relics_obtained":["FaceOfCleric"],"max_hp_gain":0,"max_hp_loss":0,"event_name":"FaceTrader","floor":30,"gold_loss":0}],"is_beta":false,"boss_relics":[{"not_picked":["Inserter","Sozu"],"picked":"Black Star"}],"items_purged_floors":[22,29],"is_endless":false,"potions_floor_spawned":[1,6,7,10,12,20,25,31],"killed_by":"Automaton","ascension_level":0}}