{"host":"yvb207ks1sg3cxef","time":1609440678,"event":{"mods":["2.2 Compatiblity","BaseMod","Bestiary","Colored Powertips","Minty Spire (QoL Compilation)","Permanent Neow","Quick Restart","Relic Stats","StSLib"],"gold_per_floor":[118,130,150,200,213,243,243,275,275,293,293,293,324,60,60,149,149,169,192,142,142,167,167,167],"floor_reached":23,"playtime":920,"items_purged":["Strike_G"],"score":407,"play_id":"e3178b70-a22c-4409-a939-691947bdf040","local_time":"20210101002118","is_ascension_mode":true,"campfire_choices":[{"floor":7.0,"key":"REST"},{"floor":11,"key":"REST"},{"data":"Noxious Fumes","floor":15,"key":"SMITH"}],"circlet_count":0,"master_deck":["AscendersBane","Defend_G","Defend_G","Defend_G","Defend_G","Defend_G","Survivor","Neutralize","CurseOfTheBell","Dash","Infinite Blades","Slice","PiercingWail","Dash","Envenom","Flying Knee","Prepared","Footwork","Noxious Fumes+1","After Image","Dagger Spray","Bite","Bite","Bite","Bite","Bite","Tactician"],"relics":["Calling Bell","Tough Bandages","Shuriken","Smiling Mask","Juzu Bracelet","The Courier","HornCleat","Golden Idol","Odd Mushroom","OrangePellets","SlaversCollar"],"acts_visited":["Exordium","TheCity"],"potions_floor_usage":[10,23],"damage_taken":[{"damage":3.0,"enemies":"Small Slimes","floor":1.0,"turns":4.0},{"damage":0.0,"enemies":"Cultist","floor":2.0,"turns":5.0},{"damage":1.0,"enemies":"2 Louse","floor":3.0,"turns":5.0},{"damage":17.0,"enemies":"Lots of Slimes","floor":5.0,"turns":5.0},{"damage":19.0,"enemies":"3 Sentries","floor":6.0,"turns":9.0},{"damage":32.0,"enemies":"Lagavulin","floor":8.0,"turns":8.0},{"damage":0,"enemies":"2 Fungi Beasts","floor":10,"turns":4},{"damage":4,"enemies":"The Mushroom Lair","floor":13,"turns":5},{"damage":5,"enemies":"Hexaghost","floor":16,"turns":9},{"damage":3,"enemies":"Shell Parasite","floor":18,"turns":9},{"damage":17,"enemies":"Chosen","floor":19,"turns":8},{"damage":38,"enemies":"Snake Plant","floor":22,"turns":7},{"damage":13,"enemies":"Gremlin Leader","floor":23,"turns":1}],"seed_played":"6565300877142829235","potions_obtained":[{"floor":2.0,"key":"PowerPotion"},{"floor":3.0,"key":"PowerPotion"},{"floor":6.0,"key":"Strength Potion"},{"floor":8.0,"key":"GamblersBrew"},{"floor":22,"key":"Dexterity Potion"}],"is_trial":false,"path_per_floor":["M","M","M","?","M","E","R","E","T","M","R","?","?","$","R","B",null,"M","M","?","?","M","E"],"character_chosen":"THE_SILENT","items_purchased":["OrangePellets","Footwork","Noxious Fumes"],"campfire_rested":2,"item_purchase_floors":[14,14,14],"current_hp_per_floor":[56,56,55,55,38,19,38,6,6,6,25,25,21,21,21,16,49,46,29,29,29,7,0,0],"gold":167,"neow_bonus":"BOSS_RELIC","is_daily":false,"chose_seed":false,"campfire_upgraded":1,"win_rate":0.0,"timestamp":1609440678,"path_taken":["M","M","M","?","M","E","R","E","T","M","R","?","?","$","R","BOSS","M","M","?","?","M","E"],"items_purchased_type":["Relic","Card","Card"],"build_version":"2020-12-22","purchased_purges":1,"victory":false,"max_hp_per_floor":[66,66,66,66,66,66,66,66,66,66,66,60,60,60,60,60,60,60,60,60,42,42,42,42],"relic_stats":{"OrangePellets":[2],"Tough Bandages":[57],"counters":[13,79],"Shuriken":[26],"Golden Idol":38,"Juzu Bracelet":2,"Smiling Mask":10,"obtain_stats":[{"Calling Bell":0,"OrangePellets":14,"SlaversCollar":17,"Tough Bandages":0,"HornCleat":9,"Shuriken":0,"Golden Idol":12,"The Courier":8,"Juzu Bracelet":6,"Odd Mushroom":13,"Smiling Mask":0,"Ring of the Snake":0},{"Calling Bell":0,"OrangePellets":8,"SlaversCollar":9,"Tough Bandages":0,"HornCleat":6,"Shuriken":0,"Golden Idol":7,"The Courier":6,"Juzu Bracelet":5,"Odd Mushroom":8,"Smiling Mask":0,"Ring of the Snake":0},{"Calling Bell":0,"OrangePellets":45,"SlaversCollar":54,"Tough Bandages":0,"HornCleat":36,"Shuriken":0,"Golden Idol":40,"The Courier":36,"Juzu Bracelet":28,"Odd Mushroom":45,"Smiling Mask":0,"Ring of the Snake":0}]},"card_choices":[{"not_picked":["Setup","Riddle With Holes"],"picked":"Dash","floor":1.0},{"not_picked":["Flying Knee","Poisoned Stab"],"picked":"Infinite Blades","floor":2.0},{"not_picked":["Expertise","Quick Slash"],"picked":"Slice","floor":3.0},{"not_picked":["All Out Attack","Sucker Punch"],"picked":"PiercingWail","floor":5.0},{"not_picked":["PiercingWail","Tactician"],"picked":"Dash","floor":6.0},{"not_picked":["Quick Slash","PiercingWail"],"picked":"Envenom","floor":8.0},{"not_picked":["Tactician","Finisher"],"picked":"Flying Knee","floor":10},{"not_picked":["Outmaneuver","Underhanded Strike"],"picked":"Prepared","floor":13},{"not_picked":["Wraith Form v2","Night Terror"],"picked":"After Image","floor":16},{"not_picked":["Caltrops","Quick Slash","Bane"],"picked":"SKIP","floor":18},{"not_picked":["Deflect","Slice"],"picked":"Dagger Spray","floor":19},{"not_picked":["Flying Knee+1","Caltrops"],"picked":"Tactician","floor":22}],"player_experience":257200,"relics_obtained":[{"floor":0.0,"key":"Tough Bandages"},{"floor":0.0,"key":"Shuriken"},{"floor":0.0,"key":"Smiling Mask"},{"floor":6.0,"key":"Juzu Bracelet"},{"floor":8.0,"key":"The Courier"},{"floor":9.0,"key":"HornCleat"},{"floor":13,"key":"Odd Mushroom"}],"event_choices":[{"damage_healed":0.0,"max_hp_gain":0.0,"max_hp_loss":0.0,"gold_gain":50.0,"event_name":"Golden Shrine","player_choice":"Pray","floor":4.0,"gold_loss":0.0,"damage_taken":0.0},{"damage_healed":0,"gold_gain":0,"player_choice":"Lose Max HP","damage_taken":0,"relics_obtained":["Golden Idol"],"max_hp_gain":0,"max_hp_loss":6,"event_name":"Golden Idol","floor":12,"gold_loss":0},{"damage_healed":0,"gold_gain":0,"player_choice":"Fought Mushrooms","damage_taken":0,"max_hp_gain":0,"max_hp_loss":0,"event_name":"Mushrooms","floor":13,"gold_loss":0},{"damage_healed":0,"gold_gain":0,"player_choice":"Bet on Murderer","damage_taken":0,"max_hp_gain":0,"max_hp_loss":0,"event_name":"The Joust","floor":20,"gold_loss":50},{"damage_healed":0,"gold_gain":0,"player_choice":"Became a vampire","damage_taken":0,"max_hp_gain":0,"max_hp_loss":18,"event_name":"Vampires","floor":21,"gold_loss":0,"cards_obtained":["Bite","Bite","Bite","Bite","Bite"]}],"is_beta":false,"boss_relics":[{"not_picked":["Velvet Choker","Runic Dome"],"picked":"SlaversCollar"}],"items_purged_floors":[14],"is_endless":false,"potions_floor_spawned":[2,3,6,8,22],"killed_by":"Gremlin Leader","ascension_level":18}}