{"host":"yvb207ks1sg3cxef","time":1609430457,"event":{"mods":["2.2 Compatiblity","BaseMod","Bestiary","Colored Powertips","Minty Spire (QoL Compilation)","Permanent Neow","Quick Restart","Relic Stats","StSLib"],"gold_per_floor":[119,130,149,4,4,4,39,52,52,81,81,7,7,50,50,178,178,197,197,209,209,209,241,241,276,302,312,237,47,47,78,78,180,180,193,193,210,210,227,227,257,257,257],"floor_reached":42,"playtime":12639,"items_purged":["Strike_P"],"score":715,"play_id":"0a3db57e-9885-4e64-add0-3704b9df5507","local_time":"20201231213057","is_ascension_mode":true,"campfire_choices":[{"data":"Eruption","floor":6.0,"key":"SMITH"},{"data":"SpiritShield","floor":13.0,"key":"SMITH"},{"data":"ThirdEye","floor":15.0,"key":"SMITH"},{"data":"Blasphemy","floor":24.0,"key":"SMITH"},{"data":"Devotion","floor":32.0,"key":"SMITH"},{"data":"DevaForm","floor":40.0,"key":"SMITH"}],"circlet_count":0,"master_deck":["Defend_P","Defend_P","Defend_P","Defend_P","Eruption+1","Vigilance","SpiritShield+1","Consecrate","Tantrum","Brilliance","FlurryOfBlows","ThirdEye+1","FlurryOfBlows","Protect","ThirdEye","Devotion+1","CurseOfTheBell","WheelKick","Blasphemy+1","Prostrate","EmptyFist","FlyingSleeves","Sanctity+1","Wallop","Adaptation","Protect","RitualDagger","SashWhip+1","DevaForm+1","Meditate+1","Meditate+1","FearNoEvil","Fasting2+1"],"relics":["PureWater","ClockworkSouvenir","Strawberry","Ginger","Bloody Idol","Mercury Hourglass","Calling Bell","Regal Pillow","White Beast Statue","Mango","Calipers","Yang","Omamori","Matryoshka","SlaversCollar","Bag of Marbles"],"acts_visited":["Exordium","TheCity","TheBeyond"],"potions_floor_usage":[],"damage_taken":[{"damage":0.0,"enemies":"2 Louse","floor":1.0,"turns":2.0},{"damage":0.0,"enemies":"Cultist","floor":2.0,"turns":2.0},{"damage":8.0,"enemies":"Small Slimes","floor":3.0,"turns":4.0},{"damage":7.0,"enemies":"Lagavulin","floor":7.0,"turns":5.0},{"damage":7.0,"enemies":"Exordium Thugs","floor":8.0,"turns":3.0},{"damage":5.0,"enemies":"Gremlin Nob","floor":10.0,"turns":4.0},{"damage":7.0,"enemies":"Lagavulin","floor":14.0,"turns":4.0},{"damage":0.0,"enemies":"Slime Boss","floor":16.0,"turns":5.0},{"damage":3.0,"enemies":"Spheric Guardian","floor":18.0,"turns":5.0},{"damage":0.0,"enemies":"Chosen","floor":20.0,"turns":5.0},{"damage":8.0,"enemies":"Gremlin Leader","floor":23.0,"turns":6.0},{"damage":27.0,"enemies":"Book of Stabbing","floor":25.0,"turns":7.0},{"damage":0.0,"enemies":"Centurion and Healer","floor":27.0,"turns":6.0},{"damage":4.0,"enemies":"Gremlin Leader","floor":31.0,"turns":5.0},{"damage":30.0,"enemies":"Champ","floor":33.0,"turns":9.0},{"damage":1.0,"enemies":"3 Shapes","floor":35.0,"turns":7.0},{"damage":8.0,"enemies":"Orb Walker","floor":37.0,"turns":4.0},{"damage":27.0,"enemies":"Transient","floor":39.0,"turns":5.0},{"damage":32.0,"enemies":"Nemesis","floor":41.0,"turns":11.0},{"damage":24,"enemies":"Spire Growth","floor":42,"turns":4}],"seed_played":"9146679814490598334","potions_obtained":[{"floor":5.0,"key":"Weak Potion"},{"floor":5.0,"key":"Strength Potion"},{"floor":5.0,"key":"Strength Potion"},{"floor":7.0,"key":"DistilledChaos"},{"floor":18.0,"key":"Dexterity Potion"},{"floor":20.0,"key":"Fire Potion"},{"floor":25.0,"key":"LiquidMemories"},{"floor":31.0,"key":"Strength Potion"},{"floor":33.0,"key":"ColorlessPotion"},{"floor":35.0,"key":"SteroidPotion"},{"floor":39.0,"key":"Dexterity Potion"}],"is_trial":false,"path_per_floor":["M","M","M","$","?","R","E","M","T","E","?","$","R","E","R","B",null,"M","?","M","?","?","E","R","E","T","M","?","$","?","E","R","B",null,"M","?","M","?","M","R","E","M"],"character_chosen":"WATCHER","items_purchased":["ClockworkSouvenir","FlurryOfBlows","Protect","Adaptation","Protect"],"campfire_rested":0,"item_purchase_floors":[4,12,12,29,29],"current_hp_per_floor":[65,65,57,57,57,57,57,50,50,45,45,45,45,38,38,38,74,71,71,76,76,76,73,73,51,56,61,61,61,55,56,56,31,69,73,73,70,70,48,48,21,0,0],"gold":257,"neow_bonus":"THREE_RARE_CARDS","is_daily":false,"chose_seed":false,"campfire_upgraded":6,"win_rate":0.0,"timestamp":1609430457,"path_taken":["M","M","M","$","?","R","E","?","T","E","?","?","R","E","R","BOSS","M","?","M","?","?","E","R","E","T","?","?","$","?","E","R","BOSS","BOSS","M","?","M","?","?","R","E","M"],"items_purchased_type":["Relic","Card","Card","Card","Card"],"build_version":"2020-12-22","purchased_purges":1,"victory":false,"max_hp_per_floor":[65,65,65,65,65,65,72,72,72,72,67,67,67,67,67,67,81,81,81,81,81,81,81,81,81,81,81,81,81,81,81,81,81,81,81,81,81,81,81,81,81,81,81],"relic_stats":{"Regal Pillow":0,"counters":[20,103],"Bloody Idol":55,"Yang":[126],"Ginger":[4],"obtain_stats":[{"Regal Pillow":17,"Calipers":23,"Golden Idol":11,"Mango":17,"Yang":25,"Omamori":26,"Ginger":10,"White Beast Statue":17,"ClockworkSouvenir":4,"Mercury Hourglass":14,"Calling Bell":17,"SlaversCollar":34,"Matryoshka":31,"Strawberry":7,"Bloody Idol":19,"Bag of Marbles":41,"PureWater":0},{"Regal Pillow":8,"Calipers":11,"Golden Idol":6,"Mango":8,"Yang":12,"Omamori":12,"Ginger":6,"White Beast Statue":8,"ClockworkSouvenir":3,"Mercury Hourglass":7,"Calling Bell":8,"SlaversCollar":15,"Matryoshka":14,"Strawberry":4,"Bloody Idol":9,"Bag of Marbles":19,"PureWater":0},{"Regal Pillow":29,"Calipers":45,"Golden Idol":20,"Mango":29,"Yang":52,"Omamori":52,"Ginger":20,"White Beast Statue":29,"ClockworkSouvenir":8,"Mercury Hourglass":24,"Calling Bell":29,"SlaversCollar":72,"Matryoshka":63,"Strawberry":13,"Bloody Idol":34,"Bag of Marbles":99,"PureWater":0}],"Mercury Hourglass":[267]},"card_choices":[{"not_picked":["DeusExMachina","Scrawl"],"picked":"SpiritShield","floor":0.0},{"not_picked":["CutThroughFate","Indignation"],"picked":"Consecrate","floor":1.0},{"not_picked":["CrushJoints","Collect"],"picked":"Tantrum","floor":2.0},{"not_picked":["Tantrum","PathToVictory","Crescendo"],"picked":"SKIP","floor":3.0},{"not_picked":["CutThroughFate","CrushJoints"],"picked":"Brilliance","floor":7.0},{"not_picked":["Halt","SignatureMove"],"picked":"FlurryOfBlows","floor":8.0},{"not_picked":["CutThroughFate","SashWhip"],"picked":"ThirdEye","floor":10.0},{"not_picked":["BowlingBash","Evaluate"],"picked":"ThirdEye","floor":14.0},{"not_picked":["Ragnarok","Vault"],"picked":"Devotion","floor":16.0},{"not_picked":["ThirdEye","CutThroughFate"],"picked":"WheelKick","floor":18.0},{"not_picked":["Evaluate","ClearTheMind+1"],"picked":"Blasphemy","floor":20.0},{"not_picked":["EmptyFist","Alpha"],"picked":"Sanctity+1","floor":23.0},{"not_picked":["Evaluate","EmptyFist","FlyingSleeves"],"picked":"SKIP","floor":25.0},{"not_picked":["Pray","CrushJoints"],"picked":"Wallop","floor":27.0},{"not_picked":["FollowUp+1","ConjureBlade"],"picked":"SashWhip+1","floor":31.0},{"not_picked":["Omniscience","MasterReality"],"picked":"DevaForm","floor":33.0},{"not_picked":["EmptyBody","BowlingBash"],"picked":"Meditate","floor":35.0},{"not_picked":["EmptyMind+1","Swivel"],"picked":"Meditate+1","floor":37.0},{"not_picked":["Prostrate+1","ReachHeaven"],"picked":"FearNoEvil","floor":39.0},{"not_picked":["ThirdEye+1","ForeignInfluence+1"],"picked":"Fasting2+1","floor":41.0}],"player_experience":236654,"relics_obtained":[{"floor":7.0,"key":"Strawberry"},{"floor":10.0,"key":"Ginger"},{"floor":14.0,"key":"Mercury Hourglass"},{"floor":17.0,"key":"Regal Pillow"},{"floor":17.0,"key":"White Beast Statue"},{"floor":17.0,"key":"Mango"},{"floor":23.0,"key":"Calipers"},{"floor":25.0,"key":"Yang"},{"floor":26.0,"key":"Omamori"},{"floor":31.0,"key":"Matryoshka"},{"floor":41.0,"key":"Bag of Marbles"}],"event_choices":[{"damage_healed":0.0,"max_hp_gain":0.0,"max_hp_loss":0.0,"gold_gain":0.0,"event_name":"Lab","player_choice":"Got Potions","floor":5.0,"gold_loss":0.0,"damage_taken":0.0},{"damage_healed":0.0,"max_hp_gain":0.0,"max_hp_loss":5.0,"gold_gain":0.0,"event_name":"Golden Idol","player_choice":"Lose Max HP","floor":11.0,"gold_loss":0.0,"damage_taken":0.0,"relics_obtained":["Golden Idol"]},{"damage_healed":0.0,"max_hp_gain":0.0,"max_hp_loss":0.0,"gold_gain":0.0,"event_name":"Forgotten Altar","player_choice":"Gave Idol","floor":19.0,"relics_lost":["Golden Idol"],"gold_loss":0.0,"damage_taken":0.0,"relics_obtained":["Bloody Idol"]},{"damage_healed":0.0,"max_hp_gain":0.0,"max_hp_loss":0.0,"gold_gain":0.0,"cards_transformed":["Strike_P","Strike_P"],"event_name":"Drug Dealer","player_choice":"Became Test Subject","floor":21.0,"gold_loss":0.0,"damage_taken":0.0,"cards_obtained":["Prostrate","EmptyFist"]},{"damage_healed":0.0,"max_hp_gain":0.0,"max_hp_loss":0.0,"gold_gain":0.0,"event_name":"Match and Keep!","player_choice":"1 cards matched","floor":22.0,"gold_loss":0.0,"damage_taken":0.0,"cards_obtained":["FlyingSleeves"]},{"cards_removed":["Strike_P"],"damage_healed":0.0,"max_hp_gain":0.0,"max_hp_loss":0.0,"gold_gain":0.0,"event_name":"Beggar","player_choice":"Gave Gold","floor":28.0,"gold_loss":75.0,"damage_taken":0.0},{"damage_healed":0.0,"max_hp_gain":0.0,"max_hp_loss":0.0,"gold_gain":0.0,"event_name":"Nest","player_choice":"Joined the Cult","floor":30.0,"gold_loss":0.0,"damage_taken":6.0,"cards_obtained":["RitualDagger"]},{"damage_healed":0.0,"max_hp_gain":0.0,"max_hp_loss":0.0,"gold_gain":0.0,"event_name":"Tomb of Lord Red Mask","player_choice":"Ignored","floor":36.0,"gold_loss":0.0,"damage_taken":0.0},{"damage_healed":0.0,"max_hp_gain":0.0,"max_hp_loss":0.0,"gold_gain":0.0,"event_name":"Upgrade Shrine","player_choice":"Upgraded","floor":38.0,"gold_loss":0.0,"damage_taken":0.0,"cards_upgraded":["Meditate"]}],"is_beta":false,"boss_relics":[{"not_picked":["Pandora\u0027s Box","SacredBark"],"picked":"Calling Bell"},{"not_picked":["Sozu","Tiny House"],"picked":"SlaversCollar"}],"items_purged_floors":[29],"is_endless":false,"potions_floor_spawned":[7,8,18,20,23,25,27,31,33,35,37,39,41],"killed_by":"Spire Growth","ascension_level":6}}