{"host":"otq8dfq4j7e4v22n","time":1609453970,"event":{"mods":["BaseMod","Better Third Choice","BetterRewards","Minty Spire (QoL Compilation)","Permanent Neow","Relic Stats","StSLib"],"gold_per_floor":[110,127,127,139,152,152,186,200,200,19,19,44,56,113,113,214,214,227,47,347,363,378,403,403,313,313,341,341,366,379,411,411,508,508,518,229,239,239,259,289,308,343,343,378,398,45,0,19,19,19],"floor_reached":51,"playtime":4430,"items_purged":["Strike_P","Strike_P","Decay","Decay"],"score":946,"play_id":"bcce286c-2b11-4000-8448-169e4c3c8a20","local_time":"20201231143250","is_ascension_mode":true,"campfire_choices":[{"data":"Eruption","floor":6,"key":"SMITH"},{"floor":11,"key":"REST"},{"data":"SandsOfTime","floor":15,"key":"SMITH"},{"floor":24,"key":"REST"},{"floor":28,"key":"REST"},{"floor":32,"key":"DIG"},{"floor":49,"key":"REST"}],"circlet_count":0,"master_deck":["Strike_P+1","Strike_P","Defend_P","Defend_P","Defend_P","Defend_P+1","Eruption+1","Vigilance","BattleHymn+1","ThirdEye","SandsOfTime+1","Adaptation","ClearTheMind","EmptyBody","Meditate","FlurryOfBlows+1","Brilliance+1","Fasting2","WindmillStrike+1","Eruption+1","Eruption+1","TalkToTheHand+1","TalkToTheHand+1","Vault","Tantrum+1","Prostrate","LikeWater+1","MentalFortress+1","Clumsy","Prostrate","ClearTheMind"],"relics":["Busted Crown","Shovel","HornCleat","Molten Egg 2","Bottled Flame","Blue Candle","Cursed Key","Prayer Wheel","Old Coin","Oddly Smooth Stone","Yang","Pear","StrikeDummy","Bag of Marbles","Smiling Mask","SlaversCollar","Medical Kit","Pantograph","White Beast Statue","Juzu Bracelet","InkBottle","Incense Burner","Red Mask"],"acts_visited":["Exordium","TheCity","TheBeyond"],"potions_floor_usage":[7,22,22,23,23,33,33,42,42,50,50],"damage_taken":[{"damage":0,"enemies":"Small Slimes","floor":1,"turns":3},{"damage":0,"enemies":"2 Louse","floor":2,"turns":2},{"damage":0,"enemies":"Cultist","floor":4,"turns":3},{"damage":0,"enemies":"Red Slaver","floor":5,"turns":3},{"damage":24,"enemies":"3 Sentries","floor":7,"turns":5},{"damage":8,"enemies":"Exordium Thugs","floor":8,"turns":3},{"damage":2,"enemies":"Gremlin Nob","floor":12,"turns":3},{"damage":0,"enemies":"Looter","floor":13,"turns":3},{"damage":5,"enemies":"3 Sentries","floor":14,"turns":5},{"damage":14,"enemies":"Hexaghost","floor":16,"turns":7},{"damage":0,"enemies":"Spheric Guardian","floor":18,"turns":2},{"damage":17,"enemies":"2 Thieves","floor":21,"turns":4},{"damage":5,"enemies":"Centurion and Healer","floor":22,"turns":2},{"damage":28,"enemies":"Slavers","floor":23,"turns":7},{"damage":1,"enemies":"Gremlin Leader","floor":27,"turns":5},{"damage":0,"enemies":"Slavers","floor":29,"turns":1},{"damage":12,"enemies":"Snake Plant","floor":30,"turns":3},{"damage":5,"enemies":"Gremlin Leader","floor":31,"turns":3},{"damage":11,"enemies":"Automaton","floor":33,"turns":7},{"damage":0,"enemies":"3 Darklings","floor":35,"turns":3},{"damage":15,"enemies":"3 Shapes","floor":37,"turns":3},{"damage":10,"enemies":"Spire Growth","floor":39,"turns":4},{"damage":24,"enemies":"Nemesis","floor":40,"turns":8},{"damage":16,"enemies":"Maw","floor":41,"turns":5},{"damage":4,"enemies":"Reptomancer","floor":42,"turns":2},{"damage":0,"enemies":"Nemesis","floor":44,"turns":5},{"damage":1,"enemies":"Writhing Mass","floor":45,"turns":5},{"damage":0,"enemies":"Sphere and 2 Shapes","floor":48,"turns":4},{"damage":10,"enemies":"Donu and Deca","floor":50,"turns":6}],"seed_played":"3710733807515310163","potions_obtained":[{"floor":1,"key":"ColorlessPotion"},{"floor":7,"key":"StancePotion"},{"floor":8,"key":"GamblersBrew"},{"floor":14,"key":"Swift Potion"},{"floor":22,"key":"AttackPotion"},{"floor":29,"key":"Weak Potion"},{"floor":30,"key":"BottledMiracle"},{"floor":31,"key":"BlessingOfTheForge"},{"floor":40,"key":"GamblersBrew"},{"floor":41,"key":"Explosive Potion"},{"floor":42,"key":"Block Potion"},{"floor":44,"key":"SteroidPotion"},{"floor":45,"key":"DuplicationPotion"}],"is_trial":false,"path_per_floor":["M","M","?","M","M","R","E","M","T","$","R","E","M","?","R","B",null,"M","$","?","M","M","E","R","?","T","E","R","E","M","E","R","B",null,"M","$","M","T","M","E","M","E","T","E","M","$","?","M","R","B",null],"character_chosen":"WATCHER","items_purchased":["EmptyBody","Meditate","Fasting2","Medical Kit","Tantrum+1","Prostrate","Incense Burner"],"campfire_rested":4,"item_purchase_floors":[10,10,19,36,36,36,46],"current_hp_per_floor":[72,72,58,58,58,58,34,26,26,26,47,45,45,40,40,26,72,72,72,72,55,50,22,43,43,43,52,76,76,64,59,59,48,82,82,82,67,67,57,33,17,13,13,13,12,12,12,12,36,51],"gold":19,"neow_bonus":"BOSS_RELIC","is_daily":false,"chose_seed":false,"campfire_upgraded":2,"win_rate":0.0,"timestamp":1609453970,"path_taken":["M","M","?","M","M","R","E","M","T","$","R","E","M","?","R","BOSS","M","$","?","M","M","E","R","?","T","E","R","E","M","E","R","BOSS","M","$","M","?","M","E","?","E","T","E","M","$","?","M","R","BOSS"],"items_purchased_type":["Card","Card","Card","Relic","Card","Card","Relic"],"build_version":"2020-12-22","purchased_purges":4,"victory":true,"max_hp_per_floor":[72,72,72,72,72,72,72,72,72,72,72,72,72,72,72,72,72,72,72,72,72,72,72,72,72,72,82,82,82,82,82,82,82,82,82,82,82,82,82,82,82,82,82,82,82,82,82,82,82,82],"relic_stats":{"counters":[29,116],"Blue Candle":[10],"Yang":[178],"Juzu Bracelet":0,"Cursed Key":3,"Smiling Mask":175,"Medical Kit":[2],"Busted Crown":74,"Shovel":1,"Pantograph":25,"Prayer Wheel":9,"obtain_stats":[{"Pear":27,"Blue Candle":14,"Oddly Smooth Stone":23,"Yang":26,"Juzu Bracelet":42,"Incense Burner":46,"Cursed Key":17,"Smiling Mask":32,"Medical Kit":36,"White Beast Statue":40,"Old Coin":20,"SlaversCollar":34,"Bottled Flame":12,"Busted Crown":0,"Shovel":7,"HornCleat":9,"Pantograph":38,"Molten Egg 2":10,"Prayer Wheel":19,"Bag of Marbles":31,"Red Mask":47,"PureWater":0,"StrikeDummy":29,"InkBottle":44},{"Pear":15,"Blue Candle":9,"Oddly Smooth Stone":14,"Yang":14,"Juzu Bracelet":25,"Incense Burner":27,"Cursed Key":10,"Smiling Mask":18,"Medical Kit":20,"White Beast Statue":23,"Old Coin":11,"SlaversCollar":19,"Bottled Flame":7,"Busted Crown":0,"Shovel":5,"HornCleat":6,"Pantograph":21,"Molten Egg 2":6,"Prayer Wheel":11,"Bag of Marbles":18,"Red Mask":27,"PureWater":0,"StrikeDummy":16,"InkBottle":26},{"Pear":57,"Blue Candle":30,"Oddly Smooth Stone":52,"Yang":52,"Juzu Bracelet":96,"Incense Burner":106,"Cursed Key":37,"Smiling Mask":64,"Medical Kit":74,"White Beast Statue":89,"Old Coin":39,"SlaversCollar":71,"Bottled Flame":22,"Busted Crown":0,"Shovel":16,"HornCleat":19,"Pantograph":77,"Molten Egg 2":19,"Prayer Wheel":39,"Bag of Marbles":64,"Red Mask":106,"PureWater":0,"StrikeDummy":58,"InkBottle":101}],"InkBottle":[7]},"card_choices":[{"not_picked":[],"picked":"BattleHymn","floor":1},{"not_picked":["BowlingBash"],"picked":"SKIP","floor":2},{"not_picked":[],"picked":"ThirdEye","floor":4},{"not_picked":[],"picked":"SandsOfTime","floor":5},{"not_picked":[],"picked":"Adaptation","floor":7},{"not_picked":[],"picked":"ClearTheMind","floor":8},{"not_picked":[],"picked":"FlurryOfBlows+1","floor":12},{"not_picked":["FlyingSleeves+1"],"picked":"SKIP","floor":13},{"not_picked":[],"picked":"Brilliance+1","floor":16},{"not_picked":["EmptyFist+1"],"picked":"SKIP","floor":18},{"not_picked":["Consecrate+1"],"picked":"SKIP","floor":21},{"not_picked":["CarveReality+1"],"picked":"SKIP","floor":21},{"not_picked":[],"picked":"WindmillStrike+1","floor":22},{"not_picked":["FlyingSleeves+1"],"picked":"SKIP","floor":22},{"not_picked":["EmptyBody"],"picked":"SKIP","floor":23},{"not_picked":["Adaptation"],"picked":"SKIP","floor":27},{"not_picked":["Swivel"],"picked":"SKIP","floor":29},{"not_picked":["CrushJoints+1"],"picked":"SKIP","floor":30},{"not_picked":["FearNoEvil+1"],"picked":"SKIP","floor":30},{"not_picked":["SashWhip+1"],"picked":"SKIP","floor":31},{"not_picked":["SashWhip+1"],"picked":"SKIP","floor":31},{"not_picked":[],"picked":"Vault","floor":33},{"not_picked":["Weave+1"],"picked":"SKIP","floor":35},{"not_picked":["BowlingBash+1"],"picked":"SKIP","floor":35},{"not_picked":["JustLucky+1"],"picked":"SKIP","floor":37},{"not_picked":["SashWhip+1"],"picked":"SKIP","floor":37},{"not_picked":["Vengeance"],"picked":"SKIP","floor":39},{"not_picked":["Adaptation"],"picked":"SKIP","floor":39},{"not_picked":[],"picked":"LikeWater+1","floor":40},{"not_picked":["CrushJoints+1"],"picked":"SKIP","floor":41},{"not_picked":["EmptyFist+1"],"picked":"SKIP","floor":41},{"not_picked":[],"picked":"MentalFortress+1","floor":42},{"not_picked":["Adaptation+1"],"picked":"SKIP","floor":44},{"not_picked":[],"picked":"Prostrate","floor":45},{"not_picked":["SashWhip+1"],"picked":"SKIP","floor":45},{"not_picked":[],"picked":"ClearTheMind","floor":48},{"not_picked":["EmptyBody+1"],"picked":"SKIP","floor":48}],"player_experience":44075,"relics_obtained":[{"floor":7,"key":"Shovel"},{"floor":9,"key":"HornCleat"},{"floor":12,"key":"Bottled Flame"},{"floor":14,"key":"Blue Candle"},{"floor":23,"key":"Oddly Smooth Stone"},{"floor":26,"key":"Yang"},{"floor":27,"key":"Pear"},{"floor":29,"key":"StrikeDummy"},{"floor":31,"key":"Bag of Marbles"},{"floor":32,"key":"Smiling Mask"},{"floor":38,"key":"Pantograph"},{"floor":40,"key":"White Beast Statue"},{"floor":42,"key":"Juzu Bracelet"},{"floor":44,"key":"InkBottle"}],"event_choices":[{"damage_healed":72,"gold_gain":0,"player_choice":"Upgrade","damage_taken":14,"max_hp_gain":0,"max_hp_loss":72,"event_name":"betterThird:BetterShining","floor":3,"gold_loss":0,"cards_upgraded":["Defend_P","BattleHymn"]},{"damage_healed":0,"gold_gain":0,"player_choice":"Searched \u00271\u0027 times","damage_taken":0,"max_hp_gain":0,"max_hp_loss":0,"event_name":"Dead Adventurer","floor":14,"gold_loss":0},{"damage_healed":0,"gold_gain":0,"player_choice":"Opened","damage_taken":0,"relics_obtained":["Old Coin"],"max_hp_gain":0,"max_hp_loss":0,"event_name":"The Mausoleum","floor":20,"gold_loss":0,"cards_obtained":["Writhe"]},{"cards_removed":["Writhe"],"damage_healed":0,"gold_gain":0,"player_choice":"Upgrade and Remove","damage_taken":0,"max_hp_gain":0,"max_hp_loss":0,"event_name":"Designer","floor":25,"gold_loss":90,"cards_upgraded":["Strike_P"]},{"damage_healed":0,"gold_gain":0,"player_choice":"Paid","damage_taken":0,"relics_obtained":["Red Mask"],"max_hp_gain":0,"max_hp_loss":0,"event_name":"Tomb of Lord Red Mask","floor":47,"gold_loss":45}],"is_beta":false,"boss_relics":[{"not_picked":["Empty Cage","Fusion Hammer"],"picked":"Cursed Key"},{"not_picked":["Runic Dome","Velvet Choker"],"picked":"SlaversCollar"}],"items_purged_floors":[10,19,36,46],"is_endless":false,"potions_floor_spawned":[1,7,8,14,18,22,29,30,31,40,41,42,44,45,48],"ascension_level":1}}