{"host":"178rghtqlvp3zue2","time":1609415862,"event":{"mods":["2.2 Compatiblity","AchievementEnabler","BaseMod","DeckTracker","Minty Spire (QoL Compilation)","Quick Restart","SuperFastMode"],"gold_per_floor":[116,191,34,54,74,74,91,101,101,114,39,103,121,138,138,138,138],"floor_reached":16,"playtime":614,"items_purged":["Strike_R"],"score":120,"play_id":"736f24d4-4fef-4230-a1ae-bd9f389fe17b","local_time":"20201231205742","is_ascension_mode":true,"campfire_choices":[{"data":"Armaments","floor":6.0,"key":"SMITH"},{"floor":15,"key":"REST"}],"circlet_count":0,"master_deck":["Strike_R","Strike_R","Strike_R","Strike_R","Defend_R","Defend_R","Defend_R","Defend_R","Bash","Evolve","Warcry","Armaments+1","Inflame","Flex","Rampage","Metallicize"],"relics":["Burning Blood","Oddly Smooth Stone","Calipers","Eternal Feather"],"acts_visited":[],"potions_floor_usage":[14,14,14],"damage_taken":[{"damage":0.0,"enemies":"Small Slimes","floor":1.0,"turns":3.0},{"damage":2.0,"enemies":"2 Louse","floor":4.0,"turns":3.0},{"damage":0.0,"enemies":"Cultist","floor":5.0,"turns":5.0},{"damage":16.0,"enemies":"Lots of Slimes","floor":7.0,"turns":6.0},{"damage":11.0,"enemies":"Looter","floor":8.0,"turns":4.0},{"damage":33.0,"enemies":"Exordium Thugs","floor":10.0,"turns":5.0},{"damage":30,"enemies":"3 Sentries","floor":12,"turns":8},{"damage":10,"enemies":"2 Fungi Beasts","floor":13,"turns":4},{"damage":8,"enemies":"Lots of Slimes","floor":14,"turns":6},{"damage":46,"enemies":"The Guardian","floor":16,"turns":8}],"seed_played":"-2691889138305734633","potions_obtained":[{"floor":4.0,"key":"ColorlessPotion"},{"floor":7.0,"key":"Energy Potion"},{"floor":10.0,"key":"ColorlessPotion"}],"is_trial":false,"path_per_floor":["M","?","$","M","M","R","M","M","T","M","$","?","M","M","R","B"],"character_chosen":"IRONCLAD","items_purchased":["Oddly Smooth Stone"],"campfire_rested":1,"item_purchase_floors":[3],"current_hp_per_floor":[80,69,69,73,79,79,69,64,64,37,37,13,9,7,40,0,0],"gold":138,"neow_bonus":"THREE_CARDS","is_daily":false,"chose_seed":false,"campfire_upgraded":1,"win_rate":0.0,"timestamp":1609415862,"path_taken":["M","?","$","M","M","R","M","M","T","M","$","?","M","M","R","BOSS"],"items_purchased_type":["Relic"],"build_version":"2020-12-22","purchased_purges":1,"victory":false,"max_hp_per_floor":[80,80,80,80,80,80,80,80,80,80,80,80,80,80,80,80,80],"card_choices":[{"not_picked":["Second Wind","Twin Strike"],"picked":"Evolve","floor":0.0},{"not_picked":["Headbutt","Twin Strike"],"picked":"Warcry","floor":1.0},{"not_picked":["Uppercut","Inflame"],"picked":"Armaments","floor":4.0},{"not_picked":["Warcry","Ghostly Armor"],"picked":"Inflame","floor":5.0},{"not_picked":["Infernal Blade","Pommel Strike"],"picked":"Flex","floor":7.0},{"not_picked":["Sword Boomerang","Armaments","Iron Wave"],"picked":"SKIP","floor":8.0},{"not_picked":["Sentinel","Evolve"],"picked":"Rampage","floor":10.0},{"not_picked":["Anger","Flex"],"picked":"Metallicize","floor":12},{"not_picked":["Carnage","Warcry","Rupture"],"picked":"SKIP","floor":13},{"not_picked":["Exhume","Burning Pact","Body Slam"],"picked":"SKIP","floor":14}],"player_experience":255696,"relics_obtained":[{"floor":9.0,"key":"Calipers"},{"floor":12,"key":"Eternal Feather"}],"event_choices":[{"damage_healed":0.0,"max_hp_gain":0.0,"max_hp_loss":0.0,"gold_gain":75.0,"event_name":"World of Goop","player_choice":"Gather Gold","floor":2.0,"gold_loss":0.0,"damage_taken":11.0},{"damage_healed":0,"gold_gain":0,"player_choice":"Searched \u00271\u0027 times","damage_taken":0,"max_hp_gain":0,"max_hp_loss":0,"event_name":"Dead Adventurer","floor":12,"gold_loss":0}],"is_beta":false,"boss_relics":[],"items_purged_floors":[11],"is_endless":false,"potions_floor_spawned":[4,7,10,13],"killed_by":"The Guardian","ascension_level":5}}