{"host":"1jyvlwrg3lqf29t2","time":1609388645,"event":{"mods":["BaseMod","Colored Powertips","Downfall","Hermit","Minty Spire (QoL Compilation)","StSLib","The Blackbeard","The Cursed","The Poker Player","TheBandit"],"gold_per_floor":[110,110,128,145,162,162,193,193,239,252,252,268,288,70,70,169,169,186,18,117,117,153,153,184,184,207,220,251,265,265,292,292,411,411,426,454,454,489,489,489,489,489],"floor_reached":40,"playtime":1979,"items_purged":["blackbeard:BlackbeardStrike","blackbeard:BlackbeardStrike"],"score":394,"play_id":"52c8d3c7-dae9-433a-afc5-3b6dacf1d310","local_time":"20201230222405","is_ascension_mode":false,"campfire_choices":[{"data":"blackbeard:PirateStrength","floor":6,"key":"SMITH"},{"data":"blackbeard:InfiniteBarrage","floor":8,"key":"SMITH"},{"floor":15,"key":"REST"},{"data":"blackbeard:InfiniteBarrage","floor":23,"key":"SMITH"},{"data":"blackbeard:PirateEarring","floor":30,"key":"SMITH"},{"floor":32,"key":"REST"}],"circlet_count":0,"master_deck":["blackbeard:BlackbeardStrike+1","blackbeard:IntimidatingStrike+1","blackbeard:BlackbeardDefend","blackbeard:BlackbeardDefend","blackbeard:BlackbeardDefend","blackbeard:BlackbeardDefend","blackbeard:PirateStrength+1","blackbeard:InfiniteBarrage+1","blackbeard:GhostInTheRum","blackbeard:TacticalRetreat","blackbeard:Anchor","blackbeard:CloakAndCannonball","blackbeard:PirateStrength","blackbeard:BountyHunter","blackbeard:BlindAttacks","blackbeard:PirateEarring+1","blackbeard:Toast+1","blackbeard:InfiniteBarrage+1","blackbeard:BrownPants","blackbeard:CloakAndCannonball+1","blackbeard:BountyHunter"],"relics":["blackbeard:LoadTheGoldenCannons","blackbeard:Penknife","Whetstone","Orichalcum","blackbeard:HipFlask","blackbeard:Spearhead","SlaversCollar"],"acts_visited":["Exordium","TheCity","TheBeyond"],"potions_floor_usage":[13,24],"damage_taken":[{"damage":7,"enemies":"2 Louse","floor":1,"turns":2},{"damage":0,"enemies":"Cultist","floor":3,"turns":5},{"damage":7,"enemies":"Jaw Worm","floor":4,"turns":3},{"damage":9,"enemies":"3 Louse","floor":5,"turns":4},{"damage":3,"enemies":"Lagavulin","floor":7,"turns":6},{"damage":7,"enemies":"Looter","floor":10,"turns":4},{"damage":0,"enemies":"Red Slaver","floor":12,"turns":4},{"damage":0,"enemies":"Gremlin Gang","floor":13,"turns":3},{"damage":28,"enemies":"Slime Boss","floor":16,"turns":5},{"damage":7,"enemies":"Shell Parasite","floor":18,"turns":4},{"damage":0,"enemies":"3 Byrds","floor":22,"turns":5},{"damage":11,"enemies":"Shelled Parasite and Fungi","floor":24,"turns":3},{"damage":2,"enemies":"Centurion and Healer","floor":27,"turns":6},{"damage":0,"enemies":"Snecko","floor":28,"turns":4},{"damage":4,"enemies":"Snake Plant","floor":29,"turns":3},{"damage":0,"enemies":"Centurion and Healer","floor":31,"turns":8},{"damage":29,"enemies":"Champ","floor":33,"turns":9},{"damage":6,"enemies":"Orb Walker","floor":35,"turns":4},{"damage":3,"enemies":"3 Darklings","floor":36,"turns":9},{"damage":14,"enemies":"Sphere and 2 Shapes","floor":38,"turns":6},{"damage":46,"enemies":"Nemesis","floor":40,"turns":5}],"seed_played":"6114188707157249847","potions_obtained":[{"floor":1,"key":"Energy Potion"},{"floor":4,"key":"Guardian:BlockOnCardUsePotion"},{"floor":7,"key":"sneckomod:MuddlingPotion"},{"floor":10,"key":"Dexterity Potion"},{"floor":16,"key":"DistilledChaos"},{"floor":28,"key":"sneckomod:MuddlingPotion"},{"floor":31,"key":"blackbeard:OrangeJuicePotion"},{"floor":38,"key":"AttackPotion"}],"is_trial":false,"path_per_floor":["M","?","M","M","M","R","E","R","T","M","?","M","M","$","R","B",null,"M","$","?","?","M","R","M","?","T","M","M","M","R","M","R","B",null,"M","M","?","M","?","E"],"character_chosen":"BLACKBEARD_CLASS","items_purchased":["blackbeard:HipFlask","blackbeard:PirateEarring"],"campfire_rested":2,"item_purchase_floors":[14,19],"current_hp_per_floor":[61,61,61,54,45,45,42,42,42,35,35,35,35,35,55,27,68,61,61,61,61,61,61,50,50,50,48,48,44,44,44,64,35,68,62,59,59,45,45,0,0,0],"gold":489,"neow_bonus":"THREE_RARE_CARDS","is_daily":false,"chose_seed":false,"campfire_upgraded":4,"win_rate":0.0,"timestamp":1609388645,"path_taken":["M","?","?","M","?","R","E","R","T","M","?","M","M","$","R","BOSS","M","$","?","?","M","R","M","?","T","?","?","M","R","M","R","BOSS","M","?","?","?","?","E"],"items_purchased_type":["Relic","Card"],"build_version":"2020-12-22","purchased_purges":2,"victory":false,"max_hp_per_floor":[68,68,68,68,68,68,68,68,68,68,68,68,68,68,68,68,68,68,68,68,68,68,68,68,68,68,68,68,68,68,68,68,68,68,68,68,68,68,68,68,68,68],"card_choices":[{"not_picked":["blackbeard:BountyHunter","blackbeard:GoldenGuillotine"],"picked":"blackbeard:PirateStrength","floor":0},{"not_picked":["blackbeard:Boarding","blackbeard:TerrorOfTheSeas"],"picked":"blackbeard:InfiniteBarrage","floor":1},{"not_picked":["blackbeard:Fencing","blackbeard:SmithingHammer","blackbeard:FieryDefense"],"picked":"SKIP","floor":3},{"not_picked":["blackbeard:AgileStrike","blackbeard:Revenge"],"picked":"blackbeard:TacticalRetreat","floor":4},{"not_picked":["blackbeard:PirateHook","blackbeard:Boarding"],"picked":"blackbeard:Anchor","floor":5},{"not_picked":["blackbeard:Boarding","blackbeard:SwordDance","blackbeard:DeadlyArsenal"],"picked":"SKIP","floor":7},{"not_picked":["blackbeard:Sharpening","blackbeard:GoldenStrike"],"picked":"blackbeard:BeatUp","floor":10},{"not_picked":["blackbeard:Sharpening","blackbeard:CatONineTails"],"picked":"blackbeard:CloakAndCannonball","floor":12},{"not_picked":["blackbeard:Bandana","blackbeard:DeadlyArsenal"],"picked":"blackbeard:PirateStrength","floor":13},{"not_picked":["blackbeard:FinalBarrage","blackbeard:GoldenGuillotine"],"picked":"blackbeard:BountyHunter","floor":16},{"not_picked":["blackbeard:Spear+1","blackbeard:Toast+1"],"picked":"blackbeard:BlindAttacks","floor":18},{"not_picked":["blackbeard:Scrap","blackbeard:Sword"],"picked":"blackbeard:InfiniteBarrage","floor":22},{"not_picked":["blackbeard:Shrapnel+1","blackbeard:WeaponProficiency+1","blackbeard:DeadlyArsenal+1"],"picked":"SKIP","floor":24},{"not_picked":["blackbeard:WeaponProficiency","blackbeard:TerrorOfTheSeas","blackbeard:DelayedPain+1"],"picked":"SKIP","floor":27},{"not_picked":["blackbeard:Fencing+1","blackbeard:TacticalRetreat"],"picked":"blackbeard:CloakAndCannonball+1","floor":28},{"not_picked":["blackbeard:WeaponMastery","blackbeard:BlindAttacks","blackbeard:Shrapnel"],"picked":"SKIP","floor":29},{"not_picked":["blackbeard:Scrap","blackbeard:Fencing","blackbeard:VengefulSpirit"],"picked":"SKIP","floor":31},{"not_picked":["blackbeard:ReapersScythe","blackbeard:GoldenGuillotine"],"picked":"blackbeard:BountyHunter","floor":33},{"not_picked":["blackbeard:GoldenDefense","blackbeard:AgileStrike","blackbeard:Anchor+1"],"picked":"SKIP","floor":35},{"not_picked":["blackbeard:Sharpening","blackbeard:GoldenDefense+1","blackbeard:FieryDefense+1"],"picked":"SKIP","floor":36},{"not_picked":["blackbeard:Dagger+1","blackbeard:Provisioning+1","blackbeard:TacticalRetreat+1"],"picked":"SKIP","floor":38}],"player_experience":389994,"relics_obtained":[{"floor":7,"key":"blackbeard:Penknife"},{"floor":9,"key":"Whetstone"},{"floor":26,"key":"blackbeard:Spearhead"}],"event_choices":[{"damage_healed":0,"gold_gain":0,"cards_transformed":["blackbeard:BlackbeardStrike"],"player_choice":"Transformed","damage_taken":0,"max_hp_gain":0,"max_hp_loss":0,"event_name":"Transmorgrifier","floor":2,"gold_loss":0,"cards_obtained":["blackbeard:GhostInTheRum"]},{"damage_healed":0,"gold_gain":0,"player_choice":"Searched \u00272\u0027 times","damage_taken":0,"relics_obtained":["Orichalcum"],"max_hp_gain":0,"max_hp_loss":0,"event_name":"Dead Adventurer","floor":11,"gold_loss":0},{"damage_healed":0,"gold_gain":99,"player_choice":"Stole From Cult","damage_taken":0,"max_hp_gain":0,"max_hp_loss":0,"event_name":"Nest","floor":20,"gold_loss":0},{"damage_healed":0,"gold_gain":0,"player_choice":"Read","damage_taken":0,"max_hp_gain":0,"max_hp_loss":0,"event_name":"The Library","floor":21,"gold_loss":0,"cards_obtained":["blackbeard:Toast"]},{"damage_healed":0,"gold_gain":0,"cards_transformed":["blackbeard:Cutlass"],"player_choice":"Transformed","damage_taken":0,"max_hp_gain":0,"max_hp_loss":0,"event_name":"Transmorgrifier","floor":25,"gold_loss":0,"cards_obtained":["blackbeard:BrownPants"]},{"damage_healed":0,"gold_gain":0,"player_choice":"Forge","damage_taken":0,"max_hp_gain":0,"max_hp_loss":0,"event_name":"Accursed Blacksmith","floor":37,"gold_loss":0,"cards_upgraded":["blackbeard:Toast"]},{"cards_removed":["blackbeard:BeatUp"],"damage_healed":0,"gold_gain":0,"player_choice":"Removed Attack","damage_taken":0,"max_hp_gain":0,"max_hp_loss":0,"event_name":"Falling","floor":39,"gold_loss":0}],"is_beta":false,"boss_relics":[{"not_picked":["SacredBark","Runic Dome"],"picked":"blackbeard:LoadTheGoldenCannons"},{"not_picked":["Coffee Dripper","Fusion Hammer"],"picked":"SlaversCollar"}],"items_purged_floors":[14,19],"is_endless":false,"potions_floor_spawned":[1,4,7,10,16,18,28,29,31,36,38],"killed_by":"Nemesis","ascension_level":0}}