{"host":"0ueeacaatm8t6jyh","time":1609406685,"event":{"mods":["AchievementEnabler","BaseMod","Colored Powertips","Minty Spire (QoL Compilation)","Rare Cards Sparkle","StSLib"],"gold_per_floor":[369,369,173,183,199,228,238,46,46,60,60,60,60,71,71,149,149,164,174,138,150,164,176,176,0,0,0,0,0,0],"floor_reached":29,"playtime":1354,"items_purged":["Strike_R","Strike_R"],"score":397,"play_id":"d2cdb2c7-49ea-490e-b63c-3c22d74889b0","local_time":"20201231172445","is_ascension_mode":true,"campfire_choices":[{"floor":11.0,"key":"REST"},{"data":"Armaments","floor":15.0,"key":"SMITH"},{"data":"Armaments","floor":24.0,"key":"SMITH"},{"data":"Barricade","floor":28.0,"key":"SMITH"}],"circlet_count":0,"master_deck":["AscendersBane","Strike_R","Defend_R","Defend_R","Defend_R","Defend_R","Bash","Body Slam","Shrug It Off","Dark Embrace","Sever Soul","Bloodletting","Shrug It Off","Rupture","Inflame","Barricade+1","Metallicize","Armaments+1","Limit Break","Body Slam+1","Power Through","Metallicize","Armaments+1"],"relics":["Black Blood","Matryoshka","Question Card","HornCleat","Pen Nib","Bag of Marbles"],"acts_visited":["Exordium","TheCity"],"potions_floor_usage":[],"damage_taken":[{"damage":3.0,"enemies":"Small Slimes","floor":1.0,"turns":6.0},{"damage":17.0,"enemies":"Cultist","floor":4.0,"turns":6.0},{"damage":9.0,"enemies":"Jaw Worm","floor":5.0,"turns":5.0},{"damage":54.0,"enemies":"Gremlin Nob","floor":6.0,"turns":5.0},{"damage":18.0,"enemies":"3 Louse","floor":7.0,"turns":5.0},{"damage":6.0,"enemies":"Lots of Slimes","floor":10.0,"turns":7.0},{"damage":0.0,"enemies":"2 Fungi Beasts","floor":14.0,"turns":5.0},{"damage":16.0,"enemies":"The Guardian","floor":16.0,"turns":10.0},{"damage":33.0,"enemies":"Chosen","floor":18.0,"turns":8.0},{"damage":10.0,"enemies":"3 Byrds","floor":19.0,"turns":3.0},{"damage":43.0,"enemies":"Sentry and Sphere","floor":21.0,"turns":11.0},{"damage":11.0,"enemies":"Centurion and Healer","floor":22.0,"turns":11.0},{"damage":25.0,"enemies":"Snecko","floor":23.0,"turns":9.0},{"damage":45,"enemies":"Chosen and Byrds","floor":29,"turns":6}],"seed_played":"-6186091015203073608","potions_obtained":[{"floor":5.0,"key":"FairyPotion"},{"floor":6.0,"key":"EssenceOfSteel"},{"floor":14.0,"key":"Swift Potion"},{"floor":16.0,"key":"LiquidBronze"},{"floor":18.0,"key":"Regen Potion"},{"floor":19.0,"key":"ElixirPotion"}],"is_trial":false,"path_per_floor":["M","?","$","M","M","E","M","$","T","M","R","?","?","M","R","B",null,"M","M","$","M","M","M","R","?","T","?","R","M"],"character_chosen":"IRONCLAD","items_purchased":["Shrug It Off","Dark Embrace","Shrug It Off","Rupture","Power Through"],"campfire_rested":1,"item_purchase_floors":[3,3,8,8,20],"current_hp_per_floor":[53,53,53,42,39,28,16,16,16,16,38,43,43,49,49,39,70,49,60,60,29,30,17,17,17,17,17,17,0,0],"gold":0,"neow_bonus":"TWO_FIFTY_GOLD","is_daily":false,"chose_seed":false,"campfire_upgraded":3,"win_rate":0.0,"timestamp":1609406685,"path_taken":["M","?","$","?","M","E","M","$","T","M","R","?","?","M","R","BOSS","M","M","?","?","M","M","R","?","T","?","R","?"],"items_purchased_type":["Card","Card","Card","Card","Card"],"build_version":"2020-12-22","purchased_purges":2,"victory":false,"max_hp_per_floor":[75,75,75,75,75,75,75,75,75,75,75,80,80,80,80,80,80,80,80,80,80,80,80,80,80,80,80,80,80,80],"card_choices":[{"not_picked":["Warcry","Iron Wave"],"picked":"Body Slam","floor":1.0},{"not_picked":["Pummel","Flex","Twin Strike"],"picked":"SKIP","floor":4.0},{"not_picked":["Body Slam","Perfected Strike"],"picked":"Sever Soul","floor":5.0},{"not_picked":["Cleave","Dropkick"],"picked":"Bloodletting","floor":6.0},{"not_picked":["Combust","Wild Strike","Infernal Blade"],"picked":"SKIP","floor":7.0},{"not_picked":["Anger","Perfected Strike","Body Slam"],"picked":"Inflame","floor":10.0},{"not_picked":["Havoc","Thunderclap","Clash"],"picked":"Armaments","floor":14.0},{"not_picked":["Impervious","Demon Form","Bludgeon"],"picked":"Limit Break","floor":16.0},{"not_picked":["Headbutt","Clash+1","Pummel","Fire Breathing"],"picked":"SKIP","floor":18.0},{"not_picked":["Iron Wave","Clothesline","Armaments"],"picked":"Body Slam+1","floor":19.0},{"not_picked":["Flex","Anger","Clothesline"],"picked":"Metallicize","floor":21.0},{"not_picked":["Twin Strike","Flex","True Grit"],"picked":"Armaments","floor":22.0},{"not_picked":["True Grit","Twin Strike","Limit Break","Warcry"],"picked":"SKIP","floor":23.0}],"player_experience":330461,"relics_obtained":[{"floor":6.0,"key":"Matryoshka"},{"floor":9.0,"key":"Question Card"},{"floor":9.0,"key":"HornCleat"},{"floor":26.0,"key":"Pen Nib"},{"floor":26.0,"key":"Bag of Marbles"}],"event_choices":[{"cards_removed":["Strike_R"],"damage_healed":0.0,"max_hp_gain":0.0,"max_hp_loss":0.0,"gold_gain":0.0,"event_name":"Purifier","player_choice":"Purged","floor":2.0,"gold_loss":0.0,"damage_taken":0.0},{"damage_healed":0.0,"max_hp_gain":5.0,"max_hp_loss":0.0,"gold_gain":0.0,"event_name":"Big Fish","player_choice":"Donut","floor":12.0,"gold_loss":0.0,"damage_taken":0.0},{"damage_healed":0.0,"max_hp_gain":0.0,"max_hp_loss":0.0,"gold_gain":0.0,"event_name":"Match and Keep!","player_choice":"2 cards matched","floor":13.0,"gold_loss":0.0,"damage_taken":0.0,"cards_obtained":["Barricade","Metallicize"]},{"damage_healed":0.0,"max_hp_gain":0.0,"max_hp_loss":0.0,"gold_gain":0.0,"event_name":"Masked Bandits","player_choice":"Paid Fearfully","floor":25.0,"gold_loss":176.0,"damage_taken":0.0},{"cards_removed":["Strike_R"],"damage_healed":0.0,"max_hp_gain":0.0,"max_hp_loss":0.0,"gold_gain":0.0,"event_name":"Purifier","player_choice":"Purged","floor":27.0,"gold_loss":0.0,"damage_taken":0.0}],"is_beta":false,"boss_relics":[{"not_picked":["Runic Cube","Coffee Dripper"],"picked":"Black Blood"}],"items_purged_floors":[3,8],"is_endless":false,"potions_floor_spawned":[5,6,14,16,18,19],"killed_by":"Chosen and Byrds","ascension_level":15}}