{"host":"480qzmvu0s2e3e6w","time":1609442491,"event":{"mods":["BaseMod","Colored Map","DeckTracker","Minty Spire (QoL Compilation)","StSLib","SuperFastMode"],"gold_per_floor":[359,142,152,165,74,74,106,106,176,176,191,191,215,215,215,314,314,333,35,35,35,51,51,71,71,71],"floor_reached":25,"playtime":1176,"items_purged":["Strike_G","Strike_G","Strike_G"],"score":352,"play_id":"ad38bb5a-959d-4909-9db1-44ffd8d113f1","local_time":"20210101042131","is_ascension_mode":true,"campfire_choices":[{"data":"Poisoned Stab","floor":6,"key":"SMITH"},{"floor":8,"key":"REST"},{"floor":12,"key":"REST"},{"data":"Footwork","floor":15,"key":"SMITH"},{"data":"Footwork","floor":23,"key":"SMITH"}],"circlet_count":0,"master_deck":["AscendersBane","Strike_G","Defend_G","Defend_G","Defend_G","Defend_G","Defend_G","Survivor","Neutralize","Dash","Footwork+1","Flying Knee","Poisoned Stab+1","Well Laid Plans","Backflip","Burst","Dagger Spray","Malaise","Deadly Poison","Footwork+1","HandOfGreed+1","Well Laid Plans","Slice+1"],"relics":["Ring of the Snake","Membership Card","Juzu Bracelet","Ornamental Fan","Golden Idol","Molten Egg 2","SacredBark","Pear"],"acts_visited":["Exordium","TheCity"],"potions_floor_usage":[16,22,24],"damage_taken":[{"damage":0.0,"enemies":"Cultist","floor":1.0,"turns":5.0},{"damage":3,"enemies":"Jaw Worm","floor":3,"turns":5},{"damage":2,"enemies":"Small Slimes","floor":4,"turns":4},{"damage":35,"enemies":"Gremlin Nob","floor":7,"turns":6},{"damage":8,"enemies":"Red Slaver","floor":11,"turns":5},{"damage":1,"enemies":"Blue Slaver","floor":13,"turns":4},{"damage":21,"enemies":"Hexaghost","floor":16,"turns":16},{"damage":1,"enemies":"Chosen","floor":18,"turns":8},{"damage":1,"enemies":"3 Byrds","floor":22,"turns":7},{"damage":6,"enemies":"Snake Plant","floor":24,"turns":7},{"damage":52,"enemies":"Gremlin Leader","floor":25,"turns":10}],"seed_played":"-6460769861704356927","potions_obtained":[{"floor":1.0,"key":"PowerPotion"},{"floor":4,"key":"SmokeBomb"},{"floor":16,"key":"SpeedPotion"},{"floor":22,"key":"SpeedPotion"}],"is_trial":false,"path_per_floor":["M","$","M","M","$","R","E","R","T","?","M","R","M","?","R","B",null,"M","$","?","$","M","R","M","E"],"character_chosen":"THE_SILENT","items_purchased":["Membership Card","Footwork","Well Laid Plans","Footwork","HandOfGreed+1","Pear"],"campfire_rested":2,"item_purchase_floors":[2,2,5,19,19,19],"current_hp_per_floor":[59,59,56,54,54,54,19,37,37,16,8,26,25,25,25,4,46,45,55,55,55,54,54,48,0,0],"gold":71,"neow_bonus":"TWO_FIFTY_GOLD","is_daily":false,"chose_seed":false,"campfire_upgraded":3,"win_rate":0.0,"timestamp":1609442491,"path_taken":["M","$","M","M","$","R","E","R","T","?","M","R","M","?","R","BOSS","M","?","?","$","M","R","M","E"],"items_purchased_type":["Relic","Card","Card","Card","Card","Relic"],"build_version":"2020-12-22","purchased_purges":3,"victory":false,"max_hp_per_floor":[60,60,60,60,60,60,60,60,60,60,60,60,60,60,60,60,60,60,70,70,70,70,70,70,70,70],"card_choices":[{"not_picked":["Prepared","Cloak And Dagger"],"picked":"Dash","floor":1.0},{"not_picked":["Underhanded Strike","Deflect"],"picked":"Flying Knee","floor":3},{"not_picked":["Dash","Eviscerate"],"picked":"Poisoned Stab","floor":4},{"not_picked":["Underhanded Strike","Dash"],"picked":"Backflip","floor":7},{"not_picked":["Outmaneuver","Terror"],"picked":"Burst","floor":11},{"not_picked":["Sucker Punch","Dagger Throw"],"picked":"Dagger Spray","floor":13},{"not_picked":["Unload+1","Doppelganger"],"picked":"Malaise","floor":16},{"not_picked":["Setup","Distraction"],"picked":"Deadly Poison","floor":18},{"not_picked":["Quick Slash+1","Underhanded Strike+1"],"picked":"Slice+1","floor":22},{"not_picked":["Flying Knee+1","Underhanded Strike+1","Backflip"],"picked":"SKIP","floor":24}],"player_experience":630773,"relics_obtained":[{"floor":7,"key":"Juzu Bracelet"},{"floor":9,"key":"Ornamental Fan"}],"event_choices":[{"damage_healed":0,"gold_gain":0,"player_choice":"Take Damage","damage_taken":21,"relics_obtained":["Golden Idol"],"max_hp_gain":0,"max_hp_loss":0,"event_name":"Golden Idol","floor":10,"gold_loss":0},{"damage_healed":0,"gold_gain":0,"player_choice":"Gave Potion","damage_taken":0,"relics_obtained":["Molten Egg 2"],"max_hp_gain":0,"max_hp_loss":0,"event_name":"WeMeetAgain","floor":14,"gold_loss":0},{"damage_healed":0,"gold_gain":0,"cards_transformed":["Strike_G"],"player_choice":"Transformed","damage_taken":0,"max_hp_gain":0,"max_hp_loss":0,"event_name":"Transmorgrifier","floor":20,"gold_loss":0,"cards_obtained":["Well Laid Plans"]}],"is_beta":false,"boss_relics":[{"not_picked":["WristBlade","Sozu"],"picked":"SacredBark"}],"items_purged_floors":[2,5,19],"is_endless":false,"potions_floor_spawned":[1,4,16,22],"killed_by":"Gremlin Leader","ascension_level":15}}