{"host":"qwttrqaysb380yri","time":1609417375,"event":{"mods":["BaseMod","Custom Start","Minty Spire (QoL Compilation)","Permanent Neow","Puzzle Mod","Relic Stats","StSLib","The Hierophant"],"gold_per_floor":[99,24,24,24,24,24,24,24,24,24,24,24,24,24,24,24,24,24,24,24,24,24,24,24,24,24,24,24],"floor_reached":27,"playtime":822,"items_purged":["Defend_G"],"score":432,"play_id":"e20d99ca-39ce-4b29-8ecb-9f658671dc92","local_time":"20201231132255","is_ascension_mode":true,"campfire_choices":[{"floor":7,"key":"REST"},{"data":"Bouncing Flask","floor":10,"key":"SMITH"},{"floor":12,"key":"REST"},{"floor":15,"key":"REST"},{"floor":24,"key":"REST"}],"circlet_count":0,"master_deck":["AscendersBane","Strike_G","Strike_G","Strike_G","Strike_G","Defend_G","Defend_G","Defend_G","Defend_G","Survivor","Neutralize","Predator","Deadly Poison","Leg Sweep","Bouncing Flask+1","Dodge and Roll","Night Terror+1","Night Terror","Predator","Acrobatics","Deadly Poison"],"relics":["Ectoplasm","MawBank","Juzu Bracelet","Bag of Marbles","Happy Flower","Fusion Hammer","Dead Branch","Frozen Egg 2","White Beast Statue"],"acts_visited":["Exordium","TheCity"],"potions_floor_usage":[8,13,16,23],"damage_taken":[{"damage":3,"enemies":"Small Slimes","floor":1,"turns":4},{"damage":6,"enemies":"2 Louse","floor":5,"turns":2},{"damage":12,"enemies":"3 Sentries","floor":6,"turns":9},{"damage":31,"enemies":"Gremlin Nob","floor":8,"turns":5},{"damage":0,"enemies":"Jaw Worm","floor":11,"turns":1},{"damage":12,"enemies":"3 Sentries","floor":13,"turns":8},{"damage":15,"enemies":"Lots of Slimes","floor":14,"turns":4},{"damage":22,"enemies":"The Guardian","floor":16,"turns":9},{"damage":7,"enemies":"Chosen","floor":18,"turns":4},{"damage":2,"enemies":"Spheric Guardian","floor":21,"turns":4},{"damage":20,"enemies":"Book of Stabbing","floor":23,"turns":6},{"damage":5,"enemies":"Gremlin Leader","floor":27,"turns":2}],"seed_played":"-4459881835228219952","potions_obtained":[{"floor":1,"key":"GamblersBrew"},{"floor":8,"key":"SneckoOil"},{"floor":11,"key":"DistilledChaos"},{"floor":14,"key":"Regen Potion"},{"floor":16,"key":"FearPotion"}],"is_trial":false,"path_per_floor":["M","$","?","?","M","E","R","E","T","R","M","R","E","M","R","B",null,"M","?","?","M","?","E","R","T","T","E"],"character_chosen":"THE_SILENT","items_purchased":[],"campfire_rested":4,"item_purchase_floors":[],"current_hp_per_floor":[56,56,56,49,43,31,50,19,19,19,19,38,26,11,30,23,55,48,48,48,46,46,26,45,45,45,40,40],"gold":24,"neow_bonus":"BOSS_RELIC","is_daily":false,"chose_seed":false,"campfire_upgraded":1,"win_rate":0.0,"timestamp":1609417375,"path_taken":["M","$","?","?","M","E","R","E","T","R","M","R","E","M","R","BOSS","M","?","?","M","?","E","R","?","T","E"],"items_purchased_type":[],"build_version":"2020-12-22","purchased_purges":1,"victory":false,"max_hp_per_floor":[66,66,66,66,66,66,66,66,66,66,66,66,66,66,66,66,66,66,66,66,66,66,66,66,66,66,66,66],"relic_stats":{"Happy Flower":[9],"counters":[12,58],"Dead Branch":[2],"Ectoplasm":631,"Juzu Bracelet":1,"MawBank":0,"obtain_stats":[{"Happy Flower":13,"Dead Branch":23,"Ectoplasm":0,"Fusion Hammer":17,"Juzu Bracelet":8,"Bag of Marbles":9,"Frozen Egg 2":25,"MawBank":6,"White Beast Statue":26,"Ring of the Snake":0},{"Happy Flower":6,"Dead Branch":11,"Ectoplasm":0,"Fusion Hammer":8,"Juzu Bracelet":4,"Bag of Marbles":4,"Frozen Egg 2":11,"MawBank":3,"White Beast Statue":11,"Ring of the Snake":0},{"Happy Flower":29,"Dead Branch":56,"Ectoplasm":0,"Fusion Hammer":42,"Juzu Bracelet":20,"Bag of Marbles":20,"Frozen Egg 2":56,"MawBank":15,"White Beast Statue":56,"Ring of the Snake":0}]},"card_choices":[{"not_picked":["Acrobatics","Distraction"],"picked":"Predator","floor":1},{"not_picked":["Choke","Backflip"],"picked":"Deadly Poison","floor":5},{"not_picked":["Bullet Time","Backflip"],"picked":"Leg Sweep","floor":6},{"not_picked":["Dagger Spray","Quick Slash"],"picked":"Bouncing Flask","floor":8},{"not_picked":["Dagger Throw","Sucker Punch","Underhanded Strike"],"picked":"SKIP","floor":11},{"not_picked":["Cloak And Dagger","Underhanded Strike"],"picked":"Dodge and Roll","floor":13},{"not_picked":["Dagger Spray","Skewer"],"picked":"Night Terror","floor":14},{"not_picked":["A Thousand Cuts","After Image"],"picked":"Night Terror","floor":16},{"not_picked":["PiercingWail","Sucker Punch"],"picked":"Predator","floor":18},{"not_picked":["Poisoned Stab","Setup"],"picked":"Acrobatics","floor":21},{"not_picked":["Deflect","Flying Knee","Sucker Punch+1"],"picked":"SKIP","floor":23}],"player_experience":1969612,"relics_obtained":[{"floor":6,"key":"MawBank"},{"floor":8,"key":"Juzu Bracelet"},{"floor":9,"key":"Bag of Marbles"},{"floor":13,"key":"Happy Flower"},{"floor":23,"key":"Dead Branch"},{"floor":25,"key":"Frozen Egg 2"},{"floor":26,"key":"White Beast Statue"}],"event_choices":[{"damage_healed":0,"gold_gain":0,"player_choice":"Ignored","damage_taken":0,"max_hp_gain":0,"max_hp_loss":0,"event_name":"Golden Idol","floor":3,"gold_loss":0},{"cards_removed":["Strike_G"],"damage_healed":0,"gold_gain":0,"player_choice":"Card Removal","damage_taken":7,"max_hp_gain":0,"max_hp_loss":0,"event_name":"Golden Wing","floor":4,"gold_loss":0},{"damage_healed":0,"gold_gain":0,"player_choice":"Ignored","damage_taken":0,"max_hp_gain":0,"max_hp_loss":0,"event_name":"Vampires","floor":19,"gold_loss":0},{"damage_healed":0,"gold_gain":0,"player_choice":"Upgraded","damage_taken":0,"max_hp_gain":0,"max_hp_loss":0,"event_name":"Upgrade Shrine","floor":20,"gold_loss":0,"cards_upgraded":["Night Terror"]},{"damage_healed":0,"gold_gain":0,"player_choice":"Read","damage_taken":0,"max_hp_gain":0,"max_hp_loss":0,"event_name":"The Library","floor":22,"gold_loss":0,"cards_obtained":["Deadly Poison"]}],"is_beta":false,"boss_relics":[{"not_picked":["HoveringKite","Tiny House"],"picked":"Fusion Hammer"}],"items_purged_floors":[2],"is_endless":false,"potions_floor_spawned":[1,8,11,14,16,18],"killed_by":"Gremlin Leader","ascension_level":15}}