{"host":"wcdwdpnxbe04tinu","time":1609448564,"event":{"mods":["Aspiration","BaseMod","Downfall","Minty Spire (QoL Compilation)","Relic Sorter","StSLib"],"gold_per_floor":[99,113,113,113,125,61,61,89,101,101,26,79,79,95,106,106,106,106],"floor_reached":16,"playtime":589,"items_purged":[],"score":105,"play_id":"653a43d7-82e2-4518-a240-388072944ebd","local_time":"20201231150244","is_ascension_mode":true,"campfire_choices":[{"data":"Slimebound:CorrosiveSpit","floor":1,"key":"SMITH"},{"data":"Slimebound:RollThrough","floor":11,"key":"SMITH"},{"floor":13,"key":"REST"}],"circlet_count":0,"master_deck":["Slimebound:Strike_Slimebound","Slimebound:Strike_Slimebound","Slimebound:Strike_Slimebound","Slimebound:Tackle","Slimebound:Defend_Slimebound","Slimebound:Defend_Slimebound","Slimebound:Defend_Slimebound","Slimebound:Defend_Slimebound","Slimebound:Split","Slimebound:CorrosiveSpit+1","Regret","Slimebound:RollThrough+1","Slimebound:FinishingTackle","Slimebound:SlimeSpikes","Slimebound:HungryTackle"],"relics":["Slimebound:AbsorbEndCombat","Bag of Preparation","Letter Opener","downfall:BrokenWingStatue","downfall:HeartBlessingBlue","Regal Pillow"],"acts_visited":["Exordium"],"potions_floor_usage":[8,16,16],"damage_taken":[{"damage":13,"enemies":"Jaw Worm","floor":2,"turns":4},{"damage":8,"enemies":"2 Louse","floor":5,"turns":3},{"damage":12,"enemies":"downfall:FleeingMerchant","floor":6,"turns":4},{"damage":47,"enemies":"3 Sentries","floor":8,"turns":11},{"damage":9,"enemies":"Small Slimes","floor":9,"turns":2},{"damage":7,"enemies":"3 Louse","floor":14,"turns":2},{"damage":9,"enemies":"2 Fungi Beasts","floor":15,"turns":3},{"damage":77,"enemies":"downfall:Defect","floor":16,"turns":6}],"seed_played":"-3709962920380782823","potions_obtained":[{"floor":0,"key":"Block Potion"},{"floor":0,"key":"Ancient Potion"},{"floor":0,"key":"EssenceOfSteel"},{"floor":8,"key":"Fire Potion"}],"is_trial":false,"path_per_floor":["R","M","?","?","M","$","T","E","M","?","R","T","R","M","M","B"],"character_chosen":"SLIMEBOUND","items_purchased":["Slimebound:FinishingTackle"],"campfire_rested":1,"item_purchase_floors":[6],"current_hp_per_floor":[60,55,55,55,55,51,51,26,23,23,33,33,69,68,67,0,0,0],"gold":106,"neow_bonus":"THREE_SMALL_POTIONS","is_daily":false,"chose_seed":false,"campfire_upgraded":2,"win_rate":0.0,"timestamp":1609448564,"path_taken":["R","M","?","?","M","$","T","E","M","?","R","?","R","M","M","BOSS"],"items_purchased_type":["Card"],"build_version":"2020-12-22","purchased_purges":0,"victory":false,"max_hp_per_floor":[60,60,60,60,60,60,60,60,60,60,70,70,70,70,70,70,70,70],"card_choices":[{"not_picked":["Slimebound:SplitLeeching","Slimebound:SamplingLick","Slimebound:GoopTackle"],"picked":"SKIP","floor":2},{"not_picked":["Slimebound:FirmFortitude","Slimebound:ViciousTackle"],"picked":"Slimebound:RollThrough","floor":5},{"not_picked":["Slimebound:Schlurp","Slimebound:Recycling","Slimebound:SplitLeeching"],"picked":"SKIP","floor":6},{"not_picked":["Slimebound:RollThrough","Slimebound:SplitMire","Slimebound:SlimeTap"],"picked":"SKIP","floor":8},{"not_picked":["Slimebound:LeechEnergy","Slimebound:SplitMire"],"picked":"Slimebound:SlimeSpikes","floor":9},{"not_picked":["Slimebound:RollThrough","Slimebound:PressTheAttack"],"picked":"Slimebound:HungryTackle","floor":14},{"not_picked":["Slimebound:SamplingLick","Slimebound:RainOfGoop","Slimebound:TongueLash"],"picked":"SKIP","floor":15}],"player_experience":538116,"relics_obtained":[{"floor":8,"key":"Letter Opener"},{"floor":12,"key":"Regal Pillow"}],"event_choices":[{"damage_healed":0,"gold_gain":0,"player_choice":"Box","damage_taken":0,"relics_obtained":["Bag of Preparation"],"max_hp_gain":0,"max_hp_loss":0,"event_name":"Big Fish","floor":3,"gold_loss":0,"cards_obtained":["Regret"]}],"is_beta":false,"boss_relics":[],"items_purged_floors":[],"is_endless":false,"potions_floor_spawned":[8,9,15],"killed_by":"downfall:Defect","ascension_level":1}}