{"host":"sfkslwp4t49i7lrt","time":1609444570,"event":{"mods":["BaseMod","Bestiary","Block Reminder","Downfall","Highlight Path","Minty Spire (QoL Compilation)","Relic Stats","StSLib","everything is the same but u backflip on backflip","slay the spire mod where everything is the same but ironclad has a cowboy hat"],"gold_per_floor":[99,99,99,99,99,99,99,124,144,171,182,201,101,159,177,280,280,280,294,307,74,74,74,74,74,74,94,94,33,46,71,81,81,81,81],"floor_reached":33,"playtime":1529,"items_purged":["hexamod:Strike"],"score":392,"play_id":"3a67e7c6-8119-4182-8749-8f62f55c1084","local_time":"20210101025610","is_ascension_mode":true,"campfire_choices":[{"data":"hexamod:Float","floor":1,"key":"SMITH"},{"data":"hexamod:CatchUp","floor":6,"key":"SMITH"},{"data":"hexamod:RadiantFlame","floor":13,"key":"SMITH"},{"data":"hexamod:ThermalTransfer","floor":18,"key":"SMITH"},{"data":"hexamod:RetreatToShadows","floor":28,"key":"SMITH"}],"circlet_count":0,"master_deck":["hexamod:Strike","hexamod:Defend","hexamod:Defend","hexamod:Defend","hexamod:Defend","hexamod:Sear","hexamod:Float+1","hexamod:CatchUp+1","hexamod:GhostflameBarrier","hexamod:ThermalTransfer+1","hexamod:FirstSeal","hexamod:RadiantFlame+1","hexamod:Haunt","hexamod:StepThrough","hexamod:BurningTouch","hexamod:HauntingEcho","hexamod:ApocalypticArmor","hexamod:Firestarter+1","hexamod:FastForward","hexamod:SpectersWail","Pride","hexamod:DynamicBlow","hexamod:UnleashSpirits","hexamod:RetreatToShadows+1","hexamod:ShieldOfDarkness","hexamod:ShieldOfDarkness"],"relics":["hexamod:SpiritBrand","downfall:HeartsMalice","Potion Belt","Odd Mushroom","downfall:HeartBlessingBlue","Velvet Choker","hexamod:BolsterEngine","downfall:RedIOU","Dream Catcher","Matryoshka","Blue Candle"],"acts_visited":["Exordium","TheCity"],"potions_floor_usage":[16,16,31,33,33],"damage_taken":[{"damage":0,"enemies":"Small Slimes","floor":2,"turns":1},{"damage":0,"enemies":"Jaw Worm","floor":3,"turns":1},{"damage":0,"enemies":"2 Louse","floor":4,"turns":1},{"damage":12,"enemies":"The Mushroom Lair","floor":8,"turns":4},{"damage":0,"enemies":"Large Slime","floor":9,"turns":4},{"damage":9,"enemies":"3 Louse","floor":11,"turns":4},{"damage":0,"enemies":"2 Fungi Beasts","floor":12,"turns":4},{"damage":20,"enemies":"3 Sentries","floor":14,"turns":8},{"damage":24,"enemies":"Gremlin Gang","floor":15,"turns":7},{"damage":47,"enemies":"downfall:Watcher","floor":16,"turns":10},{"damage":8,"enemies":"Chosen","floor":19,"turns":6},{"damage":13,"enemies":"Shell Parasite","floor":20,"turns":6},{"damage":0,"enemies":"downfall:FleeingMerchant","floor":21,"turns":4},{"damage":19,"enemies":"Snake Plant","floor":27,"turns":3},{"damage":3,"enemies":"downfall:FleeingMerchant","floor":29,"turns":4},{"damage":25,"enemies":"Sentry and Sphere","floor":30,"turns":7},{"damage":28,"enemies":"Book of Stabbing","floor":31,"turns":7},{"damage":11,"enemies":"Centurion and Healer","floor":32,"turns":8},{"damage":16,"enemies":"downfall:Silent","floor":33,"turns":4}],"seed_played":"-7242478645487056900","potions_obtained":[{"floor":8,"key":"SteroidPotion"},{"floor":9,"key":"SkillPotion"},{"floor":14,"key":"ColorlessPotion"},{"floor":15,"key":"Strength Potion"},{"floor":16,"key":"Energy Potion"},{"floor":19,"key":"DistilledChaos"},{"floor":27,"key":"Guardian:BlockOnCardUsePotion"},{"floor":32,"key":"Dexterity Potion"}],"is_trial":false,"path_per_floor":["R","M","M","M","?","R","T","?","M","T","M","M","R","?","M","B",null,"R","M","M","$","?","?","T","?","?","M","R","$","M","E","M","B"],"character_chosen":"THE_SPIRIT","items_purchased":["hexamod:BolsterEngine","hexamod:ShieldOfDarkness"],"campfire_rested":0,"item_purchase_floors":[21,29],"current_hp_per_floor":[63,63,63,63,56,56,56,51,58,58,56,63,73,67,50,10,68,68,67,61,68,68,68,68,68,68,49,49,53,35,14,10,0,0,0],"gold":81,"neow_bonus":"THREE_ENEMY_KILL","is_daily":false,"chose_seed":false,"campfire_upgraded":5,"win_rate":0.0,"timestamp":1609444570,"path_taken":["R","M","M","M","?","R","T","?","M","?","M","?","R","?","M","BOSS","R","M","M","$","?","?","T","?","?","M","R","$","M","E","M","BOSS"],"items_purchased_type":["Relic","Card"],"build_version":"2020-12-22","purchased_purges":1,"victory":false,"max_hp_per_floor":[70,70,70,70,70,70,70,70,70,70,70,70,80,87,87,87,87,87,87,87,87,87,87,87,87,87,87,87,87,87,87,87,87,87,87],"relic_stats":{"Dream Catcher":0,"counters":[19,90],"Blue Candle":[2],"obtain_stats":[{"Potion Belt":7,"Dream Catcher":23,"Matryoshka":24,"downfall:HeartBlessingBlue":13,"Strawberry":14,"Blue Candle":31,"Velvet Choker":17,"downfall:HeartsMalice":0,"downfall:RedIOU":22,"Odd Mushroom":8,"hexamod:BolsterEngine":21,"hexamod:SpiritBrand":0},{"Potion Belt":3,"Dream Catcher":13,"Matryoshka":13,"downfall:HeartBlessingBlue":7,"Strawberry":8,"Blue Candle":17,"Velvet Choker":10,"downfall:HeartsMalice":0,"downfall:RedIOU":13,"Odd Mushroom":4,"hexamod:BolsterEngine":13,"hexamod:SpiritBrand":0},{"Potion Belt":0,"Dream Catcher":57,"Matryoshka":57,"downfall:HeartBlessingBlue":16,"Strawberry":24,"Blue Candle":78,"Velvet Choker":41,"downfall:HeartsMalice":0,"downfall:RedIOU":57,"Odd Mushroom":4,"hexamod:BolsterEngine":57,"hexamod:SpiritBrand":0}]},"card_choices":[{"not_picked":["hexamod:Firestarter","hexamod:HeatCrush"],"picked":"hexamod:CatchUp","floor":2},{"not_picked":["hexamod:HeatShield","hexamod:AdvancingGuard"],"picked":"hexamod:GhostflameBarrier","floor":3},{"not_picked":["hexamod:SpectralSpark","hexamod:NightmareGuise"],"picked":"hexamod:ThermalTransfer","floor":4},{"not_picked":["hexamod:FourthSeal","hexamod:AdvancingGuard"],"picked":"hexamod:RadiantFlame","floor":8},{"not_picked":["hexamod:InspiringFlames","hexamod:PhantomCloak"],"picked":"hexamod:Haunt","floor":9},{"not_picked":["hexamod:PhantomCloak","hexamod:GhostflameBarrier","hexamod:SpectralSpark"],"picked":"SKIP","floor":11},{"not_picked":["hexamod:GhostLash","hexamod:RecurringNightmare"],"picked":"hexamod:StepThrough","floor":12},{"not_picked":["hexamod:AdvancingGuard","hexamod:NightmareGuise"],"picked":"hexamod:BurningTouch","floor":14},{"not_picked":["hexamod:GhostflameBarrier","hexamod:CrushingStance"],"picked":"hexamod:HauntingEcho","floor":15},{"not_picked":["hexamod:FifthSeal","hexamod:CrushingStance"],"picked":"hexamod:ApocalypticArmor","floor":16},{"not_picked":["hexamod:CatchUp","hexamod:AdvancingGuard"],"picked":"hexamod:Firestarter+1","floor":19},{"not_picked":["hexamod:SwordOfDarkness","hexamod:PhantomCloak"],"picked":"hexamod:FastForward","floor":20},{"not_picked":["hexamod:TimeOfNeed","hexamod:SwordOfDarkness"],"picked":"hexamod:SpectersWail","floor":21},{"not_picked":["hexamod:Firestarter","hexamod:GhostflameBarrier"],"picked":"hexamod:RetreatToShadows","floor":27},{"not_picked":["hexamod:DynamicBlow+1","hexamod:RecurringNightmare","hexamod:ThermalTransfer"],"picked":"SKIP","floor":29},{"not_picked":["hexamod:HeatShield","hexamod:NecessarySacrifice"],"picked":"hexamod:ShieldOfDarkness","floor":30},{"not_picked":["hexamod:UnlimitedPower","hexamod:GhostLash+1","hexamod:EmpoweringStance"],"picked":"SKIP","floor":31},{"not_picked":["hexamod:AdvancingGuard+1","hexamod:InspiringFlames","hexamod:HeatMetal"],"picked":"SKIP","floor":32}],"player_experience":413568,"relics_obtained":[{"floor":7,"key":"Potion Belt"},{"floor":8,"key":"Odd Mushroom"},{"floor":14,"key":"Strawberry"},{"floor":24,"key":"Matryoshka"},{"floor":31,"key":"Blue Candle"}],"event_choices":[{"damage_healed":0,"gold_gain":0,"player_choice":"Fought Mushrooms","damage_taken":0,"max_hp_gain":0,"max_hp_loss":0,"event_name":"Mushrooms","floor":8,"gold_loss":0},{"damage_healed":0,"gold_gain":0,"player_choice":"Stole Relic","damage_taken":0,"relics_obtained":["Dream Catcher"],"max_hp_gain":0,"max_hp_loss":0,"event_name":"Addict","floor":23,"gold_loss":0,"cards_obtained":["Pride"]},{"damage_healed":0,"gold_gain":0,"cards_transformed":["hexamod:Strike","hexamod:Strike"],"player_choice":"Became Test Subject","damage_taken":0,"max_hp_gain":0,"max_hp_loss":0,"event_name":"Drug Dealer","floor":25,"gold_loss":0,"cards_obtained":["hexamod:DynamicBlow","hexamod:UnleashSpirits"]}],"is_beta":false,"boss_relics":[{"not_picked":["SlaversCollar","Runic Pyramid"],"picked":"Velvet Choker"}],"items_purged_floors":[21],"is_endless":false,"potions_floor_spawned":[8,9,14,15,16,19,27,32],"killed_by":"downfall:Silent","ascension_level":9}}