{"host":"g7trc0x2teqyd8ye","time":1609414881,"event":{"mods":["BaseMod","Key Reminder","Minty Spire (QoL Compilation)","Relic Stats"],"gold_per_floor":[119,131,149,168,188,213,213,213,213],"floor_reached":8,"playtime":435,"items_purged":[],"score":114,"play_id":"bcfe5ea3-c59b-4651-8dd3-aa965cabbb63","local_time":"20201231124121","is_ascension_mode":true,"campfire_choices":[{"data":"Fire Breathing","floor":7,"key":"SMITH"}],"circlet_count":0,"master_deck":["AscendersBane","Strike_R","Strike_R","Strike_R","Strike_R","Strike_R","Defend_R","Defend_R","Defend_R","Defend_R","Bash","Warcry","Iron Wave","Pommel Strike","Intimidate","Fire Breathing+1","Cleave","Demon Form"],"relics":["Burning Blood","Juzu Bracelet","keyreminder:keyreminder"],"acts_visited":["Exordium"],"potions_floor_usage":[6,8],"damage_taken":[{"damage":7,"enemies":"Cultist","floor":1,"turns":4},{"damage":1,"enemies":"2 Louse","floor":2,"turns":3},{"damage":4,"enemies":"Small Slimes","floor":3,"turns":4},{"damage":14,"enemies":"Looter","floor":4,"turns":3},{"damage":7,"enemies":"2 Fungi Beasts","floor":5,"turns":4},{"damage":32,"enemies":"Gremlin Nob","floor":6,"turns":4},{"damage":55,"enemies":"Lagavulin","floor":8,"turns":7}],"seed_played":"-7982661235913891807","potions_obtained":[{"floor":2,"key":"FearPotion"},{"floor":5,"key":"Dexterity Potion"}],"is_trial":false,"path_per_floor":["M","M","M","M","M","E","R","E"],"character_chosen":"IRONCLAD","items_purchased":[],"campfire_rested":0,"item_purchase_floors":[],"current_hp_per_floor":[67,72,74,66,65,39,39,0,0],"gold":213,"neow_bonus":"THREE_CARDS","is_daily":false,"chose_seed":false,"campfire_upgraded":1,"win_rate":0.0,"timestamp":1609414881,"path_taken":["M","M","M","M","M","E","R","E"],"items_purchased_type":[],"build_version":"2020-12-22","purchased_purges":0,"victory":false,"max_hp_per_floor":[75,75,75,75,75,75,75,75,75],"relic_stats":{"counters":[7,29],"Juzu Bracelet":0,"obtain_stats":[{"keyreminder:keyreminder":6,"Juzu Bracelet":6,"Burning Blood":0},{"keyreminder:keyreminder":6,"Juzu Bracelet":6,"Burning Blood":0},{"keyreminder:keyreminder":22,"Juzu Bracelet":22,"Burning Blood":0}],"Burning Blood":36},"card_choices":[{"not_picked":["Sword Boomerang","Body Slam"],"picked":"Warcry","floor":0},{"not_picked":["True Grit","Shrug It Off"],"picked":"Iron Wave","floor":1},{"not_picked":["Bloodletting","Seeing Red"],"picked":"Pommel Strike","floor":2},{"not_picked":["Hemokinesis","Wild Strike"],"picked":"Intimidate","floor":3},{"not_picked":["Dark Embrace","Cleave"],"picked":"Fire Breathing","floor":4},{"not_picked":["Reckless Charge","Entrench"],"picked":"Cleave","floor":5},{"not_picked":["Perfected Strike","Searing Blow"],"picked":"Demon Form","floor":6}],"player_experience":836890,"relics_obtained":[{"floor":6,"key":"Juzu Bracelet"}],"event_choices":[],"is_beta":false,"boss_relics":[],"items_purged_floors":[],"is_endless":false,"potions_floor_spawned":[2,5],"killed_by":"Lagavulin","ascension_level":18}}