{"host":"gsp4qlltb0c3ynci","time":1609390440,"event":{"mods":["2.2 Compatiblity","Abigail Mod","Ascension Reborn","BaseMod","Friendly Minions","Minty Spire (QoL Compilation)","Prisma Mod","Replay The Spire","Say the Spire","StSLib"],"gold_per_floor":[138,195,195,249,306,402,501,558,606,711,711,786,4,91,91,394,394,445,445,40,73,124,199,199,289,335,449,548,641,713,755,767,1070,1082,1154,561,0,0,93,93,144,228,276,301,426,487,512,512,512,534],"floor_reached":51,"playtime":1490,"items_purged":["Strike_G+1","Defend_G+1","Defend_G+1"],"score":1346,"play_id":"9dc6de46-cfd2-443d-be9c-19733d1b2dfa","local_time":"20201231135400","daily_mods":["Vintage","Heirloom","Time Dilation","Flight","DeadlyEvents","Elite Swarm","Midas"],"is_ascension_mode":true,"campfire_choices":[{"floor":32,"key":"DIG"},{"data":"1","floor":49,"key":"LIFT"}],"circlet_count":0,"master_deck":["Strike_G+1","Defend_G+1","Defend_G+1","Defend_G+1","Survivor+1","Neutralize+1","Envenom+1","A Thousand Cuts+1","Flying Knee+1","Panache+1","After Image+1","Night Terror+1","Adrenaline+1","Slice+1","Trip+1","ReplayTheSpireMod:Speed Training+1","Poison Darts","Venomology"],"relics":["Ring of the Snake","StoneCalendar","Replay:Rubber Ducky","Ninja Scroll","Replay:WaspNest","Tiny Chest","Iron Hammer","Snake Skull","Quantum Egg","ReplayTheSpireMod:TigerMarble","Pondfish Scales","ReplayFunnel","Letter Opener","TheAbacus","Chameleon Ring","Empty Cage","Gremlin Food","Tingsha","Darkstone Periapt","Replay:Bottled Snecko","Kunai","Question Card","War Paint","MawBank","Girya","Matryoshka","Pantograph","Ancient Tea Set","Divine Protection","SacredBark","Dream Catcher","Chemical X","Potion Belt","Red Mask","Replay:Wax Seal","ReplayTheSpireMod:Shallot","Replay:Arrowhead","Mark of the Bloom","CeramicFish","Calipers","Replay:Bandana","Art of War","Bag of Preparation","Smiling Mask","Onion Ring","Pet Ghost","The Courier"],"acts_visited":["Exordium","TheCity","TheBeyond"],"potions_floor_usage":[6,7,16,16,21,25,27,33,50,50,50,50],"damage_taken":[{"damage":0,"enemies":"Jaw Worm","floor":1,"turns":4},{"damage":0,"enemies":"Cultist","floor":2,"turns":2},{"damage":0,"enemies":"Small Slimes","floor":4,"turns":1},{"damage":0,"enemies":"Exordium Wildlife","floor":5,"turns":1},{"damage":2,"enemies":"3 Sentries","floor":6,"turns":7},{"damage":0,"enemies":"Replay:BlueRogue","floor":7,"turns":4},{"damage":0,"enemies":"Blue Slaver","floor":8,"turns":3},{"damage":0,"enemies":"3 Sentries","floor":10,"turns":6},{"damage":0,"enemies":"Gremlin Nob","floor":12,"turns":2},{"damage":0,"enemies":"Replay:BlueRogue","floor":14,"turns":4},{"damage":0,"enemies":"The Guardian","floor":16,"turns":10},{"damage":0,"enemies":"Spheric Guardian","floor":18,"turns":4},{"damage":0,"enemies":"3 Byrds","floor":21,"turns":2},{"damage":0,"enemies":"Snecko","floor":22,"turns":4},{"damage":0,"enemies":"Replay:Snechameleon","floor":23,"turns":4},{"damage":0,"enemies":"Book of Stabbing","floor":25,"turns":4},{"damage":1,"enemies":"Slavers","floor":27,"turns":2},{"damage":0,"enemies":"Book of Stabbing","floor":28,"turns":5},{"damage":0,"enemies":"Replay:Snechameleon","floor":29,"turns":5},{"damage":0,"enemies":"Centurion and Healer","floor":30,"turns":3},{"damage":0,"enemies":"Snake Plant","floor":31,"turns":3},{"damage":0,"enemies":"Champ","floor":33,"turns":9},{"damage":0,"enemies":"Orb Walker","floor":35,"turns":2},{"damage":0,"enemies":"Reptomancer","floor":39,"turns":5},{"damage":0,"enemies":"3 Shapes","floor":41,"turns":5},{"damage":0,"enemies":"R_Hoarder","floor":42,"turns":6},{"damage":0,"enemies":"Giant Head","floor":45,"turns":7},{"damage":0,"enemies":"Maw","floor":46,"turns":4},{"damage":0,"enemies":"Replay:Hell Engine","floor":50,"turns":2}],"seed_played":"-260909691074199506","potions_obtained":[{"floor":1,"key":"GamblersBrew"},{"floor":6,"key":"Strength Potion"},{"floor":10,"key":"Weak Potion"},{"floor":14,"key":"Elixir"},{"floor":16,"key":"Poison Potion"},{"floor":22,"key":"Dexterity Potion"},{"floor":27,"key":"Milkshake"},{"floor":33,"key":"Energy Potion"},{"floor":42,"key":"Poison Potion"},{"floor":45,"key":"Adrenaline Potion"}],"is_trial":true,"path_per_floor":["M","M","?","M","M","E","E","M","T","E","?","E","$","E","R","B",null,"M","?","$","M","M","E","T","E","T","E","E","E","M","M","R","B",null,"M","$","?","T","E","?","M","E","T","T","E","M","T","T","R","B",null],"character_chosen":"THE_SILENT","items_purchased":["Letter Opener","TheAbacus","Flying Knee","Panache","Languid Potion","Tingsha","Chemical X","Potion Belt","Slice","Trip","ReplayTheSpireMod:Speed Training"],"campfire_rested":0,"item_purchase_floors":[13,13,13,13,13,20,36,36,36,36,36],"current_hp_per_floor":[70,70,70,70,70,68,68,68,68,68,68,68,68,68,68,68,70,70,70,70,70,70,70,70,70,70,69,69,69,69,69,69,70,70,70,70,70,70,70,70,70,70,70,70,70,70,70,70,70,70],"gold":534,"neow_bonus":"","is_daily":false,"chose_seed":false,"campfire_upgraded":0,"win_rate":0.0,"timestamp":1609390440,"path_taken":["M","M","?","?","M","E","E","M","T","E","?","E","$","E","R","BOSS","M","?","$","M","?","E","?","E","T","E","?","E","?","M","R","BOSS","M","$","?","?","?","?","?","E","T","?","?","?","?","?","R","BOSS"],"items_purchased_type":["Relic","Relic","Card","Card","Potion","Relic","Relic","Relic","Card","Card","Card"],"build_version":"2020-12-22","purchased_purges":3,"victory":true,"max_hp_per_floor":[70,70,70,70,70,70,70,70,70,70,70,70,70,70,70,70,70,70,70,70,70,70,70,70,70,70,70,70,70,70,70,70,70,70,70,70,70,70,70,70,70,70,70,70,70,70,70,70,70,70],"card_choices":[{"not_picked":["Glass Knife","Atom Bomb"],"picked":"A Thousand Cuts","floor":6},{"not_picked":["Malaise","Corpse Explosion","Phantasmal Killer"],"picked":"SKIP","floor":7},{"not_picked":["Burst","Replay:Bag of Tricks","A Thousand Cuts"],"picked":"SKIP","floor":10},{"not_picked":["Poison Darts","Replay:Bag of Tricks","Envenom"],"picked":"SKIP","floor":12},{"not_picked":["Phantasmal Killer","A Thousand Cuts","ReplayTheSpireMod:Necrosis"],"picked":"SKIP","floor":14},{"not_picked":["Unload","Tools of the Trade","Atom Bomb"],"picked":"SKIP","floor":23},{"not_picked":["Malaise","ReplayTheSpireMod:From All Sides","Corpse Explosion","Replay:Bag of Tricks"],"picked":"SKIP","floor":25},{"not_picked":["Envenom","Atom Bomb","Doppelganger"],"picked":"After Image","floor":27},{"not_picked":["Unload","Bullet Time","Replay:Bag of Tricks","ReplayTheSpireMod:From All Sides"],"picked":"SKIP","floor":28},{"not_picked":["Malaise","Wraith Form v2","Doppelganger"],"picked":"Night Terror","floor":29},{"not_picked":["Poison Darts","Bullet Time","Malaise"],"picked":"Adrenaline","floor":33},{"not_picked":["Tools of the Trade","Burst","Envenom","ReplayTheSpireMod:Necrosis"],"picked":"SKIP","floor":39},{"not_picked":["Corpse Explosion","Replay:Bag of Tricks","Unload"],"picked":"Poison Darts","floor":42},{"not_picked":["Adrenaline","A Thousand Cuts","Wraith Form v2"],"picked":"Venomology","floor":45}],"player_experience":496038,"relics_obtained":[{"floor":1,"key":"Replay:Rubber Ducky"},{"floor":2,"key":"Ninja Scroll"},{"floor":4,"key":"Replay:WaspNest"},{"floor":5,"key":"Tiny Chest"},{"floor":6,"key":"Iron Hammer"},{"floor":7,"key":"Snake Skull"},{"floor":8,"key":"Quantum Egg"},{"floor":9,"key":"ReplayTheSpireMod:TigerMarble"},{"floor":10,"key":"Pondfish Scales"},{"floor":12,"key":"ReplayFunnel"},{"floor":14,"key":"Chameleon Ring"},{"floor":18,"key":"Gremlin Food"},{"floor":21,"key":"Darkstone Periapt"},{"floor":22,"key":"Replay:Bottled Snecko"},{"floor":23,"key":"Kunai"},{"floor":24,"key":"Question Card"},{"floor":25,"key":"War Paint"},{"floor":26,"key":"MawBank"},{"floor":27,"key":"Girya"},{"floor":29,"key":"Matryoshka"},{"floor":30,"key":"Pantograph"},{"floor":31,"key":"Ancient Tea Set"},{"floor":32,"key":"Divine Protection"},{"floor":35,"key":"Dream Catcher"},{"floor":38,"key":"Replay:Wax Seal"},{"floor":38,"key":"ReplayTheSpireMod:Shallot"},{"floor":39,"key":"Replay:Arrowhead"},{"floor":41,"key":"CeramicFish"},{"floor":42,"key":"Calipers"},{"floor":43,"key":"Replay:Bandana"},{"floor":43,"key":"Art of War"},{"floor":44,"key":"Bag of Preparation"},{"floor":45,"key":"Smiling Mask"},{"floor":46,"key":"Onion Ring"},{"floor":47,"key":"Pet Ghost"},{"floor":48,"key":"The Courier"}],"event_choices":[{"damage_healed":0,"gold_gain":0,"player_choice":"1 cards matched","damage_taken":0,"max_hp_gain":0,"max_hp_loss":0,"event_name":"Match and Keep!","floor":3,"gold_loss":0,"cards_obtained":["Envenom"]},{"damage_healed":0,"gold_gain":0,"player_choice":"Grow","damage_taken":0,"max_hp_gain":0,"max_hp_loss":0,"event_name":"Living Wall","floor":11,"gold_loss":0,"cards_upgraded":["Envenom"]},{"cards_removed":["Strike_G"],"damage_healed":0,"gold_gain":0,"player_choice":"Elegance","damage_taken":0,"max_hp_gain":0,"max_hp_loss":0,"event_name":"Back to Basics","floor":19,"gold_loss":0},{"damage_healed":0,"gold_gain":0,"player_choice":"Paid","damage_taken":0,"relics_obtained":["Red Mask"],"max_hp_gain":0,"max_hp_loss":0,"event_name":"Tomb of Lord Red Mask","floor":37,"gold_loss":561},{"damage_healed":0,"gold_gain":0,"player_choice":"Upgrade","damage_taken":0,"relics_obtained":["Mark of the Bloom"],"max_hp_gain":0,"max_hp_loss":0,"event_name":"MindBloom","floor":40,"gold_loss":0,"cards_upgraded":["A Thousand Cuts","Flying Knee","Panache","After Image","Night Terror","Adrenaline","Slice","Trip","ReplayTheSpireMod:Speed Training"]}],"is_beta":false,"boss_relics":[{"not_picked":["Runic Dome","Sozu"],"picked":"Empty Cage"},{"not_picked":["Philosopher\u0027s Stone","Ring of the Serpent"],"picked":"SacredBark"}],"items_purged_floors":[13,20,36],"is_endless":false,"potions_floor_spawned":[1,6,10,14,16,22,27,28,33,42,45],"ascension_level":0}}