{"host":"7qmclr78zvlntuh5","time":1609447892,"event":{"mods":["BaseMod","Downfall","Minty Spire (QoL Compilation)","StSLib"],"gold_per_floor":[99,112,112,125,138,169,169,183,83,68,68,68,79,96,106,206,206,206,220,220,130,141,154,177,277,295,311,326,357,157,157,171,267,267,267,278,278,201,220,220,220,55,55,55,74,74,94,128,147,147,147,182,58,58,58],"floor_reached":56,"playtime":6139,"items_purged":["bronze:Strike","bronze:Strike","bronze:Strike"],"score":1178,"play_id":"5c06d919-e577-438b-bb63-1a6b713613ee","local_time":"20201231155132","is_ascension_mode":false,"campfire_choices":[{"data":"expansioncontent:Chronoboost","floor":1.0,"key":"SMITH"},{"data":"bronze:Philosophize","floor":9.0,"key":"SMITH"},{"floor":18.0,"key":"RECALL"},{"data":"bronze:Return","floor":30.0,"key":"SMITH"},{"data":"bronze:SpaghettiCode","floor":35.0,"key":"SMITH"},{"data":"bronze:Invalidate","floor":40,"key":"SMITH"},{"data":"bronze:HardenedForm","floor":44,"key":"SMITH"},{"data":"bronze:Philosophize","floor":46,"key":"SMITH"},{"floor":54,"key":"REST"}],"circlet_count":0,"master_deck":["bronze:Defend","bronze:Defend","bronze:Defend","bronze:Defend","bronze:Replicate","bronze:Goto+1","expansioncontent:Chronoboost+1","bronze:FollowUp","bronze:Invalidate+1","bronze:Backtrace","bronze:Philosophize+1","bronze:BronzeArmor","Defend_G","bronze:Iterate","bronze:Iterate","bronze:Repair","bronze:Format","bronze:Boost+1","bronze:Return+1","bronze:SpaghettiCode+1","bronze:Philosophize+1","bronze:Iterate+1","bronze:HardenedForm+1","bronze:CutThrough+1","bronze:ClassDefault+1"],"relics":["bronze:BronzeCore","HornCleat","Toy Ornithopter","downfall:HeartBlessingGreen","Ornamental Fan","Busted Crown","CaptainsWheel","The Courier","Boot","downfall:HeartBlessingRed","downfall:HeartBlessingBlue","Cursed Key","Torii","Centennial Puzzle","Mercury Hourglass","HandDrill"],"acts_visited":["TheEnding"],"potions_floor_usage":[45,55,55],"damage_taken":[{"damage":4.0,"enemies":"Cultist","floor":2.0,"turns":4.0},{"damage":3.0,"enemies":"Jaw Worm","floor":4.0,"turns":4.0},{"damage":1.0,"enemies":"2 Louse","floor":5.0,"turns":3.0},{"damage":15.0,"enemies":"Lagavulin","floor":6.0,"turns":6.0},{"damage":8.0,"enemies":"Red Slaver","floor":8.0,"turns":3.0},{"damage":1.0,"enemies":"downfall:FleeingMerchant","floor":10.0,"turns":4.0},{"damage":0.0,"enemies":"Large Slime","floor":13.0,"turns":4.0},{"damage":12.0,"enemies":"Exordium Thugs","floor":14.0,"turns":4.0},{"damage":1.0,"enemies":"Red Slaver","floor":15.0,"turns":2.0},{"damage":17.0,"enemies":"downfall:Watcher","floor":16.0,"turns":7.0},{"damage":0.0,"enemies":"Chosen","floor":19.0,"turns":3.0},{"damage":0.0,"enemies":"downfall:FleeingMerchant","floor":21.0,"turns":4.0},{"damage":0.0,"enemies":"Centurion and Healer","floor":22.0,"turns":6.0},{"damage":3.0,"enemies":"Cultist and Chosen","floor":23.0,"turns":5.0},{"damage":8.0,"enemies":"Colosseum Nobs","floor":25.0,"turns":4.0},{"damage":15.0,"enemies":"Snake Plant","floor":26.0,"turns":4.0},{"damage":0.0,"enemies":"Shelled Parasite and Fungi","floor":27.0,"turns":5.0},{"damage":0.0,"enemies":"Sentry and Sphere","floor":28.0,"turns":4.0},{"damage":28.0,"enemies":"Slavers","floor":29.0,"turns":6.0},{"damage":8.0,"enemies":"Centurion and Healer","floor":32.0,"turns":4.0},{"damage":13.0,"enemies":"downfall:Defect","floor":33.0,"turns":7.0},{"damage":0.0,"enemies":"Orb Walker","floor":36.0,"turns":3.0},{"damage":0,"enemies":"downfall:FleeingMerchant","floor":38,"turns":4},{"damage":1,"enemies":"3 Shapes","floor":39,"turns":2},{"damage":14,"enemies":"Writhing Mass","floor":45,"turns":4},{"damage":16,"enemies":"Maw","floor":47,"turns":6},{"damage":14,"enemies":"Reptomancer","floor":48,"turns":4},{"damage":0,"enemies":"Sphere and 2 Shapes","floor":49,"turns":4},{"damage":16,"enemies":"downfall:Silent","floor":50,"turns":7},{"damage":28,"enemies":"downfall:CharBossMerchant","floor":52,"turns":6},{"damage":42,"enemies":"downfall:NeowBoss","floor":55,"turns":19}],"seed_played":"8237125596935644655","potions_obtained":[{"floor":6.0,"key":"SkillPotion"},{"floor":8.0,"key":"FearPotion"},{"floor":13.0,"key":"Fruit Juice"},{"floor":15.0,"key":"AttackPotion"},{"floor":16.0,"key":"SkillPotion"},{"floor":19.0,"key":"PowerPotion"},{"floor":23.0,"key":"CultistPotion"},{"floor":28.0,"key":"BlessingOfTheForge"},{"floor":32.0,"key":"LiquidMemories"},{"floor":39,"key":"ColorlessPotion"},{"floor":47,"key":"champ:CounterPotion"}],"is_trial":false,"path_per_floor":["R","M","?","M","M","E","T","M","R","$","?","?","M","M","M","B",null,"R","M","?","$","M","M","T","?","M","M","M","E","R","?","M","B",null,"R","M","?","$","M","R","T","$","?","R","M","R","M","E","M","B",null,"E","$","R","B",null],"character_chosen":"THE_AUTOMATON","items_purchased":["bronze:Philosophize","bronze:ForceShield","Torii","bronze:HardenedForm","HandDrill"],"campfire_rested":1,"item_purchase_floors":[38,38,38,42,53],"current_hp_per_floor":[70,66,66,63,62,47,47,39,39,38,35,35,35,28,27,37,75,75,75,75,75,75,74,74,66,63,70,75,54,64,64,63,57,85,85,85,85,85,84,84,84,84,84,84,79,79,69,55,76,67,85,57,57,82,53],"gold":58,"neow_bonus":"RANDOM_COLORLESS","is_daily":false,"chose_seed":false,"campfire_upgraded":7,"win_rate":0.0,"timestamp":1609447892,"path_taken":["R","M","?","M","M","E","T","?","R","$","?","?","?","M","M","BOSS","R","M","?","?","?","M","T","?","M","M","M","E","R","?","M","BOSS","R","M","?","$","M","R","T","$","?","R","M","R","M","E","M","BOSS","E","$","R","BOSS"],"items_purchased_type":["Card","Card","Relic","Card","Relic"],"build_version":"2020-12-22","purchased_purges":3,"victory":true,"max_hp_per_floor":[70,70,70,70,70,70,70,70,70,70,70,70,70,70,70,75,75,75,75,75,75,75,75,75,75,75,75,75,75,85,85,85,85,85,85,85,85,85,85,85,85,85,85,85,85,85,85,85,85,85,85,85,85,85,85],"card_choices":[{"not_picked":["Impatience","Blind"],"picked":"expansioncontent:Chronoboost","floor":0.0},{"not_picked":["bronze:CutThrough","bronze:Branch"],"picked":"bronze:FollowUp","floor":2.0},{"not_picked":["bronze:ForceShield","bronze:CleanCode"],"picked":"bronze:Invalidate","floor":4.0},{"not_picked":["bronze:OilSpill","bronze:WhirlingStrike"],"picked":"bronze:Backtrace","floor":5.0},{"not_picked":["bronze:FineTuning","bronze:CleanCode","bronze:Boost"],"picked":"SKIP","floor":6.0},{"not_picked":["bronze:Overheat","bronze:BugBarrage","bronze:Philosophize"],"picked":"SKIP","floor":8.0},{"not_picked":["bronze:Overheat","bronze:BugBarrage"],"picked":"bronze:Philosophize","floor":8.0},{"not_picked":["bronze:CloningBeam","bronze:Shield"],"picked":"bronze:BronzeArmor","floor":10.0},{"not_picked":["bronze:FineTuning","bronze:Deprecate"],"picked":"bronze:Iterate","floor":13.0},{"not_picked":["bronze:DelayedSlice","bronze:ChildClass"],"picked":"bronze:Iterate","floor":14.0},{"not_picked":["bronze:BuggyMess","bronze:Allocate"],"picked":"bronze:Repair","floor":15.0},{"not_picked":["bronze:CopyPaste","bronze:Mutator"],"picked":"bronze:Format","floor":16.0},{"not_picked":["bronze:Frontload"],"picked":"SKIP","floor":19.0},{"not_picked":["bronze:ChildClass"],"picked":"SKIP","floor":21.0},{"not_picked":[],"picked":"bronze:Boost+1","floor":22.0},{"not_picked":["bronze:DelayedGuard"],"picked":"SKIP","floor":23.0},{"not_picked":["bronze:Overheat"],"picked":"SKIP","floor":26.0},{"not_picked":[],"picked":"bronze:Return","floor":27.0},{"not_picked":["bronze:NullPointer+1"],"picked":"SKIP","floor":28.0},{"not_picked":["bronze:Turbo"],"picked":"SKIP","floor":29.0},{"not_picked":[],"picked":"bronze:SpaghettiCode","floor":32.0},{"not_picked":["bronze:Turbo"],"picked":"SKIP","floor":36.0},{"not_picked":["bronze:OilSpill"],"picked":"SKIP","floor":38},{"not_picked":[],"picked":"bronze:Iterate+1","floor":39},{"not_picked":[],"picked":"bronze:CutThrough+1","floor":45},{"not_picked":["bronze:Turbo"],"picked":"SKIP","floor":47},{"not_picked":[],"picked":"bronze:ClassDefault+1","floor":48},{"not_picked":["bronze:Iterate"],"picked":"SKIP","floor":49},{"not_picked":["bronze:ChildClass"],"picked":"SKIP","floor":52}],"player_experience":195624,"relics_obtained":[{"floor":6.0,"key":"HornCleat"},{"floor":7.0,"key":"Toy Ornithopter"},{"floor":25.0,"key":"CaptainsWheel"},{"floor":25.0,"key":"The Courier"},{"floor":29.0,"key":"Boot"},{"floor":48,"key":"Centennial Puzzle"},{"floor":52,"key":"Mercury Hourglass"}],"event_choices":[{"damage_healed":0.0,"max_hp_gain":0.0,"max_hp_loss":0.0,"gold_gain":0.0,"event_name":"Scrap Ooze","player_choice":"Success","floor":11.0,"gold_loss":0.0,"damage_taken":3.0,"relics_obtained":["Ornamental Fan"]},{"cards_removed":["bronze:Boost"],"damage_healed":0.0,"max_hp_gain":0.0,"max_hp_loss":0.0,"gold_gain":0.0,"event_name":"NoteForYourself","player_choice":"Took Card","floor":12.0,"gold_loss":0.0,"damage_taken":0.0,"cards_obtained":["Defend_G"]},{"damage_healed":0.0,"max_hp_gain":0.0,"max_hp_loss":0.0,"gold_gain":0.0,"event_name":"Ghosts","player_choice":"Ignored","floor":20.0,"gold_loss":0.0,"damage_taken":0.0},{"cards_removed":["bronze:ForceShield"],"damage_healed":0,"gold_gain":0,"player_choice":"Removed Skill","damage_taken":0,"max_hp_gain":0,"max_hp_loss":0,"event_name":"Falling","floor":43,"gold_loss":0}],"is_beta":false,"boss_relics":[{"not_picked":["Astrolabe","bronze:PlatinumCore"],"picked":"Busted Crown"},{"not_picked":["Black Star","Philosopher\u0027s Stone"],"picked":"Cursed Key"}],"items_purged_floors":[21,38,42],"is_endless":false,"potions_floor_spawned":[6,8,13,15,16,19,23,28,32,36,39,47,52],"ascension_level":0}}