{"host":"6p0attdrtjqaih7v","time":1609438883,"event":{"mods":["2.2 Compatiblity","AchievementEnabler","Bard","BaseMod","Better Skull","Better Third Choice","Colored Powertips","Hermit","Highlight Path","Jorbs\u0027s Wanderer Trilogy","Key Reminder","Minty Spire (QoL Compilation)","Permanent Neow","Quick Restart","Random Character Button","Relic Stats","Replay The Spire","StSLib","The Construct"],"gold_per_floor":[111,121,121,41,61,95,95,118,144,156,171,204,204,252,252,339,339,366,366,396,432,432,481,481,518,544,205,341,59,94,132,132,231,231,274,364,61,107,138,138,159,159],"floor_reached":41,"playtime":1976,"items_purged":["Strike_R","Strike_R","Strike_R"],"score":848,"play_id":"65834bf4-0249-4f7d-b3d8-8e9afb434e3c","local_time":"20201231132123","is_ascension_mode":true,"campfire_choices":[{"data":"Blood for Blood","floor":7,"key":"SMITH"},{"data":"Shockwave","floor":15,"key":"SMITH"},{"data":"Limit Break","floor":24,"key":"SMITH"},{"data":"Spot Weakness","floor":32,"key":"SMITH"},{"data":"Berserk","floor":40,"key":"SMITH"}],"circlet_count":0,"master_deck":["AscendersBane","Strike_R+1","Defend_R+1","Defend_R","Defend_R","Defend_R","Bash","Impatience","Anger","Shockwave+1","Blood for Blood+1","Reaper","Thunderclap","Spot Weakness+1","Shrug It Off","Dropkick","Limit Break+1","Disarm","Hemogenesis+1","Battle Trance","Impervious","ReplayTheSpireMod:Limb From Limb","Master of Strategy+1","Anger","Berserk+1","Sword Boomerang","Shrug It Off"],"relics":["Burning Blood","Red Skull","Odd Mushroom","Replay:Baseball","Replay:Bandana","Replay:WaspNest","ReplayTheSpireMod:DimensionalGlitch","ReplayTheSpireMod:Lightbulb","CeramicFish","construct:FoamFinger","Counterbalance","Mummified Hand","ChewingGum","Guide Book"],"acts_visited":["Exordium","TheCity","TheBeyond"],"potions_floor_usage":[6,12,14,21,23,28,31,33],"damage_taken":[{"damage":8,"enemies":"Small Slimes","floor":1,"turns":6},{"damage":0,"enemies":"2 Louse","floor":2,"turns":4},{"damage":1,"enemies":"Jaw Worm","floor":5,"turns":3},{"damage":27,"enemies":"Lagavulin","floor":6,"turns":5},{"damage":24,"enemies":"The Mushroom Lair","floor":8,"turns":5},{"damage":0,"enemies":"Gremlin Gang","floor":10,"turns":2},{"damage":0,"enemies":"2 Fungi Beasts","floor":11,"turns":2},{"damage":2,"enemies":"Gremlin Nob","floor":12,"turns":3},{"damage":25,"enemies":"Lagavulin","floor":14,"turns":5},{"damage":20,"enemies":"Slime Boss","floor":16,"turns":5},{"damage":6,"enemies":"3 Byrds","floor":18,"turns":4},{"damage":34,"enemies":"Shell Parasite","floor":20,"turns":5},{"damage":34,"enemies":"Shelled Parasite and Fungi","floor":21,"turns":4},{"damage":19,"enemies":"Gremlin Leader","floor":23,"turns":4},{"damage":10,"enemies":"Cultist and Chosen","floor":25,"turns":6},{"damage":0,"enemies":"Colosseum Slavers","floor":28,"turns":2},{"damage":7,"enemies":"Colosseum Nobs","floor":28,"turns":3},{"damage":11,"enemies":"Centurion and Healer","floor":30,"turns":4},{"damage":21,"enemies":"Sentry and Sphere","floor":31,"turns":6},{"damage":26,"enemies":"Automaton","floor":33,"turns":6},{"damage":32,"enemies":"3 Darklings","floor":35,"turns":4},{"damage":1,"enemies":"Orb Walker","floor":38,"turns":2},{"damage":0,"enemies":"Maw","floor":39,"turns":5},{"damage":43,"enemies":"Nemesis","floor":41,"turns":2}],"seed_played":"8182584003740276302","potions_obtained":[{"floor":8,"key":"Languid Potion"},{"floor":10,"key":"DuplicationPotion"},{"floor":11,"key":"DuplicationPotion"},{"floor":12,"key":"BloodPotion"},{"floor":14,"key":"Fire Potion"},{"floor":25,"key":"SkillPotion"},{"floor":28,"key":"BlessingOfTheForge"},{"floor":30,"key":"AttackPotion"},{"floor":31,"key":"BlessingOfTheForge"},{"floor":35,"key":"Doom Potion"}],"is_trial":false,"path_per_floor":["M","M","?","$","M","E","R","?","T","M","M","E","?","E","R","B",null,"M","?","M","M","?","E","R","M","T","$","?","$","M","M","R","B",null,"M","?","$","M","M","R","E"],"character_chosen":"IRONCLAD","items_purchased":["DuplicationPotion","construct:FoamFinger","Master of Strategy","Sword Boomerang","Guide Book"],"campfire_rested":0,"item_purchase_floors":[4,27,29,37,37],"current_hp_per_floor":[66,72,49,49,54,33,33,29,29,35,41,45,50,57,57,43,71,71,71,42,14,30,32,32,35,35,35,47,47,54,36,36,33,68,48,28,28,30,43,43,0,0],"gold":159,"neow_bonus":"RANDOM_COLORLESS","is_daily":false,"chose_seed":false,"campfire_upgraded":5,"win_rate":0.0,"timestamp":1609438883,"path_taken":["M","M","?","$","M","E","R","?","T","M","M","E","?","E","R","BOSS","M","?","M","?","?","E","R","M","T","$","?","$","M","M","R","BOSS","M","?","$","M","M","R","E"],"items_purchased_type":["Potion","Relic","Card","Card","Relic"],"build_version":"2020-12-22","purchased_purges":3,"victory":false,"max_hp_per_floor":[75,75,75,75,75,75,75,75,75,75,75,75,80,80,80,80,80,80,80,80,80,80,80,80,80,80,80,80,80,80,80,80,80,80,80,80,80,80,80,80,80,80],"relic_stats":{"counters":[24,97],"Mummified Hand":[1],"CeramicFish":45,"obtain_stats":[{"construct:FoamFinger":27,"CeramicFish":26,"Counterbalance":28,"Guide Book":37,"Replay:WaspNest":14,"Odd Mushroom":8,"Burning Blood":0,"Replay:Baseball":9,"Replay:Bandana":12,"Mummified Hand":28,"ChewingGum":34,"ReplayTheSpireMod:DimensionalGlitch":17,"ReplayTheSpireMod:Lightbulb":23,"Red Skull":6},{"construct:FoamFinger":15,"CeramicFish":15,"Counterbalance":17,"Guide Book":21,"Replay:WaspNest":9,"Odd Mushroom":5,"Burning Blood":0,"Replay:Baseball":5,"Replay:Bandana":8,"Mummified Hand":17,"ChewingGum":20,"ReplayTheSpireMod:DimensionalGlitch":10,"ReplayTheSpireMod:Lightbulb":14,"Red Skull":4},{"construct:FoamFinger":63,"CeramicFish":63,"Counterbalance":68,"Guide Book":88,"Replay:WaspNest":35,"Odd Mushroom":23,"Burning Blood":0,"Replay:Baseball":23,"Replay:Bandana":30,"Mummified Hand":68,"ChewingGum":84,"ReplayTheSpireMod:DimensionalGlitch":40,"ReplayTheSpireMod:Lightbulb":57,"Red Skull":18}],"Burning Blood":99},"card_choices":[{"not_picked":["Mind Blast","Discovery"],"picked":"Impatience","floor":0},{"not_picked":["Dual Wield","Iron Wave"],"picked":"Anger","floor":1},{"not_picked":["Shrug It Off","Warcry"],"picked":"Shockwave","floor":2},{"not_picked":["Cleave","Clothesline"],"picked":"Blood for Blood","floor":5},{"not_picked":["Clash","Warcry"],"picked":"Reaper","floor":6},{"not_picked":["Uppercut","Twin Strike"],"picked":"Thunderclap","floor":8},{"not_picked":["Flex","Sword Boomerang"],"picked":"Spot Weakness","floor":10},{"not_picked":["Heavy Blade","Disarm"],"picked":"Shrug It Off","floor":11},{"not_picked":["Wild Strike","Searing Blow","Anger"],"picked":"SKIP","floor":12},{"not_picked":["Impervious","Sword Boomerang"],"picked":"Dropkick","floor":14},{"not_picked":["Berserk","Bludgeon"],"picked":"Limit Break","floor":16},{"not_picked":["Heavy Blade","Feel No Pain"],"picked":"Disarm","floor":18},{"not_picked":["Twin Strike","Cleave"],"picked":"Battle Trance","floor":20},{"not_picked":["Blood for Blood","Armaments","Thunderclap"],"picked":"SKIP","floor":21},{"not_picked":["Entrench+1","Anger"],"picked":"Impervious","floor":23},{"not_picked":["Anger","True Grit"],"picked":"ReplayTheSpireMod:Limb From Limb","floor":25},{"not_picked":["Clash","Dark Embrace","Iron Wave"],"picked":"SKIP","floor":30},{"not_picked":["Clash","Dark Embrace","Iron Wave"],"picked":"SKIP","floor":30},{"not_picked":["Bloodletting","Havoc"],"picked":"Anger","floor":31},{"not_picked":["Reaper","Offering"],"picked":"Berserk","floor":33},{"not_picked":["Flex+1","Cleave+1","Reckless Charge"],"picked":"SKIP","floor":35},{"not_picked":["Thunderclap","Sword Boomerang"],"picked":"Shrug It Off","floor":38},{"not_picked":["Twin Strike","Clothesline","Warcry"],"picked":"SKIP","floor":39}],"player_experience":932227,"relics_obtained":[{"floor":6,"key":"Red Skull"},{"floor":8,"key":"Odd Mushroom"},{"floor":9,"key":"Replay:Baseball"},{"floor":12,"key":"Replay:Bandana"},{"floor":14,"key":"Replay:WaspNest"},{"floor":23,"key":"ReplayTheSpireMod:Lightbulb"},{"floor":26,"key":"CeramicFish"},{"floor":28,"key":"Counterbalance"},{"floor":28,"key":"Mummified Hand"}],"event_choices":[{"damage_healed":0,"gold_gain":0,"player_choice":"Entered Light","damage_taken":23,"max_hp_gain":0,"max_hp_loss":0,"event_name":"Shining Light","floor":3,"gold_loss":0,"cards_upgraded":["Strike_R","Defend_R"]},{"damage_healed":0,"gold_gain":0,"player_choice":"Fought Mushrooms","damage_taken":0,"max_hp_gain":0,"max_hp_loss":0,"event_name":"Mushrooms","floor":8,"gold_loss":0},{"damage_healed":0,"gold_gain":0,"player_choice":"Donut","damage_taken":0,"max_hp_gain":5,"max_hp_loss":0,"event_name":"Big Fish","floor":13,"gold_loss":0},{"damage_healed":0,"gold_gain":0,"cards_transformed":["Strike_R"],"player_choice":"Transformed","damage_taken":0,"max_hp_gain":0,"max_hp_loss":0,"event_name":"Transmorgrifier","floor":19,"gold_loss":0,"cards_obtained":["Hemogenesis"]},{"damage_healed":16,"gold_gain":0,"player_choice":"Heal","damage_taken":0,"max_hp_gain":0,"max_hp_loss":0,"event_name":"The Library","floor":22,"gold_loss":0},{"damage_healed":0,"gold_gain":0,"player_choice":"Fight","damage_taken":0,"max_hp_gain":0,"max_hp_loss":0,"event_name":"Colosseum","floor":28,"gold_loss":0},{"damage_healed":0,"gold_gain":0,"player_choice":"Fought Nobs","damage_taken":0,"max_hp_gain":0,"max_hp_loss":0,"event_name":"Colosseum","floor":28,"gold_loss":0},{"damage_healed":0,"gold_gain":0,"player_choice":"Random: Green","damage_taken":0,"max_hp_gain":0,"max_hp_loss":0,"event_name":"betterThird:BetterPortal","floor":36,"gold_loss":0},{"damage_healed":0,"gold_gain":90,"player_choice":"GO ","damage_taken":14,"relics_obtained":[],"max_hp_gain":0,"max_hp_loss":0,"event_name":"betterSkull:BetterSkull","floor":36,"gold_loss":0,"cards_upgraded":[]}],"is_beta":false,"boss_relics":[{"not_picked":["Replay:Bronze Core","Tiny House"],"picked":"ReplayTheSpireMod:DimensionalGlitch"},{"not_picked":["Snecko Heart","Ooze Armor"],"picked":"ChewingGum"}],"items_purged_floors":[27,29,37],"is_endless":false,"potions_floor_spawned":[8,10,11,12,14,16,25,28,30,31,35],"killed_by":"Nemesis","ascension_level":18}}