{"host":"yiit85oc4oi3nqs8","time":1609399158,"event":{"mods":["AchievementEnabler","BaseMod","Better Third Choice","Block Reminder","DeckTracker","Highlight Path","Keyboard Shortcuts","Minty Spire (QoL Compilation)","MonsterHotkey","Quick Restart","Random Character Button","Relic Stats","StSLib"],"gold_per_floor":[112,162,175,95,20,44,69,69,69,102,102,102,125,125,125,141,141,141,141,141,61,74,74,74,74,74,74],"floor_reached":26,"playtime":432,"items_purged":["Strike_G","Strike_G"],"score":339,"play_id":"158d53d0-2d21-46e9-912e-598eb88d9246","local_time":"20201231161918","is_ascension_mode":true,"campfire_choices":[{"data":"Footwork","floor":8.0,"key":"SMITH"},{"data":"Neutralize","floor":9.0,"key":"SMITH"},{"data":"Accuracy","floor":14.0,"key":"SMITH"},{"floor":15.0,"key":"DIG"},{"data":"Deadly Poison","floor":17.0,"key":"SMITH"},{"floor":19.0,"key":"DIG"},{"floor":23.0,"key":"REST"},{"data":"Survivor","floor":24.0,"key":"SMITH"},{"data":"Tactician","floor":25.0,"key":"SMITH"}],"circlet_count":0,"master_deck":["AscendersBane","Strike_G","Strike_G+1","Strike_G","Defend_G","Defend_G","Defend_G","Defend_G","Defend_G","Survivor+1","Neutralize+1","Tactician+1","Footwork+1","Poisoned Stab+1","Accuracy+1","Deadly Poison+1"],"relics":["Ring of the Snake","NeowsBlessing","Bronze Scales","Blue Candle","Vajra","The Courier","Shovel","Anchor","Whetstone","Ginger"],"acts_visited":["Exordium"],"potions_floor_usage":[26,26],"damage_taken":[{"damage":0.0,"enemies":"2 Louse","floor":1.0,"turns":1.0},{"damage":0.0,"enemies":"Cultist","floor":3.0,"turns":1.0},{"damage":0.0,"enemies":"3 Sentries","floor":7.0,"turns":2.0},{"damage":38.0,"enemies":"Gremlin Nob","floor":10.0,"turns":5.0},{"damage":4.0,"enemies":"Jaw Worm","floor":16.0,"turns":4.0},{"damage":0.0,"enemies":"Blue Slaver","floor":22.0,"turns":2.0},{"damage":66,"enemies":"Slime Boss","floor":26,"turns":10}],"seed_played":"7767661653352992552","potions_obtained":[{"floor":1.0,"key":"Fruit Juice"},{"floor":7.0,"key":"PowerPotion"}],"is_trial":false,"path_per_floor":["M","?","M","$","$","T","E","R","R","E","T","T","T","R","R","M","R","?","R","$","?","M","R","R","R","B"],"character_chosen":"THE_SILENT","items_purchased":["Footwork"],"campfire_rested":1,"item_purchase_floors":[4],"current_hp_per_floor":[59,59,59,59,59,59,59,59,59,21,21,21,21,21,21,17,17,39,39,39,39,39,58,58,58,0,0],"gold":74,"neow_bonus":"THREE_ENEMY_KILL","is_daily":false,"chose_seed":false,"campfire_upgraded":6,"win_rate":0.0,"timestamp":1609399158,"path_taken":["M","?","?","$","$","?","E","R","R","E","T","T","T","R","R","M","R","?","R","?","?","M","R","R","R","BOSS"],"items_purchased_type":["Card"],"build_version":"2020-12-22","purchased_purges":2,"victory":false,"max_hp_per_floor":[66,66,66,66,66,66,66,66,66,66,66,66,66,66,66,66,66,66,66,66,66,66,66,66,66,71,71],"relic_stats":{"Shovel":2,"counters":[7,25],"Bronze Scales":[46],"Blue Candle":[2],"Whetstone":["Strike_G","Poisoned Stab"],"Ginger":[2],"obtain_stats":[{"Anchor":13,"Shovel":12,"NeowsBlessing":0,"Bronze Scales":6,"Blue Candle":7,"Vajra":10,"The Courier":11,"Whetstone":15,"Ginger":19,"Ring of the Snake":0},{"Anchor":4,"Shovel":4,"NeowsBlessing":0,"Bronze Scales":2,"Blue Candle":3,"Vajra":4,"The Courier":4,"Whetstone":4,"Ginger":5,"Ring of the Snake":0},{"Anchor":9,"Shovel":9,"NeowsBlessing":0,"Bronze Scales":2,"Blue Candle":4,"Vajra":9,"The Courier":9,"Whetstone":9,"Ginger":13,"Ring of the Snake":0}],"Ring of the Snake":[14]},"card_choices":[{"not_picked":["Blur","Skewer"],"picked":"Tactician","floor":1.0},{"not_picked":["Outmaneuver","Tactician","Heel Hook"],"picked":"SKIP","floor":3.0},{"not_picked":["Dagger Spray","Deflect"],"picked":"Poisoned Stab","floor":7.0},{"not_picked":["Backstab","Bane"],"picked":"Accuracy","floor":10.0},{"not_picked":["Quick Slash","Tactician"],"picked":"Deadly Poison","floor":16.0},{"not_picked":["Sucker Punch","Quick Slash","PiercingWail"],"picked":"SKIP","floor":22.0}],"player_experience":405201,"relics_obtained":[{"floor":6.0,"key":"Bronze Scales"},{"floor":7.0,"key":"Blue Candle"},{"floor":10.0,"key":"Vajra"},{"floor":11.0,"key":"The Courier"},{"floor":12.0,"key":"Shovel"},{"floor":13.0,"key":"Anchor"},{"floor":15.0,"key":"Whetstone"},{"floor":19.0,"key":"Ginger"}],"event_choices":[{"damage_healed":0.0,"max_hp_gain":0.0,"max_hp_loss":0.0,"gold_gain":50.0,"event_name":"Golden Shrine","player_choice":"Pray","floor":2.0,"gold_loss":0.0,"damage_taken":0.0},{"damage_healed":22.0,"max_hp_gain":0.0,"max_hp_loss":0.0,"gold_gain":0.0,"event_name":"Big Fish","player_choice":"Banana","floor":18.0,"gold_loss":0.0,"damage_taken":0.0}],"is_beta":false,"boss_relics":[],"items_purged_floors":[5,21],"is_endless":false,"potions_floor_spawned":[1,7],"killed_by":"Slime Boss","ascension_level":17}}