{"host":"m77rrhbqzv44va4v","time":1609393618,"event":{"mods":["AchievementEnabler","BaseMod","Colored Map","DeckTracker","Keyboard Shortcuts","Minty Spire (QoL Compilation)","StSLib","SuperFastMode","everything is the same but u backflip on backflip"],"gold_per_floor":[117,131,148,73,73,103,103,116,116,132,132,167,167,185,185,264,264,278,193,205,95,105,105,118,137,137,150,150,200,235,68,68,68,68],"floor_reached":33,"playtime":856,"items_purged":["Strike_R"],"score":578,"play_id":"028fbbf9-f2d7-441f-bfd1-264198c90278","local_time":"20201231144658","is_ascension_mode":true,"campfire_choices":[{"data":"Feed","floor":7.0,"key":"SMITH"},{"floor":11.0,"key":"REST"},{"data":"Blood for Blood","floor":13.0,"key":"SMITH"},{"data":"Disarm","floor":15.0,"key":"SMITH"},{"data":"Feel No Pain","floor":28,"key":"SMITH"},{"data":"Second Wind","floor":32,"key":"SMITH"}],"circlet_count":0,"master_deck":["AscendersBane","Strike_R+1","Strike_R","Strike_R","Defend_R","Defend_R+1","Defend_R","Defend_R","Bash","Trip","Pummel","Blood for Blood+1","Pommel Strike+1","Feed+1","Second Wind+1","Disarm+1","Wild Strike","Fiend Fire","Immolate","Seeing Red","Battle Trance","Power Through","Feel No Pain+1"],"relics":["Burning Blood","Regal Pillow","Blood Vial","Ornamental Fan","Snecko Eye","Red Skull","Whetstone","Gremlin Horn","TheAbacus"],"acts_visited":["Exordium","TheCity"],"potions_floor_usage":[16,23,25,33],"damage_taken":[{"damage":1.0,"enemies":"Cultist","floor":1.0,"turns":3.0},{"damage":2.0,"enemies":"2 Louse","floor":2.0,"turns":2.0},{"damage":2.0,"enemies":"Jaw Worm","floor":3.0,"turns":3.0},{"damage":25.0,"enemies":"Lagavulin","floor":6.0,"turns":5.0},{"damage":35.0,"enemies":"Exordium Wildlife","floor":8.0,"turns":5.0},{"damage":17.0,"enemies":"Gremlin Gang","floor":10.0,"turns":4.0},{"damage":30.0,"enemies":"3 Sentries","floor":12.0,"turns":10.0},{"damage":17.0,"enemies":"Large Slime","floor":14.0,"turns":3.0},{"damage":57,"enemies":"Hexaghost","floor":16,"turns":12},{"damage":2,"enemies":"3 Byrds","floor":18,"turns":4},{"damage":19,"enemies":"Shell Parasite","floor":20,"turns":3},{"damage":16,"enemies":"Centurion and Healer","floor":22,"turns":6},{"damage":0,"enemies":"Book of Stabbing","floor":23,"turns":1},{"damage":2,"enemies":"Snake Plant","floor":24,"turns":3},{"damage":18,"enemies":"Cultist and Chosen","floor":25,"turns":4},{"damage":9,"enemies":"Shelled Parasite and Fungi","floor":27,"turns":5},{"damage":13,"enemies":"Gremlin Leader","floor":30,"turns":6},{"damage":91,"enemies":"Champ","floor":33,"turns":13}],"seed_played":"-812981441545203068","potions_obtained":[{"floor":3.0,"key":"AttackPotion"},{"floor":10.0,"key":"Regen Potion"},{"floor":14.0,"key":"DuplicationPotion"},{"floor":16,"key":"SmokeBomb"},{"floor":18,"key":"SmokeBomb"},{"floor":22,"key":"DuplicationPotion"},{"floor":30,"key":"AttackPotion"}],"is_trial":false,"path_per_floor":["M","M","M","$","?","E","R","M","T","M","R","E","R","M","R","B",null,"M","?","M","?","M","E","M","M","T","M","R","?","E","$","R","B"],"character_chosen":"IRONCLAD","items_purchased":["TheAbacus"],"campfire_rested":1,"item_purchase_floors":[31],"current_hp_per_floor":[73,75,75,75,75,56,56,31,31,26,65,62,62,57,57,8,70,76,76,65,65,61,69,79,73,73,76,76,76,71,71,71,0,0],"gold":68,"neow_bonus":"RANDOM_COLORLESS","is_daily":false,"chose_seed":false,"campfire_upgraded":5,"win_rate":0.0,"timestamp":1609393618,"path_taken":["M","M","?","?","?","E","R","M","T","M","R","E","R","M","R","BOSS","M","?","M","?","M","E","M","?","T","M","R","?","E","$","R","BOSS"],"items_purchased_type":["Relic"],"build_version":"2020-12-22","purchased_purges":1,"victory":false,"max_hp_per_floor":[75,75,75,75,75,75,75,79,79,83,83,87,87,91,91,91,91,91,91,91,91,95,95,99,103,103,107,107,107,107,107,107,107,107],"card_choices":[{"not_picked":["Jack Of All Trades","Impatience"],"picked":"Trip","floor":0.0},{"not_picked":["Combust","Searing Blow"],"picked":"Pummel","floor":1.0},{"not_picked":["True Grit","Rampage"],"picked":"Blood for Blood","floor":2.0},{"not_picked":["Headbutt","Cleave"],"picked":"Pommel Strike","floor":3.0},{"not_picked":["Iron Wave","Carnage"],"picked":"Feed","floor":6.0},{"not_picked":["Dual Wield","Sword Boomerang"],"picked":"Second Wind","floor":8.0},{"not_picked":["Iron Wave","Uppercut"],"picked":"Disarm","floor":10.0},{"not_picked":["Infernal Blade","Metallicize"],"picked":"Wild Strike","floor":12.0},{"not_picked":["Warcry","Entrench"],"picked":"Fiend Fire","floor":14.0},{"not_picked":["Limit Break","Impervious"],"picked":"Immolate","floor":16},{"not_picked":["Cleave","Sword Boomerang"],"picked":"Seeing Red","floor":18},{"not_picked":["Anger","Infernal Blade","Wild Strike+1"],"picked":"SKIP","floor":20},{"not_picked":["Cleave","Clothesline+1"],"picked":"Battle Trance","floor":22},{"not_picked":["Clash+1","Anger","Fiend Fire"],"picked":"SKIP","floor":24},{"not_picked":["Shrug It Off","Perfected Strike"],"picked":"Power Through","floor":25},{"not_picked":["Headbutt","Armaments"],"picked":"Feel No Pain","floor":27},{"not_picked":["Headbutt","Heavy Blade","Carnage"],"picked":"SKIP","floor":30}],"player_experience":848262,"relics_obtained":[{"floor":6.0,"key":"Regal Pillow"},{"floor":9.0,"key":"Blood Vial"},{"floor":12.0,"key":"Ornamental Fan"},{"floor":26,"key":"Whetstone"},{"floor":30,"key":"Gremlin Horn"}],"event_choices":[{"damage_healed":0.0,"max_hp_gain":0.0,"max_hp_loss":0.0,"gold_gain":0.0,"event_name":"The Cleric","player_choice":"Leave","floor":5.0,"gold_loss":0.0,"damage_taken":0.0},{"damage_healed":0,"gold_gain":0,"player_choice":"Obtained Relic","damage_taken":0,"relics_obtained":["Red Skull"],"max_hp_gain":0,"max_hp_loss":0,"event_name":"Addict","floor":19,"gold_loss":85},{"cards_removed":["Strike_R"],"damage_healed":0,"gold_gain":0,"player_choice":"Upgrade and Remove","damage_taken":0,"max_hp_gain":0,"max_hp_loss":0,"event_name":"Designer","floor":21,"gold_loss":110,"cards_upgraded":["Defend_R"]},{"damage_healed":0,"gold_gain":50,"player_choice":"Pray","damage_taken":0,"max_hp_gain":0,"max_hp_loss":0,"event_name":"Golden Shrine","floor":29,"gold_loss":0}],"is_beta":false,"boss_relics":[{"not_picked":["Ectoplasm","Black Star"],"picked":"Snecko Eye"}],"items_purged_floors":[4],"is_endless":false,"potions_floor_spawned":[3,10,14,16,18,22,30],"killed_by":"Champ","ascension_level":17}}