{"host":"dntw6kil9p09eemm","time":1609442291,"event":{"mods":["Alarm Clock","Aspiration","BaseMod","Downfall","Hermit","Hubris","Minty Spire (QoL Compilation)","Permanent Neow","Replay The Spire","Shop Mod","StSLib"],"gold_per_floor":[112,126,126,126,146,176,102,121,199,217,235,235,270,286,286,381,381,391,406,231,243,258,286,286,141,141,156,156,156,156,34,34,129,129,146,196,207,217,117,117,117,117,117,117,117,117],"floor_reached":44,"playtime":2586,"items_purged":["hexamod:Strike","hexamod:Defend","hexamod:Defend"],"score":515,"play_id":"86714476-cf27-43b3-852c-1e895f560c71","local_time":"20210101041811","is_ascension_mode":false,"campfire_choices":[{"floor":12.0,"key":"REST"},{"floor":15.0,"key":"REST"},{"floor":24.0,"key":"REST"},{"floor":29.0,"key":"REST"},{"floor":32.0,"key":"DIG"},{"data":"hexamod:FastForward","floor":40,"key":"SMITH"}],"circlet_count":0,"master_deck":["hexamod:Defend","hexamod:Sear","hexamod:Float+1","hexamod:ThermalTransfer","hexamod:PhantomFireball","hexamod:HeatMetal","hexamod:FastForward+1","hexamod:GhostflameBarrier","hexamod:ApocalypticArmor","hexamod:SpectralSpark+1","Seeing Red","hexamod:SuperheatedStrike","hexamod:SuperheatedStrike","Run Through","Headbutt","Blood for Blood","Thunderclap","Anger","Metallicize","Bite","Bite","Bite","Bite","Bite","hexamod:VolcanoVisage","hexamod:SoulSteal","hexamod:FastForward+1","hexamod:Float+1"],"relics":["hexamod:SpiritBrand","The Courier","Bronze Scales","aspiration:IroncladSkillbook","MerchantsRug","Shovel","hubris:FunFungus","Lee\u0027s Waffle","hexamod:BolsterEngine","hubris:CuriousFeather","SlaversCollar","CaptainsWheel","Pantograph"],"acts_visited":["Exordium","TheCity","TheBeyond"],"potions_floor_usage":[],"damage_taken":[{"damage":0.0,"enemies":"Jaw Worm","floor":1.0,"turns":3.0},{"damage":0.0,"enemies":"2 Louse","floor":2.0,"turns":2.0},{"damage":0.0,"enemies":"Cultist","floor":5.0,"turns":3.0},{"damage":18.0,"enemies":"Gremlin Nob","floor":6.0,"turns":5.0},{"damage":1.0,"enemies":"Blue Slaver","floor":8.0,"turns":3.0},{"damage":12.0,"enemies":"3 Louse","floor":10.0,"turns":3.0},{"damage":0.0,"enemies":"2 Fungi Beasts","floor":11.0,"turns":3.0},{"damage":30.0,"enemies":"3 Sentries","floor":13.0,"turns":9.0},{"damage":1.0,"enemies":"Blue Slaver","floor":14.0,"turns":3.0},{"damage":35.0,"enemies":"The Guardian","floor":16.0,"turns":9.0},{"damage":13.0,"enemies":"2 Thieves","floor":18.0,"turns":5.0},{"damage":16.0,"enemies":"Spheric Guardian","floor":19.0,"turns":6.0},{"damage":9.0,"enemies":"Cultist and Chosen","floor":21.0,"turns":5.0},{"damage":34.0,"enemies":"3 Cultists","floor":22.0,"turns":6.0},{"damage":6.0,"enemies":"Gremlin Leader","floor":23.0,"turns":6.0},{"damage":32.0,"enemies":"Centurion and Healer","floor":27.0,"turns":6.0},{"damage":21.0,"enemies":"hubris:MusketHawk","floor":33.0,"turns":7.0},{"damage":0.0,"enemies":"3 Shapes","floor":35.0,"turns":5.0},{"damage":0.0,"enemies":"Mind Bloom Boss Battle","floor":36.0,"turns":4.0},{"damage":30.0,"enemies":"3 Darklings","floor":37.0,"turns":6.0},{"damage":18.0,"enemies":"Transient","floor":38.0,"turns":5.0},{"damage":46,"enemies":"Spire Growth","floor":44,"turns":4}],"seed_played":"-5275020243074601474","potions_obtained":[{"floor":2.0,"key":"Elixir"},{"floor":11.0,"key":"Flashbang"},{"floor":14.0,"key":"SteroidPotion"},{"floor":16.0,"key":"BlessingOfTheForge"},{"floor":19.0,"key":"LiquidMemories"},{"floor":22.0,"key":"EntropicBrew"},{"floor":36.0,"key":"SteroidPotion"},{"floor":38.0,"key":"Fire Potion"}],"is_trial":false,"path_per_floor":["M","M","?","?","M","E","$","M","T","M","M","R","E","M","R","B",null,"M","M","$","M","M","E","R","$","T","M","?","R","?","$","R","B",null,"M","?","M","M","$","R","?","?","T","M"],"character_chosen":"THE_SPIRIT","items_purchased":["hexamod:PhantomFireball","MerchantsRug","hexamod:SuperheatedStrike","Thunderclap","Anger","Lee\u0027s Waffle","hexamod:BolsterEngine"],"campfire_rested":4,"item_purchase_floors":[7,20,20,25,25,31,31],"current_hp_per_floor":[70,70,70,70,70,52,52,51,51,39,39,60,30,29,50,15,70,61,49,49,44,14,12,33,33,33,5,5,19,11,56,56,53,56,56,56,39,31,31,31,31,31,31,0,0,0],"gold":117,"neow_bonus":"UPGRADE_CARD","is_daily":false,"chose_seed":false,"campfire_upgraded":1,"win_rate":0.0,"timestamp":1609442291,"path_taken":["M","M","?","?","M","E","$","M","T","M","M","R","E","M","R","BOSS","M","M","$","M","M","E","R","?","T","M","?","R","?","$","R","BOSS","M","?","M","M","$","R","?","?","T","?"],"items_purchased_type":["Card","Relic","Card","Card","Card","Relic","Relic"],"build_version":"2020-12-22","purchased_purges":3,"victory":false,"max_hp_per_floor":[70,70,70,70,70,70,70,70,70,70,70,70,70,70,70,70,70,70,70,70,70,70,70,70,70,70,70,49,49,49,56,56,56,56,56,56,56,56,56,56,56,56,56,56,56,56],"card_choices":[{"not_picked":["hexamod:Firestarter","hexamod:SpectersWail","hexamod:NightmareGuise"],"picked":"SKIP","floor":1.0},{"not_picked":["hexamod:InspiringFlames","hexamod:Rewind","hexamod:Firestarter"],"picked":"SKIP","floor":2.0},{"not_picked":["hexamod:Firestarter","hexamod:SpectersWail"],"picked":"hexamod:ThermalTransfer","floor":5.0},{"not_picked":["hexamod:PhantomCloak","hexamod:GhostShield","hexamod:SpectralAdrenaline"],"picked":"SKIP","floor":6.0},{"not_picked":["hexamod:AdvancingGuard","hexamod:InspiringFlames","hexamod:Hexaguard"],"picked":"SKIP","floor":8.0},{"not_picked":["hexamod:PowerFromBeyond","hexamod:EmpoweringStance"],"picked":"hexamod:HeatMetal","floor":10.0},{"not_picked":["hexamod:RainOfEmbers","hexamod:AdvancingGuard","hexamod:InspiringFlames"],"picked":"SKIP","floor":11.0},{"not_picked":["hexamod:SecondSeal","hexamod:SwordOfDarkness"],"picked":"hexamod:FastForward","floor":13.0},{"not_picked":["hexamod:SwordOfDarkness","hexamod:BurningTouch"],"picked":"hexamod:GhostflameBarrier","floor":14.0},{"not_picked":["hexamod:SearingWound","hexamod:CrushingStance"],"picked":"hexamod:ApocalypticArmor","floor":16.0},{"not_picked":["hexamod:BurningTouch","Heavy Blade","Shrug It Off+1"],"picked":"hexamod:SpectralSpark+1","floor":18.0},{"not_picked":["hexamod:Hexaguard","hexamod:RadiantFlame","Warcry"],"picked":"Seeing Red","floor":19.0},{"not_picked":["Twin Strike","hexamod:ShieldOfDarkness","True Grit"],"picked":"Run Through","floor":21.0},{"not_picked":["Double Tap","hexamod:GhostLash","hexamod:Firestarter+1"],"picked":"Headbutt","floor":22.0},{"not_picked":["hexamod:ShieldOfDarkness","Second Wind","hexamod:Firestarter+1"],"picked":"Blood for Blood","floor":23.0},{"not_picked":["hubris:ReadiedAction+1","True Grit","hexamod:BacktrackSmack"],"picked":"Metallicize","floor":27.0},{"not_picked":["hexamod:GhostflameInferno","Demonic Infusion","Juggernaut"],"picked":"hexamod:VolcanoVisage","floor":33.0},{"not_picked":["Clash","Perfected Strike+1","hexamod:ThermalTransfer"],"picked":"hexamod:SoulSteal","floor":35.0},{"not_picked":["hexamod:NightmareStrike","Infernal Blade+1","hexamod:GhostOfSpireFuture+1"],"picked":"hexamod:FastForward","floor":37.0},{"not_picked":["True Grit","Blood for Blood","Shrug It Off","hexamod:SecondSeal"],"picked":"SKIP","floor":38.0}],"player_experience":500141,"relics_obtained":[{"floor":6.0,"key":"Replay:Kaleidoscope"},{"floor":9.0,"key":"The Courier"},{"floor":13.0,"key":"Bronze Scales"},{"floor":23.0,"key":"Shovel"},{"floor":26.0,"key":"hubris:FunFungus"},{"floor":30.0,"key":"PrismaticShard"},{"floor":32.0,"key":"hubris:CuriousFeather"},{"floor":36.0,"key":"CaptainsWheel"},{"floor":43,"key":"Pantograph"}],"event_choices":[{"cards_removed":["hexamod:Defend"],"damage_healed":0.0,"max_hp_gain":0.0,"max_hp_loss":0.0,"gold_gain":0.0,"event_name":"Bonfire Elementals","player_choice":"Offered Basic","floor":4.0,"gold_loss":0.0,"damage_taken":0.0},{"damage_healed":0.0,"max_hp_gain":0.0,"max_hp_loss":21.0,"gold_gain":0.0,"event_name":"Vampires","player_choice":"Became a vampire","floor":28.0,"gold_loss":0.0,"damage_taken":0.0,"cards_obtained":["Bite","Bite","Bite","Bite","Bite"]},{"damage_healed":0.0,"max_hp_gain":0.0,"max_hp_loss":0.0,"gold_gain":0.0,"event_name":"MindBloom","player_choice":"Fight","floor":36.0,"gold_loss":0.0,"damage_taken":0.0},{"damage_healed":0,"gold_gain":0,"player_choice":"Copied","damage_taken":0,"max_hp_gain":0,"max_hp_loss":0,"event_name":"Duplicator","floor":42,"gold_loss":0,"cards_obtained":["hexamod:Float"]}],"is_beta":false,"boss_relics":[{"not_picked":["hubris:GrandSneckoEye","hubris:ScarierMask"],"picked":"aspiration:IroncladSkillbook"},{"not_picked":["Replay:Ancient Bell","Velvet Choker"],"picked":"SlaversCollar"}],"items_purged_floors":[20,25,39],"is_endless":false,"potions_floor_spawned":[2,11,14,16,19,22,36,38],"killed_by":"Spire Growth","ascension_level":0}}