{"host":"qxeepl7ydvsgmfdb","time":1609433723,"event":{"mods":["AchievementEnabler","BaseMod","Colored Powertips","Minty Spire (QoL Compilation)","Quick Restart","slay the spire mod where everything is the same but ironclad has a cowboy hat"],"gold_per_floor":[116,66,79,79,79,79,104,114,161,190,265,281,349,364,364,465,765,775,790,139,229,245,270,288,319,394,394,405,420,18,31,31,136,186,196,196,213,42,52,52,52,70,152,162,195,219,248,260,260],"floor_reached":48,"playtime":1660,"items_purged":["Regret","Strike_G+1"],"score":781,"play_id":"3cc3d4ff-c9e7-4707-bfef-c95a8a7fc96f","local_time":"20201231115523","is_ascension_mode":true,"campfire_choices":[{"data":"Blade Dance","floor":6.0,"key":"SMITH"},{"floor":15.0,"key":"REST"},{"floor":32.0,"key":"REST"},{"data":"Noxious Fumes","floor":40.0,"key":"SMITH"}],"circlet_count":0,"master_deck":["Strike_G+1","Strike_G+1","Strike_G+1","Defend_G+1","Defend_G+1","Defend_G+1","Defend_G+1","Defend_G+1","Survivor","Neutralize","Blade Dance+1","Dagger Spray+1","Slice+1","Deadly Poison","Poisoned Stab","CurseOfTheBell","Dagger Throw","Footwork","Flash of Steel","Dagger Spray","Noxious Fumes+1","Noxious Fumes","After Image+1","Blade Dance","Deadly Poison+1","The Bomb","Slice","Parasite"],"relics":["Ring of the Snake","NeowsBlessing","Toy Ornithopter","PreservedInsect","Whetstone","MealTicket","Singing Bowl","Calling Bell","Oddly Smooth Stone","HornCleat","Old Coin","Ornamental Fan","Bronze Scales","TwistedFunnel","Blue Candle","Calipers","Question Card","Strawberry","Tiny House","Snake Skull","Meat on the Bone","MawBank"],"acts_visited":["Exordium","TheCity","TheBeyond"],"potions_floor_usage":[],"damage_taken":[{"damage":0.0,"enemies":"Small Slimes","floor":1.0,"turns":1.0},{"damage":0.0,"enemies":"Jaw Worm","floor":3.0,"turns":1.0},{"damage":0.0,"enemies":"3 Sentries","floor":7.0,"turns":1.0},{"damage":0.0,"enemies":"2 Louse","floor":8.0,"turns":2.0},{"damage":7.0,"enemies":"Gremlin Nob","floor":10.0,"turns":3.0},{"damage":4.0,"enemies":"Large Slime","floor":12.0,"turns":5.0},{"damage":13.0,"enemies":"Exordium Thugs","floor":14.0,"turns":4.0},{"damage":10.0,"enemies":"Slime Boss","floor":16.0,"turns":7.0},{"damage":12.0,"enemies":"2 Thieves","floor":18.0,"turns":5.0},{"damage":26.0,"enemies":"Spheric Guardian","floor":19.0,"turns":4.0},{"damage":0.0,"enemies":"Centurion and Healer","floor":22.0,"turns":4.0},{"damage":20.0,"enemies":"Book of Stabbing","floor":23.0,"turns":4.0},{"damage":3.0,"enemies":"Chosen and Byrds","floor":24.0,"turns":4.0},{"damage":8.0,"enemies":"Gremlin Leader","floor":25.0,"turns":3.0},{"damage":11.0,"enemies":"Shelled Parasite and Fungi","floor":28.0,"turns":4.0},{"damage":0.0,"enemies":"Snake Plant","floor":29.0,"turns":4.0},{"damage":9.0,"enemies":"Chosen and Byrds","floor":31.0,"turns":5.0},{"damage":59.0,"enemies":"Collector","floor":33.0,"turns":7.0},{"damage":16.0,"enemies":"3 Shapes","floor":35.0,"turns":4.0},{"damage":22.0,"enemies":"3 Darklings","floor":37.0,"turns":5.0},{"damage":2.0,"enemies":"4 Shapes","floor":39.0,"turns":4.0},{"damage":24.0,"enemies":"Spire Growth","floor":42.0,"turns":5.0},{"damage":9.0,"enemies":"Writhing Mass","floor":44.0,"turns":5.0},{"damage":20.0,"enemies":"Nemesis","floor":45.0,"turns":5.0},{"damage":32.0,"enemies":"3 Darklings","floor":46.0,"turns":4.0},{"damage":13.0,"enemies":"Transient","floor":47.0,"turns":5.0},{"damage":56,"enemies":"Spire Growth","floor":48,"turns":5}],"seed_played":"-9051416381884629587","potions_obtained":[{"floor":7.0,"key":"PowerPotion"},{"floor":8.0,"key":"ColorlessPotion"},{"floor":14.0,"key":"Energy Potion"},{"floor":16.0,"key":"SpeedPotion"},{"floor":18.0,"key":"Explosive Potion"},{"floor":22.0,"key":"Strength Potion"},{"floor":23.0,"key":"Strength Potion"},{"floor":25.0,"key":"LiquidBronze"},{"floor":34.0,"key":"Energy Potion"},{"floor":37.0,"key":"LiquidMemories"},{"floor":39.0,"key":"Block Potion"},{"floor":46.0,"key":"SkillPotion"}],"is_trial":false,"path_per_floor":["M","?","M","?","?","R","E","M","T","E","?","M","T","M","R","B",null,"M","M","$","?","M","E","M","E","T","?","M","M","$","M","R","B",null,"M","?","M","$","M","R","?","M","T","M","E","M","M","M"],"character_chosen":"THE_SILENT","items_purchased":["Ornamental Fan","Bronze Scales","TwistedFunnel","Footwork","Strawberry","EntropicBrew","SkillPotion","Snake Skull","Slice"],"campfire_rested":2,"item_purchase_floors":[20,20,20,20,30,30,30,38,38],"current_hp_per_floor":[63,63,63,63,63,63,63,63,63,56,45,41,41,28,49,46,66,56,30,45,27,37,19,23,20,20,20,11,13,35,26,52,18,76,60,60,40,55,55,55,55,33,33,53,47,29,35,0,0],"gold":260,"neow_bonus":"THREE_ENEMY_KILL","is_daily":false,"chose_seed":false,"campfire_upgraded":2,"win_rate":0.0,"timestamp":1609433723,"path_taken":["M","?","M","?","?","R","E","M","T","E","?","M","?","M","R","BOSS","M","M","$","?","?","E","M","E","T","?","M","M","$","M","R","BOSS","M","?","M","$","M","R","?","M","T","?","E","?","M","M"],"items_purchased_type":["Relic","Relic","Relic","Card","Relic","Potion","Potion","Relic","Card"],"build_version":"2020-12-22","purchased_purges":2,"victory":false,"max_hp_per_floor":[70,70,70,70,70,70,70,70,70,70,70,70,70,70,70,72,72,74,74,74,74,74,76,78,78,78,78,80,82,89,89,89,89,94,94,94,96,96,98,98,98,100,100,102,104,106,108,108,108],"card_choices":[{"not_picked":["Underhanded Strike","Crippling Poison"],"picked":"Blade Dance","floor":1.0},{"not_picked":["Sucker Punch","Heel Hook"],"picked":"Dagger Spray","floor":3.0},{"not_picked":["Bane","Leg Sweep","Glass Knife"],"picked":"SKIP","floor":7.0},{"not_picked":["Infinite Blades","Backflip"],"picked":"Slice","floor":8.0},{"not_picked":["Eviscerate","Predator"],"picked":"Deadly Poison","floor":10.0},{"not_picked":["Dash","Escape Plan","Riddle With Holes"],"picked":"SKIP","floor":12.0},{"not_picked":["Heel Hook","Bane"],"picked":"Poisoned Stab","floor":14.0},{"not_picked":["Burst","Wraith Form v2","Tools of the Trade"],"picked":"Singing Bowl","floor":16.0},{"not_picked":["Outmaneuver","Endless Agony","Heel Hook"],"picked":"Singing Bowl","floor":18.0},{"not_picked":["Accuracy+1","Expertise+1"],"picked":"Dagger Throw","floor":19.0},{"not_picked":["Deflect","Infinite Blades"],"picked":"Dagger Spray","floor":22.0},{"not_picked":["Sucker Punch","Eviscerate+1","Burst"],"picked":"Singing Bowl","floor":23.0},{"not_picked":["Dagger Spray","Quick Slash+1","Outmaneuver+1"],"picked":"Singing Bowl","floor":24.0},{"not_picked":["Endless Agony+1","PiercingWail"],"picked":"Noxious Fumes","floor":25.0},{"not_picked":["Backflip","Flying Knee","Calculated Gamble+1","Skewer+1"],"picked":"Singing Bowl","floor":28.0},{"not_picked":["PiercingWail","Envenom","Footwork+1","Deflect"],"picked":"Singing Bowl","floor":29.0},{"not_picked":["Sucker Punch","Quick Slash","Backflip"],"picked":"Noxious Fumes","floor":31.0},{"not_picked":["Storm of Steel","Bullet Time","Envenom"],"picked":"After Image","floor":33.0},{"not_picked":["Slice","Tactician","Bouncing Flask"],"picked":"Blade Dance","floor":34.0},{"not_picked":["Calculated Gamble","Poisoned Stab","Outmaneuver+1"],"picked":"Deadly Poison+1","floor":35.0},{"not_picked":["Metamorphosis","Good Instincts","Sadistic Nature"],"picked":"The Bomb","floor":36.0},{"not_picked":["Bane","Infinite Blades","Leg Sweep+1","Reflex"],"picked":"Singing Bowl","floor":37.0},{"not_picked":["Catalyst+1","PiercingWail","Dagger Spray","Outmaneuver+1"],"picked":"Singing Bowl","floor":39.0},{"not_picked":["Dagger Spray+1","Predator+1","Deadly Poison+1","Noxious Fumes+1"],"picked":"Singing Bowl","floor":42.0},{"not_picked":["Concentrate+1","Dagger Throw+1","Outmaneuver+1","Backflip+1"],"picked":"Singing Bowl","floor":44.0},{"not_picked":["Finisher+1","Choke+1","Dagger Spray+1","Flying Knee+1"],"picked":"Singing Bowl","floor":45.0},{"not_picked":["Outmaneuver+1","Phantasmal Killer","Dodge and Roll+1","Prepared+1"],"picked":"Singing Bowl","floor":46.0},{"not_picked":["Heel Hook","Quick Slash+1","Dagger Spray","Endless Agony+1"],"picked":"Singing Bowl","floor":47.0}],"player_experience":339409,"relics_obtained":[{"floor":7.0,"key":"PreservedInsect"},{"floor":9.0,"key":"Whetstone"},{"floor":10.0,"key":"MealTicket"},{"floor":13.0,"key":"Singing Bowl"},{"floor":17.0,"key":"Oddly Smooth Stone"},{"floor":17.0,"key":"HornCleat"},{"floor":17.0,"key":"Old Coin"},{"floor":23.0,"key":"Blue Candle"},{"floor":25.0,"key":"Calipers"},{"floor":26.0,"key":"Question Card"},{"floor":43.0,"key":"Meat on the Bone"},{"floor":45.0,"key":"MawBank"}],"event_choices":[{"cards_removed":["Strike_G"],"damage_healed":0.0,"max_hp_gain":0.0,"max_hp_loss":0.0,"gold_gain":0.0,"event_name":"The Cleric","player_choice":"Card Removal","floor":2.0,"gold_loss":50.0,"damage_taken":0.0},{"damage_healed":0.0,"max_hp_gain":0.0,"max_hp_loss":0.0,"gold_gain":0.0,"event_name":"Living Wall","player_choice":"Grow","floor":4.0,"gold_loss":0.0,"damage_taken":0.0,"cards_upgraded":["Dagger Spray"]},{"damage_healed":0.0,"max_hp_gain":0.0,"max_hp_loss":0.0,"gold_gain":0.0,"event_name":"Big Fish","player_choice":"Box","floor":5.0,"gold_loss":0.0,"damage_taken":0.0,"relics_obtained":["Toy Ornithopter"],"cards_obtained":["Regret"]},{"damage_healed":0.0,"max_hp_gain":0.0,"max_hp_loss":0.0,"gold_gain":75.0,"event_name":"World of Goop","player_choice":"Gather Gold","floor":11.0,"gold_loss":0.0,"damage_taken":11.0},{"damage_healed":0.0,"max_hp_gain":0.0,"max_hp_loss":0.0,"gold_gain":90.0,"event_name":"Knowing Skull","player_choice":"GOLD CARD ","floor":21.0,"potions_obtained":[],"gold_loss":0.0,"damage_taken":18.0,"cards_obtained":["Flash of Steel"]},{"damage_healed":0.0,"max_hp_gain":0.0,"max_hp_loss":0.0,"gold_gain":0.0,"event_name":"Back to Basics","player_choice":"Simplicity","floor":27.0,"gold_loss":0.0,"damage_taken":0.0,"cards_upgraded":["Strike_G","Strike_G","Strike_G","Defend_G","Defend_G","Defend_G","Defend_G","Defend_G"]},{"damage_healed":0.0,"max_hp_gain":0.0,"max_hp_loss":0.0,"gold_gain":0.0,"event_name":"SensoryStone","player_choice":"Memory 1","floor":36.0,"gold_loss":0.0,"damage_taken":0.0},{"damage_healed":0.0,"max_hp_gain":0.0,"max_hp_loss":0.0,"gold_gain":0.0,"event_name":"SecretPortal","player_choice":"Ignored","floor":41.0,"gold_loss":0.0,"damage_taken":0.0}],"is_beta":false,"boss_relics":[{"not_picked":["Busted Crown","HoveringKite"],"picked":"Calling Bell"},{"not_picked":["Philosopher\u0027s Stone","SlaversCollar"],"picked":"Tiny House"}],"items_purged_floors":[20,30],"is_endless":false,"potions_floor_spawned":[7,8,14,16,18,22,23,25,37,39,46],"killed_by":"Spire Growth","ascension_level":6}}