{"host":"7pe9xwx78c6nlay8","time":1609443678,"event":{"mods":["BaseMod","Minty Spire (QoL Compilation)"],"gold_per_floor":[368,368,112,125,200,235,410,441,467,467,467],"floor_reached":10,"playtime":372,"items_purged":["Defend_P"],"score":126,"play_id":"e88fc5d3-b40d-419e-a287-76a180d7807a","local_time":"20210101034118","is_ascension_mode":true,"campfire_choices":[],"circlet_count":0,"master_deck":["AscendersBane","Strike_P+1","Strike_P","Strike_P","Strike_P","Defend_P","Defend_P","Defend_P","Eruption+1","Vigilance","CarveReality","Nirvana","JustLucky","ThirdEye","JustLucky+1","TalkToTheHand","Doubt","JustLucky"],"relics":["PureWater","Centennial Puzzle","Gremlin Horn","Whetstone"],"acts_visited":["Exordium"],"potions_floor_usage":[6],"damage_taken":[{"damage":8,"enemies":"Jaw Worm","floor":1,"turns":5},{"damage":3,"enemies":"Small Slimes","floor":4,"turns":5},{"damage":3,"enemies":"3 Sentries","floor":6,"turns":9},{"damage":32,"enemies":"Gremlin Nob","floor":8,"turns":3},{"damage":4,"enemies":"3 Sentries","floor":10,"turns":6}],"seed_played":"-5770650490975702093","potions_obtained":[{"floor":4,"key":"SkillPotion"},{"floor":8,"key":"BottledMiracle"}],"is_trial":false,"path_per_floor":["M","?","$","M","?","E","?","E","T","E"],"character_chosen":"WATCHER","items_purchased":["Nirvana","JustLucky","ThirdEye"],"campfire_rested":0,"item_purchase_floors":[3,3,3],"current_hp_per_floor":[53,53,53,50,39,36,36,4,4,0,0],"gold":467,"neow_bonus":"TWO_FIFTY_GOLD","is_daily":false,"chose_seed":false,"campfire_upgraded":0,"win_rate":0.0,"timestamp":1609443678,"path_taken":["M","?","$","M","?","E","?","E","T","E"],"items_purchased_type":["Card","Card","Card"],"build_version":"2020-12-22","purchased_purges":1,"victory":false,"max_hp_per_floor":[62,62,62,62,62,62,62,62,62,62,62],"card_choices":[{"not_picked":["BowlingBash","Protect"],"picked":"CarveReality","floor":1},{"not_picked":["WindmillStrike","Meditate"],"picked":"JustLucky","floor":4},{"not_picked":["Fasting2","Swivel"],"picked":"TalkToTheHand","floor":6},{"not_picked":["Establishment","SashWhip"],"picked":"JustLucky","floor":8}],"player_experience":1586551,"relics_obtained":[{"floor":6,"key":"Centennial Puzzle"},{"floor":8,"key":"Gremlin Horn"},{"floor":9,"key":"Whetstone"}],"event_choices":[{"damage_healed":0,"gold_gain":0,"player_choice":"Grow","damage_taken":0,"max_hp_gain":0,"max_hp_loss":0,"event_name":"Living Wall","floor":2,"gold_loss":0,"cards_upgraded":["Eruption"]},{"damage_healed":0,"gold_gain":75,"player_choice":"Gather Gold","damage_taken":11,"max_hp_gain":0,"max_hp_loss":0,"event_name":"World of Goop","floor":5,"gold_loss":0},{"damage_healed":0,"gold_gain":175,"player_choice":"AGREE","damage_taken":0,"max_hp_gain":0,"max_hp_loss":0,"event_name":"Liars Game","floor":7,"gold_loss":0,"cards_obtained":["Doubt"]}],"is_beta":false,"boss_relics":[],"items_purged_floors":[3],"is_endless":false,"potions_floor_spawned":[4,8],"killed_by":"3 Sentries","ascension_level":14}}