{"host":"51fyd6gkml7xavq8","time":1609390996,"event":{"mods":["BaseMod","BetterRewards","Colored Map","Energized Spire","Infinite Spire","Minty Spire (QoL Compilation)","Replay The Spire","Shop Mod","Spicy Shops","StSLib","The Blue Laboratory","[IsaacMod]????"],"gold_per_floor":[114,129,429,444,19,19,49,49,74,104,12,27,27,42,42,142,142,182,48,63,88,88,88,88,88],"floor_reached":24,"playtime":873,"items_purged":["Looming Evil","Dualcast","Defend_B"],"score":238,"play_id":"1aafd4a6-c78c-4b17-8295-a961a4ce5e9d","local_time":"20201231020316","daily_mods":["Heirloom","Time Dilation","Lethality"],"is_ascension_mode":false,"campfire_choices":[{"data":"ReplayTheSpireMod:Calculation Training","floor":6.0,"key":"SMITH"},{"data":"Cold Snap","floor":8.0,"key":"SMITH"},{"data":"Strike_B","floor":13.0,"key":"SMITH"},{"data":"BettingIsNotGood","floor":15.0,"key":"SMITH"},{"data":"Cold Snap","floor":23,"key":"SMITH"}],"circlet_count":0,"master_deck":["Strike_B","Strike_B","Strike_B","Strike_B+1","Defend_B+1","Defend_B+1","Defend_B","Zap","BettingIsNotGood+1","ReplayTheSpireMod:Calculation Training+1","Cold Snap+1","Echo Form","FIFO Queue","Cold Snap+1"],"relics":["Cracked Core","HushsDoor","DoctorsRemote","CaptainsWheel","ReplayTheSpireMod:CursedCoin","Replay:Bottled Flurry","MerchantsRug","energizedSpire:UnstableMolecules","TheBean"],"acts_visited":["Exordium","TheCity"],"potions_floor_usage":[],"damage_taken":[{"damage":0.0,"enemies":"Cultist","floor":1.0,"turns":3.0},{"damage":3.0,"enemies":"2 Louse","floor":2.0,"turns":3.0},{"damage":4.0,"enemies":"Jaw Worm","floor":4.0,"turns":2.0},{"damage":28.0,"enemies":"Exordium Thugs","floor":7.0,"turns":4.0},{"damage":5.0,"enemies":"Blue Slaver","floor":10.0,"turns":3.0},{"damage":3.0,"enemies":"Exordium Wildlife","floor":12.0,"turns":1.0},{"damage":0.0,"enemies":"Large Slime","floor":14.0,"turns":2.0},{"damage":0.0,"enemies":"Slime Boss","floor":16.0,"turns":5.0},{"damage":30.0,"enemies":"2 Thieves","floor":18.0,"turns":4.0},{"damage":40,"enemies":"3 Byrds","floor":20,"turns":3},{"damage":19,"enemies":"Snake Plant","floor":24,"turns":1}],"seed_played":"-5051420239723459148","potions_obtained":[{"floor":1.0,"key":"blueLaboratory:FruitPunch"},{"floor":10.0,"key":"blueLaboratory:TeslaPotion"},{"floor":12.0,"key":"blueLaboratory:BiasPotion"},{"floor":14.0,"key":"Adrenaline Potion"},{"floor":16.0,"key":"blueLaboratory:AbyssPotion"},{"floor":20,"key":"LiquidBronze"}],"is_trial":false,"path_per_floor":["M","M","?","M","$","R","M","R","T","M","$","M","R","M","R","B",null,"M","$","M","$","$","R","M"],"character_chosen":"DEFECT","items_purchased":["ReplayTheSpireMod:CursedCoin","Replay:Bottled Flurry","MerchantsRug","Echo Form","TheBean"],"campfire_rested":0,"item_purchase_floors":[5,5,5,17,19],"current_hp_per_floor":[75,72,72,68,68,68,42,42,42,37,37,34,34,34,34,44,73,53,53,13,13,13,13,0,0],"gold":88,"neow_bonus":"","is_daily":true,"chose_seed":false,"campfire_upgraded":5,"win_rate":0.0,"timestamp":1609390996,"path_taken":["M","?","?","M","$","R","M","R","T","M","$","M","R","M","R","BOSS","M","$","M","?","$","R","M"],"items_purchased_type":["Relic","Relic","Relic","Card","Relic"],"build_version":"2020-12-22","purchased_purges":3,"victory":false,"max_hp_per_floor":[75,75,75,75,75,75,77,77,77,77,77,77,77,77,77,77,73,73,73,73,73,73,73,73,73],"card_choices":[{"not_picked":[],"picked":"BettingIsNotGood","floor":0.0},{"not_picked":["Lockon","Steam"],"picked":"ReplayTheSpireMod:Calculation Training","floor":1.0},{"not_picked":["Hologram","BasicCrystalCard"],"picked":"Cold Snap","floor":2.0},{"not_picked":["Hologram","Leap","Barrage"],"picked":"SKIP","floor":4.0},{"not_picked":["Leap","Barrage","BootSequence"],"picked":"SKIP","floor":7.0},{"not_picked":["Fan","Redo","ElectricPowerLearning"],"picked":"SKIP","floor":10.0},{"not_picked":["Go for the Eyes","Hologram","Stack"],"picked":"SKIP","floor":12.0},{"not_picked":["Fission","ReplaySort","Fusion"],"picked":"SKIP","floor":14.0},{"not_picked":["Panic Button","Beam Cell"],"picked":"FIFO Queue","floor":18.0},{"not_picked":["Streamline","Steam"],"picked":"Cold Snap","floor":20}],"player_experience":437235,"relics_obtained":[{"floor":9.0,"key":"War Paint"}],"event_choices":[],"is_beta":false,"boss_relics":[{"not_picked":["Sozu","Abe\u0027s Treasure"],"picked":"energizedSpire:UnstableMolecules"},{"not_picked":[]}],"items_purged_floors":[5,5,11],"is_endless":false,"potions_floor_spawned":[1,10,12,14,16,20],"killed_by":"Snake Plant","ascension_level":0}}