{"host":"d4km6p8r92tm3vpl","time":1609411841,"event":{"mods":["BaseMod","Minty Spire (QoL Compilation)","Relic Stats","StSLib"],"gold_per_floor":[117,131,148,25,39,39,39,65,89,124,133,154,179,204,204,204,204],"floor_reached":16,"playtime":837,"items_purged":[],"score":189,"play_id":"5c1ba4f3-4f2f-45c6-a320-e7ba6242f578","local_time":"20201231055041","is_ascension_mode":true,"campfire_choices":[{"data":"Poisoned Stab","floor":6,"key":"SMITH"},{"floor":11,"key":"REST"},{"data":"Bane","floor":15,"key":"SMITH"}],"circlet_count":0,"master_deck":["AscendersBane","Strike_G","Strike_G","Strike_G","Strike_G","Strike_G","Defend_G","Defend_G","Defend_G","Defend_G","Defend_G","Survivor","Neutralize","Calculated Gamble","Footwork+1","Infinite Blades","Poisoned Stab+1","Catalyst","Quick Slash","Bane+1","Dodge and Roll","Blur","Dagger Spray"],"relics":["Ring of the Snake","Dream Catcher","CeramicFish","Smiling Mask","Tiny Chest"],"acts_visited":["Exordium"],"potions_floor_usage":[5,8,13,16],"damage_taken":[{"damage":1,"enemies":"2 Louse","floor":1,"turns":3},{"damage":2,"enemies":"Jaw Worm","floor":2,"turns":7},{"damage":3,"enemies":"Cultist","floor":3,"turns":5},{"damage":1,"enemies":"Exordium Thugs","floor":5,"turns":6},{"damage":32,"enemies":"Gremlin Nob","floor":8,"turns":6},{"damage":8,"enemies":"Lagavulin","floor":10,"turns":7},{"damage":5,"enemies":"Blue Slaver","floor":12,"turns":4},{"damage":20,"enemies":"Gremlin Nob","floor":13,"turns":6},{"damage":1,"enemies":"Red Slaver","floor":14,"turns":6},{"damage":25,"enemies":"Hexaghost","floor":16,"turns":15}],"seed_played":"138059100579605234","potions_obtained":[{"floor":1,"key":"Fire Potion"},{"floor":5,"key":"SpeedPotion"},{"floor":10,"key":"Weak Potion"},{"floor":14,"key":"SteroidPotion"}],"is_trial":false,"path_per_floor":["M","M","M","$","M","R","?","E","T","E","R","M","E","M","R","B"],"character_chosen":"THE_SILENT","items_purchased":["Poisoned Stab","Catalyst"],"campfire_rested":1,"item_purchase_floors":[4,4],"current_hp_per_floor":[69,67,64,64,63,63,63,31,31,23,46,41,21,20,20,0,0],"gold":204,"neow_bonus":"TEN_PERCENT_HP_BONUS","is_daily":false,"chose_seed":false,"campfire_upgraded":2,"win_rate":0.0,"timestamp":1609411841,"path_taken":["M","M","M","$","M","R","?","E","T","E","R","M","E","M","R","BOSS"],"items_purchased_type":["Card","Card"],"build_version":"2020-12-22","purchased_purges":0,"victory":false,"max_hp_per_floor":[77,77,77,77,77,77,77,77,77,77,77,77,77,77,77,77,77],"relic_stats":{"Dream Catcher":1,"counters":[10,65],"CeramicFish":27,"Tiny Chest":0,"Smiling Mask":0,"obtain_stats":[{"Dream Catcher":8,"CeramicFish":9,"Tiny Chest":13,"Smiling Mask":10,"Ring of the Snake":0},{"Dream Catcher":5,"CeramicFish":5,"Tiny Chest":8,"Smiling Mask":6,"Ring of the Snake":0},{"Dream Catcher":27,"CeramicFish":27,"Tiny Chest":44,"Smiling Mask":34,"Ring of the Snake":0}],"Ring of the Snake":[20]},"card_choices":[{"not_picked":["Expertise","Eviscerate"],"picked":"Calculated Gamble","floor":1},{"not_picked":["Dagger Spray","Predator"],"picked":"Footwork","floor":2},{"not_picked":["Backflip","PiercingWail"],"picked":"Infinite Blades","floor":3},{"not_picked":["Sucker Punch","Deflect"],"picked":"Quick Slash","floor":5},{"not_picked":["Masterful Stab","Poisoned Stab"],"picked":"Bane","floor":8},{"not_picked":["Flying Knee","Calculated Gamble","Bane"],"picked":"SKIP","floor":10},{"not_picked":["Sucker Punch","Slice"],"picked":"Dodge and Roll","floor":11},{"not_picked":["Grand Finale","Cloak And Dagger"],"picked":"Blur","floor":12},{"not_picked":["Acrobatics","Heel Hook","Setup"],"picked":"SKIP","floor":13},{"not_picked":["Underhanded Strike","Endless Agony"],"picked":"Dagger Spray","floor":14}],"player_experience":797803,"relics_obtained":[{"floor":8,"key":"Dream Catcher"},{"floor":9,"key":"CeramicFish"},{"floor":10,"key":"Smiling Mask"},{"floor":13,"key":"Tiny Chest"}],"event_choices":[{"damage_healed":0,"gold_gain":0,"player_choice":"Grow","damage_taken":0,"max_hp_gain":0,"max_hp_loss":0,"event_name":"Living Wall","floor":7,"gold_loss":0,"cards_upgraded":["Footwork"]}],"is_beta":false,"boss_relics":[],"items_purged_floors":[],"is_endless":false,"potions_floor_spawned":[1,5,10,14],"killed_by":"Hexaghost","ascension_level":11}}