{"host":"i09pxcjttd31eh4q","time":1609379069,"event":{"mods":["AchievementEnabler","BaseMod","Colored Map","Keyboard Shortcuts","Minty Spire (QoL Compilation)","StSLib","SuperFastMode"],"gold_per_floor":[114,39,49,49,59,59,75,75,75,75,86,121,121,146,146,236,236,252,267,267,267],"floor_reached":20,"playtime":431,"items_purged":["Strike_G"],"score":452,"play_id":"58e52bff-806b-4eb4-a055-b03b4af14665","local_time":"20201231104429","is_ascension_mode":true,"campfire_choices":[{"data":"Eviscerate","floor":6,"key":"SMITH"},{"data":"Poisoned Stab","floor":8,"key":"SMITH"},{"data":"Deadly Poison","floor":15,"key":"SMITH"}],"circlet_count":0,"master_deck":["AscendersBane","Strike_G","Strike_G","Strike_G","Strike_G","Defend_G","Defend_G","Defend_G","Defend_G","Defend_G","Survivor","Neutralize","Poisoned Stab+1","Eviscerate+1","Dagger Throw","Backstab","Dagger Spray","Deadly Poison+1","Catalyst","Grand Finale","Backflip"],"relics":["Ring of the Snake","Regal Pillow","WingedGreaves","Mummified Hand","Thread and Needle","Golden Idol","Philosopher\u0027s Stone"],"acts_visited":["Exordium","TheCity"],"potions_floor_usage":[12,14,16,19],"damage_taken":[{"damage":0.0,"enemies":"2 Louse","floor":1.0,"turns":5.0},{"damage":6.0,"enemies":"Cultist","floor":3.0,"turns":5.0},{"damage":0,"enemies":"Jaw Worm","floor":5,"turns":2},{"damage":4,"enemies":"Looter","floor":7,"turns":3},{"damage":7,"enemies":"3 Louse","floor":11,"turns":4},{"damage":31,"enemies":"Lagavulin","floor":12,"turns":6},{"damage":1,"enemies":"Large Slime","floor":14,"turns":4},{"damage":0,"enemies":"Hexaghost","floor":16,"turns":8},{"damage":20,"enemies":"Chosen","floor":18,"turns":4},{"damage":10,"enemies":"2 Thieves","floor":19,"turns":4},{"damage":20,"enemies":"Snake Plant","floor":20,"turns":3}],"seed_played":"-8681953990172763238","potions_obtained":[{"floor":3.0,"key":"Fire Potion"},{"floor":7,"key":"Strength Potion"},{"floor":12,"key":"EssenceOfSteel"},{"floor":14,"key":"SteroidPotion"}],"is_trial":false,"path_per_floor":["M","$","M","?","M","R","M","R","T","T","M","E","?","M","R","B",null,"M","M","M"],"character_chosen":"THE_SILENT","items_purchased":[],"campfire_rested":0,"item_purchase_floors":[],"current_hp_per_floor":[59,59,53,53,53,53,49,49,49,49,42,11,11,10,10,10,48,28,18,0,0],"gold":267,"neow_bonus":"RANDOM_COMMON_RELIC","is_daily":false,"chose_seed":false,"campfire_upgraded":3,"win_rate":0.0,"timestamp":1609379069,"path_taken":["M","$","M","?","?","R","M","R","T","?","M","E","?","M","R","BOSS","M","M","M"],"items_purchased_type":[],"build_version":"2020-12-22","purchased_purges":1,"victory":false,"max_hp_per_floor":[66,66,66,66,66,66,66,66,66,66,66,66,60,60,60,60,60,60,60,60,60],"card_choices":[{"not_picked":["Flying Knee","Dodge and Roll"],"picked":"Poisoned Stab","floor":1.0},{"not_picked":["Sucker Punch","Backflip"],"picked":"Eviscerate","floor":3.0},{"not_picked":["Bane","Deflect","Sucker Punch"],"picked":"SKIP","floor":5},{"not_picked":["Catalyst","Terror"],"picked":"Dagger Spray","floor":7},{"not_picked":["Escape Plan","Bane"],"picked":"Deadly Poison","floor":11},{"not_picked":["Dagger Spray","Skewer","Flying Knee"],"picked":"SKIP","floor":12},{"not_picked":["Caltrops","Slice"],"picked":"Catalyst","floor":14},{"not_picked":["Wraith Form v2","Envenom"],"picked":"Grand Finale","floor":16},{"not_picked":["Dagger Spray","Prepared"],"picked":"Backflip","floor":18},{"not_picked":["Slice","Cloak And Dagger","Distraction+1"],"picked":"SKIP","floor":19}],"player_experience":798223,"relics_obtained":[{"floor":9,"key":"WingedGreaves"},{"floor":10,"key":"Mummified Hand"},{"floor":12,"key":"Thread and Needle"}],"event_choices":[{"damage_healed":0,"gold_gain":0,"player_choice":"2 cards matched","damage_taken":0,"max_hp_gain":0,"max_hp_loss":0,"event_name":"Match and Keep!","floor":4,"gold_loss":0,"cards_obtained":["Dagger Throw","Backstab"]},{"damage_healed":0,"gold_gain":0,"player_choice":"2 cards matched","damage_taken":0,"max_hp_gain":0,"max_hp_loss":0,"event_name":"Match and Keep!","floor":4,"gold_loss":0,"cards_obtained":["Dagger Throw","Backstab"]},{"damage_healed":0,"gold_gain":0,"player_choice":"Lose Max HP","damage_taken":0,"relics_obtained":["Golden Idol"],"max_hp_gain":0,"max_hp_loss":6,"event_name":"Golden Idol","floor":13,"gold_loss":0}],"is_beta":false,"boss_relics":[{"not_picked":["Ectoplasm","Velvet Choker"],"picked":"Philosopher\u0027s Stone"}],"items_purged_floors":[2],"is_endless":false,"potions_floor_spawned":[3,7,11,12,14],"killed_by":"Snake Plant","ascension_level":20}}