{"host":"6to8m083wj0ro91z","time":1609421382,"event":{"mods":["BaseMod","Better Third Choice","BetterRewards","CatGirl Mod","ChefMod","Friendly Minions","GungeonMod","Hubris","Mad Scientist","Marisa????????","Minty Spire (QoL Compilation)","Shade Mod","Spicy Shops","StSLib","The Blackbeard","The Death Knight","The Dragon Tamer","The Gatherer","The Marked","The Mystic","The Necromancer","The Servant 0.9.4"],"gold_per_floor":[119,119,26,101,119,145,158,193,220,255,255,255,267,27,27,131,131,154,32,32,32,32,76,76,101,127,171,183,229,241,272,284,393,405,428,489,22,22,36,65,65,99,124,139,139,180,206,216,216,216,216,216,29,64,64],"floor_reached":56,"playtime":2958,"items_purged":["DemoMod:Strike_Huntress","DemoMod:Strike_Huntress","DemoMod:Strike_Huntress","DemoMod:Defend_Huntress"],"score":2080,"play_id":"9677ef5a-45cc-4f85-8001-075fe4dfde65","local_time":"20201231142942","is_ascension_mode":true,"campfire_choices":[{"data":"DemoMod:TableSutra","floor":15.0,"key":"SMITH"},{"data":"DemoMod:TableSutra","floor":24,"key":"SMITH"},{"data":"DemoMod:HungryBullets","floor":30,"key":"SMITH"},{"data":"DemoMod:TeaPot","floor":32,"key":"SMITH"},{"data":"DemoMod:ShadowBullets","floor":41,"key":"SMITH"},{"data":"DemoMod:Behold!","floor":45,"key":"SMITH"},{"floor":49,"key":"RECALL"},{"data":"DemoMod:FightSabre","floor":52,"key":"SMITH"}],"circlet_count":0,"master_deck":["DemoMod:Defend_Huntress","DemoMod:Defend_Huntress","DemoMod:Defend_Huntress","DemoMod:Roll+1","DemoMod:ManualReload","DemoMod:RustySidearm+1","Trip","DemoMod:GunslingerForm","DemoMod:HungryBullets","DemoMod:TeaPot+1","DemoMod:HungryBullets+1","DemoMod:TableSutra+1","DemoMod:MachoBrace+1","DemoMod:TeaPot+1","DemoMod:Gungine","DemoMod:TableSutra+1","Insight","DemoMod:FightSabre+1","DemoMod:Behold!+1","DemoMod:ShadowBullets+1"],"relics":["DemoMod:Dog","DemoMod:WhiteGuonStone","Medical Kit","Tiny Chest","Membership Card","DemoMod:GnawedKey","DemoMod:Bottle","Dead Branch","Singing Bowl","CaptainsWheel","OrangePellets","Matryoshka","Lantern","Coffee Dripper","Kunai","DemoMod:GundromedaStrain","Anchor","Meat on the Bone","hubris:Metronome","DemoMod:MeltedRock","DemoMod:RingOfEthereal","MawBank","hubris:MysteriousPyramids","Bag of Preparation","hubris:SlimyHat","Black Star","DemoMod:GlassGuonStoneRelic","Bag of Marbles","Mummified Hand","Calipers","Lee\u0027s Waffle","Gremlin Horn","hubris:SphereOfDissonance","DemoMod:WeirdEgg","White Beast Statue","Blood Vial","War Paint","hubris:TenFootPole","DemoMod:CrisisStone","Pen Nib","DemoMod:Plus1Bullets","Whetstone","DemoMod:PinkGuonStone","Sundial"],"acts_visited":["Exordium","TheCity","TheBeyond","TheEnding"],"potions_floor_usage":[16,23,23,55,55],"damage_taken":[{"damage":0.0,"enemies":"Jaw Worm","floor":1.0,"turns":4.0},{"damage":6.0,"enemies":"2 Louse","floor":5.0,"turns":2.0},{"damage":0.0,"enemies":"Gremlin Nob","floor":6.0,"turns":4.0},{"damage":0.0,"enemies":"Cultist","floor":7.0,"turns":3.0},{"damage":3.0,"enemies":"3 Sentries","floor":8.0,"turns":5.0},{"damage":0.0,"enemies":"Gremlin Nob","floor":10.0,"turns":3.0},{"damage":2.0,"enemies":"Looter","floor":13.0,"turns":3.0},{"damage":0,"enemies":"The Guardian","floor":16,"turns":7},{"damage":1,"enemies":"3 Byrds","floor":18,"turns":4},{"damage":23,"enemies":"Gremlin Leader","floor":23,"turns":6},{"damage":2,"enemies":"Slavers","floor":25,"turns":4},{"damage":10,"enemies":"Book of Stabbing","floor":27,"turns":4},{"damage":7,"enemies":"Slavers","floor":29,"turns":3},{"damage":0,"enemies":"2 Thieves","floor":31,"turns":3},{"damage":0,"enemies":"Champ","floor":33,"turns":4},{"damage":0,"enemies":"3 Darklings","floor":35,"turns":3},{"damage":0,"enemies":"3 Shapes","floor":39,"turns":1},{"damage":0,"enemies":"Reptomancer","floor":40,"turns":3},{"damage":0,"enemies":"Nemesis","floor":42,"turns":5},{"damage":0,"enemies":"Sphere and 2 Shapes","floor":44,"turns":2},{"damage":0,"enemies":"Maw","floor":46,"turns":4},{"damage":0,"enemies":"Reptomancer","floor":47,"turns":1},{"damage":0,"enemies":"Maw","floor":48,"turns":4},{"damage":0,"enemies":"Time Eater","floor":50,"turns":6},{"damage":0,"enemies":"Shield and Spear","floor":54,"turns":3},{"damage":0,"enemies":"The Heart","floor":55,"turns":6}],"seed_played":"-1527576789700096029","potions_obtained":[{"floor":5.0,"key":"SkillPotion"},{"floor":6.0,"key":"Explosive Potion"},{"floor":8.0,"key":"BlessingOfTheForge"},{"floor":16,"key":"FearPotion"},{"floor":18,"key":"DemoMod:LeadSkinPotion"},{"floor":25,"key":"SteroidPotion"},{"floor":27,"key":"AttackPotion"},{"floor":35,"key":"DemoMod:LeadSkinPotion"},{"floor":46,"key":"Dexterity Potion"}],"is_trial":false,"path_per_floor":["M","?","$","?","M","E","M","E","T","E","T","?","M","$","R","B",null,"M","$","$","?","T","E","R","E","T","E","?","E","R","M","R","B",null,"M","T","$","T","M","E","R","E","T","M","R","?","E","M","R","B",null,"R","$","E","B",null],"character_chosen":"HUNTRESS","items_purchased":["DemoMod:WhiteGuonStone","Trip","DemoMod:GunslingerForm","Medical Kit","Tiny Chest","DemoMod:HungryBullets","DemoMod:TeaPot","Membership Card","DemoMod:GnawedKey","DemoMod:HungryBullets","OrangePellets","Matryoshka","Lantern","Kunai","DemoMod:GundromedaStrain","Mummified Hand","Calipers","Lee\u0027s Waffle","Gremlin Horn","DemoMod:Plus1Bullets","Whetstone","EssenceOfSteel"],"campfire_rested":0,"item_purchase_floors":[0,0,0,0,0,0,0,0,0,3,14,14,14,19,20,37,37,37,37,53,53,53],"current_hp_per_floor":[28,33,33,22,16,16,16,13,13,26,26,26,24,24,24,24,77,76,76,76,69,69,48,48,48,48,52,52,47,47,52,52,52,85,87,87,94,94,96,96,96,98,98,100,100,102,104,106,106,106,106,106,106,115,115],"gold":64,"neow_bonus":"","is_daily":false,"chose_seed":false,"campfire_upgraded":7,"win_rate":0.0,"timestamp":1609421382,"path_taken":["M","?","$","?","?","E","M","E","T","E","?","?","M","$","R","BOSS","M","?","$","?","?","E","R","E","T","E","?","E","R","?","R","BOSS","M","?","$","?","?","E","R","E","T","M","R","?","E","M","R","BOSS","R","$","E","BOSS"],"items_purchased_type":["Relic","Card","Card","Relic","Relic","Card","Card","Relic","Relic","Card","Relic","Relic","Relic","Relic","Relic","Relic","Relic","Relic","Relic","Relic","Relic","Potion"],"build_version":"2020-12-22","purchased_purges":4,"victory":true,"max_hp_per_floor":[70,75,75,75,75,75,75,75,75,77,77,77,77,77,77,77,77,77,77,77,77,77,79,79,81,81,83,83,85,85,85,85,85,85,87,87,94,94,96,96,96,98,98,100,100,102,104,106,106,106,106,106,106,115,115],"card_choices":[{"not_picked":["DemoMod:Rummage","DemoMod:BattleInHaste","DemoMod:FortunesFavor"],"picked":"SKIP","floor":1.0},{"not_picked":["DemoMod:JK47","DemoMod:Casey"],"picked":"DemoMod:TableSutra","floor":5.0},{"not_picked":["DemoMod:HungryBullets","DemoMod:BoxingGlove","DemoMod:HardPowerCard"],"picked":"SKIP","floor":6.0},{"not_picked":["DemoMod:StrategicReserve","DemoMod:ChanceBullets","DemoMod:AWP"],"picked":"SKIP","floor":7.0},{"not_picked":["DemoMod:DirectionalPad","DemoMod:JK47"],"picked":"DemoMod:MachoBrace","floor":8.0},{"not_picked":["DemoMod:StickyCrossBow","DemoMod:MegaHand","DemoMod:BattleInHaste"],"picked":"SKIP","floor":8.0},{"not_picked":["DemoMod:BattleInHaste","DemoMod:MegaHand","DemoMod:ThirdPartyController"],"picked":"Singing Bowl","floor":10.0},{"not_picked":["DemoMod:FortunesFavor","DemoMod:Unmoved"],"picked":"DemoMod:TeaPot","floor":13.0},{"not_picked":["DemoMod:BalloonGun","DemoMod:DarkMarker"],"picked":"DemoMod:Gungine","floor":16},{"not_picked":["DemoMod:BattleInHaste","DemoMod:AC15"],"picked":"DemoMod:TableSutra","floor":18},{"not_picked":["DemoMod:ChanceBullets","DemoMod:Unmoved","DemoMod:DirectionalPad"],"picked":"Singing Bowl","floor":23},{"not_picked":["DemoMod:AC15+1","DemoMod:BSG","DemoMod:Casey"],"picked":"Singing Bowl","floor":25},{"not_picked":["DemoMod:Unmoved","DemoMod:EasyReloadBullets+1","DemoMod:HardPowerCard+1"],"picked":"Singing Bowl","floor":27},{"not_picked":["DemoMod:Unmoved+1","DemoMod:ChanceBullets+1","DemoMod:BattleInHaste"],"picked":"Singing Bowl","floor":29},{"not_picked":["DemoMod:EasyReloadBullets","DemoMod:Casey"],"picked":"DemoMod:FightSabre","floor":31},{"not_picked":["DemoMod:BlankBullets","DemoMod:Elimentaler"],"picked":"DemoMod:Behold!","floor":33},{"not_picked":["DemoMod:GunstockTap","DemoMod:DirectionalPad","DemoMod:Camera+1"],"picked":"Singing Bowl","floor":35},{"not_picked":["DemoMod:TableSutra","DemoMod:DirectionalPad+1","DemoMod:TeaPot+1"],"picked":"Singing Bowl","floor":39},{"not_picked":["DemoMod:ZorGun","DemoMod:HighKaliber"],"picked":"DemoMod:ShadowBullets","floor":40},{"not_picked":["DemoMod:ChanceBullets+1","DemoMod:Ejector","DemoMod:Desperate"],"picked":"Singing Bowl","floor":42},{"not_picked":["DemoMod:SAA","DemoMod:HardPowerCard","DemoMod:Replace"],"picked":"Singing Bowl","floor":44},{"not_picked":["DemoMod:MachoBrace","DemoMod:ConditionalReflex+1","DemoMod:BoxingGlove+1"],"picked":"Singing Bowl","floor":46},{"not_picked":["DemoMod:Slinger","DemoMod:BoxingGlove+1","DemoMod:HardPowerCard"],"picked":"Singing Bowl","floor":47},{"not_picked":["DemoMod:Ejector","DemoMod:Evolver","DemoMod:Unmoved"],"picked":"Singing Bowl","floor":48},{"not_picked":["DemoMod:AC15+1","DemoMod:FeignSurrender+1","DemoMod:HardPowerCard+1"],"picked":"Singing Bowl","floor":54}],"player_experience":1059058,"relics_obtained":[{"floor":6.0,"key":"DemoMod:Bottle"},{"floor":8.0,"key":"Dead Branch"},{"floor":10.0,"key":"Singing Bowl"},{"floor":11.0,"key":"CaptainsWheel"},{"floor":22,"key":"Meat on the Bone"},{"floor":22,"key":"hubris:Metronome"},{"floor":23,"key":"DemoMod:MeltedRock"},{"floor":25,"key":"DemoMod:RingOfEthereal"},{"floor":26,"key":"MawBank"},{"floor":26,"key":"hubris:MysteriousPyramids"},{"floor":27,"key":"Bag of Preparation"},{"floor":29,"key":"hubris:SlimyHat"},{"floor":36,"key":"Bag of Marbles"},{"floor":38,"key":"hubris:SphereOfDissonance"},{"floor":40,"key":"DemoMod:WeirdEgg"},{"floor":40,"key":"White Beast Statue"},{"floor":42,"key":"Blood Vial"},{"floor":42,"key":"War Paint"},{"floor":43,"key":"hubris:TenFootPole"},{"floor":47,"key":"DemoMod:CrisisStone"},{"floor":47,"key":"Pen Nib"},{"floor":54,"key":"DemoMod:PinkGuonStone"},{"floor":54,"key":"Sundial"}],"event_choices":[{"damage_healed":0.0,"max_hp_gain":5.0,"max_hp_loss":0.0,"gold_gain":0.0,"event_name":"Big Fish","player_choice":"Donut","floor":2.0,"gold_loss":0.0,"damage_taken":0.0},{"damage_healed":0.0,"max_hp_gain":0.0,"max_hp_loss":0.0,"gold_gain":75.0,"event_name":"betterThird:BetterGoop","player_choice":"Gold","floor":4.0,"gold_loss":0.0,"damage_taken":11.0},{"cards_removed":["DemoMod:CrossBow"],"damage_healed":0.0,"max_hp_gain":0.0,"max_hp_loss":0.0,"gold_gain":0.0,"event_name":"Purifier","player_choice":"Purged","floor":12.0,"gold_loss":0.0,"damage_taken":0.0},{"damage_healed":0,"gold_gain":0,"player_choice":"Anchor","damage_taken":0,"relics_obtained":["Anchor"],"max_hp_gain":0,"max_hp_loss":0,"event_name":"blackbeard:ShipwreckEvent","floor":21,"gold_loss":0},{"damage_healed":0,"gold_gain":0,"player_choice":"Insight","damage_taken":0,"max_hp_gain":0,"max_hp_loss":0,"event_name":"betterThird:BetterWriting","floor":28,"gold_loss":0,"cards_obtained":["Insight"]}],"is_beta":false,"boss_relics":[{"not_picked":["Busted Crown","hubris:Backtick"],"picked":"Coffee Dripper"},{"not_picked":["SacredBark","Sozu"],"picked":"Black Star"}],"items_purged_floors":[0,0,0,3],"is_endless":false,"potions_floor_spawned":[5,6,8,16,18,25,27,33,35,42,44,46,47,48,54],"ascension_level":1}}