{"host":"873t0y8ybyo38pfq","time":1609435648,"event":{"mods":["BaseMod","Bestiary","Colored Map","Colored Powertips","Highlight Path","Minty Spire (QoL Compilation)","Quick Restart","RNG Fix","Rare Cards Sparkle","Relic Stats","StSLib"],"gold_per_floor":[119,194,194,194,208,208,240,240,240,254,282,39,55,75,75,147,147,163,88,88,111,128,128,128],"floor_reached":23,"playtime":792,"items_purged":["Strike_B"],"score":448,"play_id":"f305a255-d228-41ee-a11c-1882f605a1b4","local_time":"20201231122728","is_ascension_mode":true,"campfire_choices":[{"data":"Compile Driver","floor":6,"key":"SMITH"},{"data":"Dualcast","floor":15,"key":"SMITH"}],"circlet_count":0,"master_deck":["AscendersBane","Strike_B","Defend_B","Defend_B","Defend_B","Defend_B","Zap","Dualcast+1","Chaos+1","Compile Driver+1","Conserve Battery","Leap","Doom and Gloom","Glacier","Biased Cognition+1","Redo"],"relics":["Cracked Core","NeowsBlessing","Ornamental Fan","Ginger","Frozen Egg 2","Lantern","Black Star","PreservedInsect"],"acts_visited":["Exordium","TheCity"],"potions_floor_usage":[16,23],"damage_taken":[{"damage":0,"enemies":"2 Louse","floor":1,"turns":1},{"damage":0,"enemies":"Small Slimes","floor":5,"turns":1},{"damage":0,"enemies":"3 Sentries","floor":7,"turns":1},{"damage":7,"enemies":"Jaw Worm","floor":10,"turns":2},{"damage":13,"enemies":"Lagavulin","floor":11,"turns":9},{"damage":0,"enemies":"Large Slime","floor":13,"turns":7},{"damage":0,"enemies":"Red Slaver","floor":14,"turns":4},{"damage":20,"enemies":"Slime Boss","floor":16,"turns":15},{"damage":12,"enemies":"Shell Parasite","floor":18,"turns":6},{"damage":0,"enemies":"Spheric Guardian","floor":22,"turns":4},{"damage":51,"enemies":"Book of Stabbing","floor":23,"turns":6}],"seed_played":"-678306074271346770","potions_obtained":[{"floor":11,"key":"EssenceOfSteel"},{"floor":13,"key":"SpeedPotion"}],"is_trial":false,"path_per_floor":["M","?","?","?","M","R","E","T","T","M","E","$","M","M","R","B",null,"M","?","?","T","M","E"],"character_chosen":"DEFECT","items_purchased":["Doom and Gloom","Glacier"],"campfire_rested":0,"item_purchase_floors":[12,12],"current_hp_per_floor":[64,53,53,58,58,58,58,58,58,51,38,38,38,38,38,18,62,50,50,50,50,50,0,0],"gold":128,"neow_bonus":"THREE_ENEMY_KILL","is_daily":false,"chose_seed":false,"campfire_upgraded":2,"win_rate":0.0,"timestamp":1609435648,"path_taken":["M","?","?","?","M","R","E","?","T","M","E","$","?","M","R","BOSS","M","?","?","?","?","E"],"items_purchased_type":["Card","Card"],"build_version":"2020-12-22","purchased_purges":1,"victory":false,"max_hp_per_floor":[71,71,71,76,76,76,76,76,76,76,76,76,76,76,76,76,76,76,76,76,76,76,76,76],"relic_stats":{"counters":[11,56],"Ornamental Fan":[8],"PreservedInsect":43,"Black Star":0,"Ginger":[4],"obtain_stats":[{"Lantern":11,"NeowsBlessing":0,"Ornamental Fan":7,"PreservedInsect":21,"Black Star":17,"Ginger":8,"Frozen Egg 2":9,"Cracked Core":0},{"Lantern":5,"NeowsBlessing":0,"Ornamental Fan":3,"PreservedInsect":9,"Black Star":8,"Ginger":3,"Frozen Egg 2":3,"Cracked Core":0},{"Lantern":14,"NeowsBlessing":0,"Ornamental Fan":3,"PreservedInsect":46,"Black Star":40,"Ginger":3,"Frozen Egg 2":3,"Cracked Core":0}]},"card_choices":[{"not_picked":["BootSequence","Stack"],"picked":"Chaos","floor":1},{"not_picked":["Redo","Gash"],"picked":"Compile Driver","floor":5},{"not_picked":["Reprogram","Hologram"],"picked":"Conserve Battery","floor":7},{"not_picked":["Hologram","Rebound"],"picked":"Leap","floor":10},{"not_picked":["Thunder Strike","Sunder","FTL"],"picked":"SKIP","floor":11},{"not_picked":["Steam","Gash","Aggregate"],"picked":"SKIP","floor":13},{"not_picked":["Ball Lightning","Streamline","Beam Cell"],"picked":"SKIP","floor":14},{"not_picked":["Rainbow","Creative AI+1"],"picked":"Biased Cognition+1","floor":16},{"not_picked":["Turbo","Undo","Force Field"],"picked":"SKIP","floor":18},{"not_picked":["Coolheaded","Gash"],"picked":"Redo","floor":22}],"player_experience":1446037,"relics_obtained":[{"floor":7,"key":"Ornamental Fan"},{"floor":8,"key":"Ginger"},{"floor":9,"key":"Frozen Egg 2"},{"floor":11,"key":"Lantern"},{"floor":21,"key":"PreservedInsect"}],"event_choices":[{"damage_healed":0,"gold_gain":75,"player_choice":"Gather Gold","damage_taken":11,"max_hp_gain":0,"max_hp_loss":0,"event_name":"World of Goop","floor":2,"gold_loss":0},{"damage_healed":0,"gold_gain":0,"player_choice":"Grow","damage_taken":0,"max_hp_gain":0,"max_hp_loss":0,"event_name":"Living Wall","floor":3,"gold_loss":0,"cards_upgraded":["Chaos"]},{"damage_healed":0,"gold_gain":0,"player_choice":"Donut","damage_taken":0,"max_hp_gain":5,"max_hp_loss":0,"event_name":"Big Fish","floor":4,"gold_loss":0},{"cards_removed":["Strike_B"],"damage_healed":0,"gold_gain":0,"player_choice":"Gave Gold","damage_taken":0,"max_hp_gain":0,"max_hp_loss":0,"event_name":"Beggar","floor":19,"gold_loss":75},{"cards_removed":["Strike_B"],"damage_healed":0,"gold_gain":0,"player_choice":"Purged","damage_taken":0,"max_hp_gain":0,"max_hp_loss":0,"event_name":"Purifier","floor":20,"gold_loss":0}],"is_beta":false,"boss_relics":[{"not_picked":["Snecko Eye","SacredBark"],"picked":"Black Star"}],"items_purged_floors":[12],"is_endless":false,"potions_floor_spawned":[11,13,14],"killed_by":"Book of Stabbing","ascension_level":20}}