{"host":"96bpdudduaq3ttpf","time":1609384695,"event":{"mods":["2.2 Compatiblity","Act Like it!","Astrologer","Bard","Bartender","BaseMod","CapriCore","Challenge The Spire","Chen","Downfall","Elementarium","Energized Spire","Friendly Minions","Gensokyo","GifTheSpireLib","Hallownest","Hermit","Jorbs\u0027s Wanderer Trilogy","KinomotoSakuraMod(????)","Koishi","KomeijiMod","Mari Mod (Legacy)","Mari\u0027s V1 Patch","Marisa????????","Mimic Mod","Minty Spire (QoL Compilation)","Prisma Mod","Quick Restart","Remilia??????","Replay The Spire","Robot Space Explorer","Shade Mod","StSLib","Td1madao Mod","The Administrix","The Bladedancer","The Bug Knight","The Construct","The Cursed","The Factory","The Forsaken","The Gatherer","The Hierophant","The Immortal","The IronCluck","The Jungle","The Marked","The Mystic","The Necromancer","The Runesmith","The Senshi","The Servant 0.9.4","Wandering Minibosses","WarShipGirlsR/????R mod","Yohane!","Yuyuko"],"gold_per_floor":[118,67,83,93,112,112,145,160,160,162,199,226,249,261,273,285,285],"floor_reached":16,"playtime":660,"items_purged":[],"score":114,"play_id":"b623bccb-711d-41bb-8c24-f0032a0e0456","local_time":"20201230201815","is_ascension_mode":false,"campfire_choices":[{"data":"Bloodletting","floor":6,"key":"SMITH"},{"data":"Pot Of Greed","floor":15,"key":"SMITH"}],"circlet_count":0,"master_deck":["Strike_R","Strike_R","Strike_R","Strike_R","Strike_R","Defend_R","Defend_R","Defend_R","Defend_R","Bash","Impervious","Clash","Fire Breathing","Fire Breathing","Inflame","Bloodletting+1","Clash","ReplayReversal","Metallicize","Inflame","Reaper","Pot Of Greed","Pot Of Greed+1","Infernal Blade","Cleave","Battle Trance","Pot Of Greed"],"relics":["Burning Blood","ReplayTheSpireMod:Ninjato","MawBank","Grinning Jar","Bronze Scales"],"acts_visited":["Gensokyo:Gensokyo"],"potions_floor_usage":[5,7,11,12,16],"damage_taken":[{"damage":8,"enemies":"Gensokyo:2_Kodama","floor":1,"turns":4},{"damage":8,"enemies":"Gensokyo:Gryphon","floor":3,"turns":4},{"damage":0,"enemies":"Gensokyo:Python","floor":4,"turns":2},{"damage":18,"enemies":"Gensokyo:Gryphon_and_Rabbit","floor":5,"turns":4},{"damage":24,"enemies":"Gensokyo:Mamizou","floor":7,"turns":7},{"damage":3,"enemies":"Gensokyo:Kitsune","floor":8,"turns":1},{"damage":9,"enemies":"Gensokyo:Cirno","floor":11,"turns":6},{"damage":11,"enemies":"Gensokyo:Python_and_Kodama","floor":12,"turns":3},{"damage":7,"enemies":"Gensokyo:VengefulSpirit","floor":13,"turns":5},{"damage":70,"enemies":"Gensokyo:Reimu","floor":16,"turns":4}],"seed_played":"8258968709686966115","potions_obtained":[{"floor":3,"key":"SteroidPotion"},{"floor":4,"key":"SkillPotion"},{"floor":8,"key":"Energy Potion"},{"floor":11,"key":"Explosive Potion"},{"floor":12,"key":"GamblersBrew"}],"is_trial":false,"path_per_floor":["M","$","M","M","M","R","E","M","T","?","E","M","M","T","R","B"],"character_chosen":"IRONCLAD","items_purchased":["Fire Breathing"],"campfire_rested":0,"item_purchase_floors":[2],"current_hp_per_floor":[78,78,76,80,68,68,50,53,53,53,72,71,70,70,70,0,0],"gold":285,"neow_bonus":"ONE_RANDOM_RARE_CARD","is_daily":false,"chose_seed":false,"campfire_upgraded":2,"win_rate":0.0,"timestamp":1609384695,"path_taken":["M","$","M","M","M","R","E","M","T","?","E","?","?","?","R","BOSS"],"items_purchased_type":["Card"],"build_version":"2020-12-22","purchased_purges":0,"victory":false,"max_hp_per_floor":[80,80,80,80,80,80,80,80,80,80,80,80,80,80,80,80,80],"card_choices":[{"not_picked":["Run Through","Second Wind"],"picked":"Clash","floor":1},{"not_picked":["Pommel Strike","Anger"],"picked":"Inflame","floor":3},{"not_picked":["Searing Blow","Dark Embrace"],"picked":"Bloodletting","floor":4},{"not_picked":["Clothesline","ReplayTheSpireMod:Corrosion Curse"],"picked":"Clash","floor":5},{"not_picked":["Searing Blow","Pommel Strike"],"picked":"ReplayReversal","floor":7},{"not_picked":["Feed","Pummel"],"picked":"Metallicize","floor":8},{"not_picked":[],"picked":"Inflame","floor":10},{"not_picked":[],"picked":"Reaper","floor":10},{"not_picked":["Massacre","Iron Wave"],"picked":"Infernal Blade","floor":11},{"not_picked":["ReplayTheSpireMod:LeadingStrike","Iron Wave"],"picked":"Cleave","floor":12},{"not_picked":["Anger","Replay:Undeath\u0027s Touch"],"picked":"Battle Trance","floor":13}],"player_experience":767309,"relics_obtained":[{"floor":7,"key":"ReplayTheSpireMod:Ninjato"},{"floor":9,"key":"MawBank"},{"floor":11,"key":"Grinning Jar"},{"floor":14,"key":"Bronze Scales"}],"event_choices":[],"is_beta":false,"boss_relics":[],"items_purged_floors":[],"is_endless":false,"potions_floor_spawned":[3,4,8,11,12],"killed_by":"Gensokyo:Reimu","ascension_level":0}}