{"host":"oeddu058k4r8wzo0","time":1609396038,"event":{"mods":["BaseMod","Better Third Choice","BetterRewards","Colored Map","Colored Powertips","Evolution","Highlight Path","Minty Spire (QoL Compilation)","Quick Restart","Reworked Bosses","Shop Mod","StSLib","Wandering Minibosses"],"gold_per_floor":[113,113,288,302,23,57,57,97,97,97,135,135,135,150,150,280,280,300,314,314,339,354,354,374,409,409,448,468,504,519,53,53,178,178,199,26,46,61,80,80,123,123,169,202,202,237,237,256,256,256,256,256,2,33,33],"floor_reached":56,"playtime":3180,"items_purged":["Doubt","Strike_R","Strike_R"],"score":2321,"play_id":"c404ebc9-3364-4e15-b3c1-f765d6774bfe","local_time":"20201230222718","is_ascension_mode":true,"campfire_choices":[{"data":"Whirlwind","floor":7.0,"key":"SMITH"},{"data":"Strike_R","floor":10.0,"key":"PURGE"},{"data":"Strike_R","floor":15.0,"key":"PURGE"},{"data":"Corruption","floor":23.0,"key":"SMITH"},{"data":"Strike_R","floor":32.0,"key":"PURGE"},{"floor":40.0,"key":"REST"},{"data":"Defend_R","floor":42.0,"key":"PURGE"},{"data":"Defend_R","floor":45.0,"key":"PURGE"},{"data":"Defend_R","floor":47,"key":"PURGE"},{"floor":49,"key":"RECALL"},{"data":"Bash","floor":52,"key":"PURGE"}],"circlet_count":0,"master_deck":["Defend_R","Uppercut","Combust","Sword Boomerang","Immolate","Disarm","Whirlwind+1","Anger","Shrug It Off","Flex","Demon Form","Parasite","Night Terror+1","Corruption+1","Body Slam+1","Heavy Blade+1","Berserk","Flame Barrier","Havoc","Mayhem","Inflame","Brutality","CurseOfTheBell","Rupture+1","Feel No Pain+1"],"relics":["Burning Blood","EVO:Axolotl","Membership Card","Bag of Preparation","Mummified Hand","Peace Pipe","Anchor","Orrery","Golden Idol","Thread and Needle","Letter Opener","Du-Vu Doll","Molten Egg 2","CaptainsWheel","Potion Belt","Runic Dome","wanderingMiniBosses:ThiefScarf","Toolbox","Shuriken","Blue Candle","Darkstone Periapt","Matryoshka","Red Skull","Akabeko","MerchantsRug","Calling Bell","TungstenRod","Singing Bowl","Regal Pillow","ClockworkSouvenir","Boot","Meat on the Bone","InkBottle","Toxic Egg 2","Kunai","TheAbacus","Toy Ornithopter"],"acts_visited":["TheCity","TheBeyond","TheEnding"],"potions_floor_usage":[48,50,50,54,55,55,55],"damage_taken":[{"damage":1.0,"enemies":"Jaw Worm","floor":1.0,"turns":2.0},{"damage":1.0,"enemies":"Small Slimes","floor":4.0,"turns":2.0},{"damage":9.0,"enemies":"3 Sentries","floor":6.0,"turns":5.0},{"damage":16.0,"enemies":"Gremlin Nob","floor":8.0,"turns":4.0},{"damage":18.0,"enemies":"Lagavulin","floor":11.0,"turns":3.0},{"damage":0.0,"enemies":"2 Louse","floor":14.0,"turns":2.0},{"damage":2.0,"enemies":"Hexaghost","floor":16.0,"turns":6.0},{"damage":1.0,"enemies":"Chosen","floor":18.0,"turns":5.0},{"damage":0.0,"enemies":"3 Byrds","floor":19.0,"turns":4.0},{"damage":17.0,"enemies":"Shelled Parasite and Fungi","floor":21.0,"turns":6.0},{"damage":13.0,"enemies":"Centurion and Healer","floor":22.0,"turns":3.0},{"damage":2.0,"enemies":"3 Cultists","floor":24.0,"turns":3.0},{"damage":20.0,"enemies":"Slavers","floor":25.0,"turns":3.0},{"damage":16.0,"enemies":"Gremlin Leader","floor":27.0,"turns":4.0},{"damage":10.0,"enemies":"Snake Plant","floor":28.0,"turns":3.0},{"damage":18.0,"enemies":"Book of Stabbing","floor":29.0,"turns":4.0},{"damage":3.0,"enemies":"Sentry and Sphere","floor":30.0,"turns":3.0},{"damage":7.0,"enemies":"bossMod:newCollector","floor":33.0,"turns":5.0},{"damage":16.0,"enemies":"3 Darklings","floor":35.0,"turns":4.0},{"damage":0.0,"enemies":"3 Shapes","floor":37.0,"turns":2.0},{"damage":54.0,"enemies":"Jaw Worm Horde","floor":38.0,"turns":4.0},{"damage":0.0,"enemies":"3 Darklings","floor":39.0,"turns":2.0},{"damage":80.0,"enemies":"Nemesis","floor":41.0,"turns":5.0},{"damage":22.0,"enemies":"Reptomancer","floor":44.0,"turns":3.0},{"damage":0,"enemies":"Giant Head","floor":46,"turns":4},{"damage":0,"enemies":"Writhing Mass","floor":48,"turns":3},{"damage":26,"enemies":"bossMod:newShapes","floor":50,"turns":4},{"damage":77,"enemies":"Shield and Spear","floor":54,"turns":4},{"damage":86,"enemies":"The Heart","floor":55,"turns":6}],"seed_played":"-4397540529449196071","potions_obtained":[{"floor":8.0,"key":"GamblersBrew"},{"floor":11.0,"key":"SkillPotion"},{"floor":18.0,"key":"Energy Potion"},{"floor":20.0,"key":"SmokeBomb"},{"floor":20.0,"key":"FairyPotion"},{"floor":20.0,"key":"ColorlessPotion"},{"floor":22.0,"key":"GamblersBrew"},{"floor":28.0,"key":"SkillPotion"},{"floor":29.0,"key":"FairyPotion"},{"floor":33.0,"key":"AttackPotion"},{"floor":37.0,"key":"PowerPotion"},{"floor":39.0,"key":"LiquidBronze"},{"floor":41.0,"key":"Swift Potion"},{"floor":46,"key":"DistilledChaos"},{"floor":54,"key":"Weak Potion"}],"is_trial":false,"path_per_floor":["M","?","?","M","$","E","R","E","T","R","E","?","?","M","R","B",null,"M","M","?","M","M","R","M","E","T","E","M","E","M","$","R","B",null,"M","$","M","M","M","R","E","R","T","E","R","E","R","M","R","B",null,"R","$","E","B",null],"character_chosen":"IRONCLAD","items_purchased":["Membership Card","Bag of Preparation","Mummified Hand","Anchor","Orrery","Thread and Needle","Toolbox","Shrug It Off","Red Skull","Akabeko","MerchantsRug","Mayhem","Inflame","Dexterity Potion","LiquidMemories","BlessingOfTheForge","ClockworkSouvenir","Regen Potion","Kunai","TheAbacus","Strength Potion","Dexterity Potion"],"campfire_rested":1,"item_purchase_floors":[0,0,0,0,0,5,5,5,31,31,31,31,31,31,31,31,36,36,53,53,53,53],"current_hp_per_floor":[40,40,40,45,45,42,42,32,32,32,20,38,33,39,39,43,66,71,74,74,63,56,56,60,46,46,36,32,20,23,23,23,22,67,59,59,67,33,41,81,9,9,9,46,46,54,54,62,62,54,84,84,84,25,34],"gold":33,"neow_bonus":"","is_daily":false,"chose_seed":false,"campfire_upgraded":2,"win_rate":0.0,"timestamp":1609396038,"path_taken":["M","?","?","M","$","E","R","E","T","R","E","?","?","M","R","BOSS","M","M","?","M","M","R","M","E","T","E","M","E","M","$","R","BOSS","M","?","M","M","M","R","E","R","T","E","R","E","R","M","R","BOSS","R","$","E","BOSS"],"items_purchased_type":["Relic","Relic","Relic","Relic","Relic","Relic","Relic","Card","Relic","Relic","Relic","Card","Card","Potion","Potion","Potion","Relic","Potion","Relic","Relic","Potion","Potion"],"build_version":"2020-12-22","purchased_purges":3,"victory":true,"max_hp_per_floor":[80,74,74,74,74,74,74,74,74,74,74,74,74,74,74,74,74,74,74,74,74,74,74,74,74,74,74,74,74,74,74,74,74,80,82,82,82,84,86,86,88,88,88,90,90,92,92,94,94,94,94,94,94,94,94],"card_choices":[{"not_picked":["Heavy Blade","Pommel Strike"],"picked":"Uppercut","floor":0.0},{"not_picked":["Twin Strike","Clothesline"],"picked":"Combust","floor":0.0},{"not_picked":["Armaments","Pommel Strike"],"picked":"Sword Boomerang","floor":0.0},{"not_picked":["Rage","Evolve"],"picked":"Immolate","floor":0.0},{"not_picked":["Sword Boomerang","Sever Soul"],"picked":"Disarm","floor":0.0},{"not_picked":["Anger","Headbutt"],"picked":"Whirlwind","floor":1.0},{"not_picked":["Second Wind","Clothesline"],"picked":"Anger","floor":4.0},{"not_picked":["Shrug It Off","True Grit","Anger"],"picked":"SKIP","floor":6.0},{"not_picked":["Shrug It Off","Impervious"],"picked":"Flex","floor":8.0},{"not_picked":["Flex","Shrug It Off"],"picked":"Demon Form","floor":11.0},{"not_picked":["Warcry","Thunderclap+1","Clash+1"],"picked":"SKIP","floor":14.0},{"not_picked":["Double Tap","Feed+1"],"picked":"Corruption","floor":16.0},{"not_picked":["Havoc+1","Cleave+1"],"picked":"Body Slam+1","floor":18.0},{"not_picked":["Sever Soul+1","Power Through"],"picked":"Heavy Blade+1","floor":19.0},{"not_picked":["Cleave+1","Hemokinesis+1","Ghostly Armor"],"picked":"SKIP","floor":21.0},{"not_picked":["Sword Boomerang+1","Immolate+1","True Grit"],"picked":"SKIP","floor":22.0},{"not_picked":["Cleave+1","Perfected Strike+1","Heavy Blade+1"],"picked":"SKIP","floor":24.0},{"not_picked":["Wild Strike+1","Anger+1"],"picked":"Berserk","floor":25.0},{"not_picked":["Bloodletting","Thunderclap+1","Headbutt+1"],"picked":"SKIP","floor":27.0},{"not_picked":["Body Slam+1","True Grit"],"picked":"Flame Barrier","floor":28.0},{"not_picked":["Bludgeon+1","Spot Weakness"],"picked":"Havoc","floor":29.0},{"not_picked":["Spot Weakness","True Grit","Carnage+1"],"picked":"SKIP","floor":30.0},{"not_picked":["Fiend Fire+1","Double Tap"],"picked":"Brutality","floor":33.0},{"not_picked":["Armaments+1","Clash+1","Iron Wave+1"],"picked":"Singing Bowl","floor":35.0},{"not_picked":["Cleave+1","Hemokinesis+1"],"picked":"Rupture+1","floor":37.0},{"not_picked":["Wild Strike+1","Infernal Blade+1","Body Slam+1"],"picked":"Singing Bowl","floor":38.0},{"not_picked":["Warcry","Clothesline+1","Thunderclap+1"],"picked":"Singing Bowl","floor":39.0},{"not_picked":["Flame Barrier+1","Disarm","Clothesline+1"],"picked":"Singing Bowl","floor":41.0},{"not_picked":["Cleave+1","Thunderclap+1","Carnage+1"],"picked":"Singing Bowl","floor":44.0},{"not_picked":["Fiend Fire+1","Headbutt+1","Rupture"],"picked":"Singing Bowl","floor":46},{"not_picked":["Rage+1","Heavy Blade+1","Perfected Strike+1"],"picked":"Singing Bowl","floor":48},{"not_picked":["Sword Boomerang+1","Heavy Blade+1"],"picked":"Feel No Pain+1","floor":54}],"player_experience":1331161,"relics_obtained":[{"floor":6.0,"key":"Letter Opener"},{"floor":8.0,"key":"Du-Vu Doll"},{"floor":9.0,"key":"Molten Egg 2"},{"floor":11.0,"key":"CaptainsWheel"},{"floor":21.0,"key":"wanderingMiniBosses:ThiefScarf"},{"floor":21.0,"key":"Toolbox"},{"floor":25.0,"key":"Shuriken"},{"floor":26.0,"key":"Blue Candle"},{"floor":27.0,"key":"Darkstone Periapt"},{"floor":29.0,"key":"Matryoshka"},{"floor":34.0,"key":"TungstenRod"},{"floor":34.0,"key":"Singing Bowl"},{"floor":34.0,"key":"Regal Pillow"},{"floor":41.0,"key":"Boot"},{"floor":43.0,"key":"Meat on the Bone"},{"floor":44.0,"key":"InkBottle"},{"floor":46,"key":"Toxic Egg 2"},{"floor":54,"key":"Toy Ornithopter"}],"event_choices":[{"damage_healed":0.0,"max_hp_gain":0.0,"max_hp_loss":6.0,"gold_gain":0.0,"event_name":"Golden Idol","player_choice":"Lose Max HP","floor":2.0,"gold_loss":0.0,"damage_taken":0.0,"relics_obtained":["Golden Idol"]},{"damage_healed":0.0,"max_hp_gain":0.0,"max_hp_loss":0.0,"gold_gain":175.0,"event_name":"betterThird:BetterSerpent","player_choice":"AGREE","floor":3.0,"gold_loss":0.0,"damage_taken":113.0},{"damage_healed":18.0,"max_hp_gain":0.0,"max_hp_loss":0.0,"gold_gain":0.0,"event_name":"Mushrooms","player_choice":"Healed and dodged fight","floor":12.0,"gold_loss":0.0,"damage_taken":0.0,"cards_obtained":["Parasite"]},{"damage_healed":0.0,"max_hp_gain":0.0,"max_hp_loss":0.0,"gold_gain":0.0,"event_name":"Lab","player_choice":"Got Potions","floor":20.0,"gold_loss":0.0,"damage_taken":0.0}],"is_beta":false,"boss_relics":[{"not_picked":["Black Blood","Tiny House"],"picked":"Runic Dome"},{"not_picked":["Cursed Key","Runic Cube"],"picked":"Calling Bell"}],"items_purged_floors":[5,31,36],"is_endless":false,"potions_floor_spawned":[8,11,18,22,28,29,33,37,39,41,46,54],"ascension_level":9}}