{"host":"e1pm3b7xpcm97e5w","time":1609383098,"event":{"mods":["BaseMod","Better Skull","Googly Eyes","Minty Spire (QoL Compilation)","Relic Stats","Shop Mod","Spicy Shops","StSLib"],"gold_per_floor":[118,135,135,135,54,54,85,97,171,171,184,204,204,215,215,312,312,323,323,323,339,339,339],"floor_reached":22,"playtime":598,"items_purged":[],"score":342,"play_id":"ce683fea-7e11-47d6-8159-da761fc5da82","local_time":"20201230215138","is_ascension_mode":true,"campfire_choices":[{"data":"Mayhem","floor":6,"key":"SMITH"},{"floor":10,"key":"REST"},{"floor":13,"key":"REST"},{"data":"Defragment","floor":15,"key":"SMITH"}],"circlet_count":0,"master_deck":["Strike_B","Strike_B","Strike_B","Defend_B","Defend_B","Defend_B","Defend_B","Zap","Dualcast","Mayhem+1","Compile Driver","Defragment+1","Doom and Gloom","Barrage","Amplify","Conserve Battery","Static Discharge","Cold Snap","Core Surge","Redo","Capacitor","Recycle"],"relics":["Cracked Core","Art of War","Matryoshka","Velvet Choker"],"acts_visited":["Exordium","TheCity"],"potions_floor_usage":[14,16,22],"damage_taken":[{"damage":4,"enemies":"Small Slimes","floor":1,"turns":3},{"damage":3,"enemies":"Jaw Worm","floor":2,"turns":4},{"damage":36,"enemies":"Lagavulin","floor":7,"turns":6},{"damage":6,"enemies":"2 Louse","floor":8,"turns":2},{"damage":7,"enemies":"Looter","floor":11,"turns":3},{"damage":7,"enemies":"Blue Slaver","floor":12,"turns":4},{"damage":26,"enemies":"Exordium Thugs","floor":14,"turns":4},{"damage":0,"enemies":"Hexaghost","floor":16,"turns":7},{"damage":17,"enemies":"Spheric Guardian","floor":18,"turns":4},{"damage":23,"enemies":"2 Thieves","floor":21,"turns":4},{"damage":29,"enemies":"Masked Bandits","floor":22,"turns":2}],"seed_played":"614591324465807378","potions_obtained":[{"floor":1,"key":"Explosive Potion"},{"floor":7,"key":"Strength Potion"},{"floor":12,"key":"BlessingOfTheForge"},{"floor":18,"key":"BlessingOfTheForge"}],"is_trial":false,"path_per_floor":["M","M","?","?","$","R","E","M","T","R","M","M","R","M","R","B",null,"M","?","?","M","?"],"character_chosen":"DEFECT","items_purchased":["Doom and Gloom"],"campfire_rested":2,"item_purchase_floors":[5],"current_hp_per_floor":[46,43,68,61,61,61,25,19,19,41,34,27,49,23,23,23,62,45,45,45,22,0,0],"gold":339,"neow_bonus":"RANDOM_COLORLESS_2","is_daily":false,"chose_seed":false,"campfire_upgraded":2,"win_rate":0.0,"timestamp":1609383098,"path_taken":["M","M","?","?","$","R","E","M","T","R","M","M","R","M","R","BOSS","M","?","?","M","?"],"items_purchased_type":["Card"],"build_version":"2020-12-22","purchased_purges":0,"victory":false,"max_hp_per_floor":[75,75,75,75,75,75,75,75,75,75,75,75,75,75,75,75,75,75,75,75,75,75,75],"relic_stats":{"counters":[11,43],"Art of War":[5],"obtain_stats":[{"Matryoshka":9,"Velvet Choker":17,"Art of War":7,"Cracked Core":0},{"Matryoshka":4,"Velvet Choker":8,"Art of War":3,"Cracked Core":0},{"Matryoshka":15,"Velvet Choker":33,"Art of War":13,"Cracked Core":0}]},"card_choices":[{"not_picked":["Master of Strategy","Magnetism"],"picked":"Mayhem","floor":0},{"not_picked":["Rebound","Static Discharge"],"picked":"Compile Driver","floor":1},{"not_picked":["Rebound","Glacier"],"picked":"Defragment","floor":2},{"not_picked":["Rebound","Beam Cell"],"picked":"Barrage","floor":7},{"not_picked":["Cold Snap","Redo"],"picked":"Amplify","floor":8},{"not_picked":["Sunder","Doom and Gloom"],"picked":"Conserve Battery","floor":11},{"not_picked":["Blizzard","Steam Power"],"picked":"Static Discharge","floor":12},{"not_picked":["Turbo","Heatsinks"],"picked":"Cold Snap","floor":14},{"not_picked":["Amplify","Meteor Strike"],"picked":"Core Surge","floor":16},{"not_picked":["Beam Cell","Turbo"],"picked":"Redo","floor":18},{"not_picked":["Compile Driver","Lockon"],"picked":"Recycle","floor":21}],"player_experience":445374,"relics_obtained":[{"floor":7,"key":"Art of War"},{"floor":9,"key":"Matryoshka"}],"event_choices":[{"damage_healed":25,"gold_gain":0,"player_choice":"Banana","damage_taken":0,"max_hp_gain":0,"max_hp_loss":0,"event_name":"Big Fish","floor":3,"gold_loss":0},{"cards_removed":["Strike_B"],"damage_healed":0,"gold_gain":0,"player_choice":"Card Removal","damage_taken":7,"max_hp_gain":0,"max_hp_loss":0,"event_name":"Golden Wing","floor":4,"gold_loss":0},{"damage_healed":0,"gold_gain":0,"player_choice":"Ignored","damage_taken":0,"max_hp_gain":0,"max_hp_loss":0,"event_name":"The Mausoleum","floor":19,"gold_loss":0},{"damage_healed":0,"gold_gain":0,"player_choice":"Read","damage_taken":0,"max_hp_gain":0,"max_hp_loss":0,"event_name":"The Library","floor":20,"gold_loss":0,"cards_obtained":["Capacitor"]},{"damage_healed":0,"gold_gain":0,"player_choice":"Fought Bandits","damage_taken":0,"max_hp_gain":0,"max_hp_loss":0,"event_name":"Masked Bandits","floor":22,"gold_loss":0}],"is_beta":false,"boss_relics":[{"not_picked":["Fusion Hammer","Black Star"],"picked":"Velvet Choker"}],"items_purged_floors":[],"is_endless":false,"potions_floor_spawned":[1,7,12,18],"killed_by":"Masked Bandits","ascension_level":9}}