{"host":"kh6fvhxn285ncg0o","time":1609416564,"event":{"mods":["Act Like it!","BaseMod","Colored Map","Friendly Minions","Keyboard Shortcuts","Minty Spire (QoL Compilation)","Quick Restart","Relic Stats","StSLib","SuperFastMode"],"gold_per_floor":[113,125,50,67,67,105,105,138,138,138,153,153,191,214,214,313,313,338,363,363,363,187,187,187,212,212,239,139,159,172,201,201,272,272,283,283,296,312,222,250,270,280,354,382,382,408,408,440,440,440,440,440,440,10,35,35],"floor_reached":57,"playtime":2019,"items_purged":["Defend_P","Strike_P"],"score":3796,"play_id":"5cc7cffa-6e64-4ee8-b44d-687832a68e57","local_time":"20201231210924","is_ascension_mode":true,"campfire_choices":[{"data":"SandsOfTime","floor":7.0,"key":"SMITH"},{"data":"Adaptation","floor":12.0,"key":"SMITH"},{"data":"Eruption","floor":15.0,"key":"SMITH"},{"data":"Deep Breath","floor":23.0,"key":"SMITH"},{"data":"Study","floor":32.0,"key":"PURGE"},{"data":"Vigilance","floor":45,"key":"SMITH"},{"floor":47,"key":"RECALL"},{"data":"Tantrum","floor":49,"key":"SMITH"},{"data":"Madness","floor":53,"key":"SMITH"}],"circlet_count":0,"master_deck":["AscendersBane","Eruption+1","Vigilance+1","SandsOfTime+1","Tantrum+1","Adaptation+1","Deep Breath+1","Madness+1"],"relics":["PureWater","Bloody Idol","Bottled Flame","Boot","Meat on the Bone","Letter Opener","Coffee Dripper","Peace Pipe","Toy Ornithopter","Bag of Marbles","Sozu","White Beast Statue","Mercury Hourglass","Prayer Wheel","Oddly Smooth Stone","Toxic Egg 2","Medical Kit","HornCleat","TeardropLocket"],"acts_visited":["Exordium","TheCity","TheBeyond","TheEnding"],"potions_floor_usage":[56],"damage_taken":[{"damage":2.0,"enemies":"Jaw Worm","floor":1.0,"turns":4.0},{"damage":0.0,"enemies":"2 Louse","floor":2.0,"turns":2.0},{"damage":0.0,"enemies":"Cultist","floor":4.0,"turns":2.0},{"damage":12.0,"enemies":"Lagavulin","floor":6.0,"turns":7.0},{"damage":24.0,"enemies":"3 Sentries","floor":8.0,"turns":3.0},{"damage":7.0,"enemies":"3 Louse","floor":11.0,"turns":2.0},{"damage":0.0,"enemies":"Lagavulin","floor":13.0,"turns":4.0},{"damage":0.0,"enemies":"Looter","floor":14.0,"turns":2.0},{"damage":11.0,"enemies":"Slime Boss","floor":16.0,"turns":6.0},{"damage":0.0,"enemies":"3 Byrds","floor":18.0,"turns":3.0},{"damage":0.0,"enemies":"Spheric Guardian","floor":19.0,"turns":3.0},{"damage":14.0,"enemies":"Gremlin Leader","floor":25.0,"turns":4.0},{"damage":11.0,"enemies":"Book of Stabbing","floor":27.0,"turns":3.0},{"damage":6.0,"enemies":"Snake Plant","floor":29.0,"turns":3.0},{"damage":1.0,"enemies":"Centurion and Healer","floor":30.0,"turns":3.0},{"damage":21.0,"enemies":"Slavers","floor":31.0,"turns":3.0},{"damage":0.0,"enemies":"Collector","floor":33.0,"turns":5.0},{"damage":0,"enemies":"Orb Walker","floor":35,"turns":1},{"damage":0,"enemies":"3 Darklings","floor":37,"turns":2},{"damage":0,"enemies":"Spire Growth","floor":38,"turns":2},{"damage":0,"enemies":"Nemesis","floor":40,"turns":1},{"damage":0,"enemies":"Jaw Worm Horde","floor":41,"turns":2},{"damage":0,"enemies":"Maw","floor":42,"turns":2},{"damage":0,"enemies":"Giant Head","floor":44,"turns":2},{"damage":0,"enemies":"Reptomancer","floor":46,"turns":1},{"damage":0,"enemies":"Giant Head","floor":48,"turns":4},{"damage":0,"enemies":"Awakened One","floor":50,"turns":2},{"damage":0,"enemies":"Donu and Deca","floor":51,"turns":3},{"damage":0,"enemies":"Shield and Spear","floor":55,"turns":1},{"damage":30,"enemies":"The Heart","floor":56,"turns":6}],"seed_played":"7561936505980694724","potions_obtained":[{"floor":1.0,"key":"Fire Potion"},{"floor":8.0,"key":"Regen Potion"},{"floor":11.0,"key":"SkillPotion"},{"floor":18.0,"key":"Ancient Potion"},{"floor":30.0,"key":"SmokeBomb"},{"floor":31.0,"key":"Energy Potion"}],"is_trial":false,"path_per_floor":["M","M","?","M","?","E","R","E","T","?","M","R","E","M","R","B",null,"M","M","?","?","$","R","?","E","T","E","$","M","M","E","R","B",null,"M","?","M","M","$","E","M","M","T","E","R","E","R","E","R","B","B",null,"R","$","E","B",null],"character_chosen":"WATCHER","items_purchased":["Deep Breath","Madness","Medical Kit","HornCleat"],"campfire_rested":0,"item_purchase_floors":[22,39,54,54],"current_hp_per_floor":[59,59,59,59,56,44,44,20,20,20,25,25,37,37,37,38,52,52,52,52,52,52,52,52,43,43,37,37,36,40,36,36,41,52,56,56,56,56,56,56,56,56,56,56,56,56,56,56,56,56,56,56,56,56,56,38],"gold":35,"neow_bonus":"REMOVE_TWO","is_daily":false,"chose_seed":false,"campfire_upgraded":7,"win_rate":0.0,"timestamp":1609416564,"path_taken":["M","M","?","M","?","E","R","E","T","?","M","R","E","M","R","BOSS","M","M","?","?","$","R","?","E","T","E","?","?","M","E","R","BOSS","M","?","M","?","$","E","M","?","T","E","R","E","R","E","R","BOSS","BOSS","R","$","E","BOSS"],"items_purchased_type":["Card","Card","Relic","Relic"],"build_version":"2020-12-22","purchased_purges":2,"victory":true,"max_hp_per_floor":[62,62,62,62,56,56,56,56,56,56,56,56,56,56,56,56,56,56,56,56,56,56,56,56,56,56,56,56,56,56,56,56,56,56,56,56,56,56,56,56,56,56,56,56,56,56,56,56,56,56,56,56,56,56,56,56],"relic_stats":{"Peace Pipe":3,"Sozu":8,"counters":[30,88],"Bloody Idol":34,"Prayer Wheel":0,"Letter Opener":[418],"Boot":[822],"Medical Kit":[3],"obtain_stats":[{"Golden Idol":5,"Oddly Smooth Stone":46,"Letter Opener":13,"TeardropLocket":55,"Boot":8,"Medical Kit":54,"White Beast Statue":40,"Mercury Hourglass":43,"Peace Pipe":25,"Sozu":34,"Bottled Flame":6,"HornCleat":54,"Bloody Idol":24,"Prayer Wheel":44,"Coffee Dripper":17,"Bag of Marbles":31,"PureWater":0,"Toxic Egg 2":48,"Toy Ornithopter":27,"Meat on the Bone":9},{"Golden Idol":3,"Oddly Smooth Stone":25,"Letter Opener":7,"TeardropLocket":29,"Boot":5,"Medical Kit":28,"White Beast Statue":21,"Mercury Hourglass":23,"Peace Pipe":12,"Sozu":17,"Bottled Flame":4,"HornCleat":28,"Bloody Idol":11,"Prayer Wheel":24,"Coffee Dripper":9,"Bag of Marbles":16,"PureWater":0,"Toxic Egg 2":26,"Toy Ornithopter":13,"Meat on the Bone":5},{"Golden Idol":8,"Oddly Smooth Stone":72,"Letter Opener":24,"TeardropLocket":82,"Boot":18,"Medical Kit":81,"White Beast Statue":65,"Mercury Hourglass":69,"Peace Pipe":42,"Sozu":59,"Bottled Flame":15,"HornCleat":81,"Bloody Idol":38,"Prayer Wheel":71,"Coffee Dripper":32,"Bag of Marbles":54,"PureWater":0,"Toxic Egg 2":76,"Toy Ornithopter":45,"Meat on the Bone":18}],"Toy Ornithopter":0,"Meat on the Bone":48,"Mercury Hourglass":[75]},"card_choices":[{"not_picked":["WindmillStrike","SashWhip"],"picked":"SandsOfTime","floor":1.0},{"not_picked":["BattleHymn","EmptyFist"],"picked":"Tantrum","floor":4.0},{"not_picked":["WaveOfTheHand","JustLucky","ClearTheMind"],"picked":"SKIP","floor":6.0},{"not_picked":["WheelKick","ThirdEye","SpiritShield"],"picked":"SKIP","floor":8.0},{"not_picked":["CutThroughFate","SashWhip"],"picked":"Adaptation","floor":11.0},{"not_picked":["DevaForm","ClearTheMind","CrushJoints"],"picked":"SKIP","floor":13.0},{"not_picked":["DeceiveReality","Prostrate","WaveOfTheHand"],"picked":"SKIP","floor":14.0},{"not_picked":["CutThroughFate","FollowUp","SashWhip+1"],"picked":"SKIP","floor":18.0},{"not_picked":["ForeignInfluence","PathToVictory+1","ReachHeaven"],"picked":"SKIP","floor":19.0},{"not_picked":["ReachHeaven","Perseverance","Study"],"picked":"SKIP","floor":25.0},{"not_picked":["Fasting2","SashWhip","MasterReality"],"picked":"SKIP","floor":27.0},{"not_picked":["Consecrate","JustLucky","Protect"],"picked":"SKIP","floor":29.0},{"not_picked":["ThirdEye","Prostrate","EmptyFist"],"picked":"SKIP","floor":30.0},{"not_picked":["EmptyBody","WreathOfFlame+1","EmptyMind"],"picked":"SKIP","floor":31.0},{"not_picked":["CutThroughFate","ReachHeaven","PathToVictory"],"picked":"SKIP","floor":35},{"not_picked":["ThirdEye","SashWhip","WreathOfFlame+1"],"picked":"SKIP","floor":37},{"not_picked":["FlyingSleeves","Adaptation","Consecrate+1"],"picked":"SKIP","floor":38},{"not_picked":["Crescendo","PathToVictory","SashWhip+1"],"picked":"SKIP","floor":40},{"not_picked":["SandsOfTime","Crescendo","SashWhip+1"],"picked":"SKIP","floor":41},{"not_picked":["FlyingSleeves","Halt+1","FlurryOfBlows"],"picked":"SKIP","floor":42},{"not_picked":["SignatureMove","ClearTheMind","Wallop"],"picked":"SKIP","floor":44},{"not_picked":["EmptyBody","Halt","Prostrate"],"picked":"SKIP","floor":46},{"not_picked":["Devotion","ReachHeaven","Crescendo+1"],"picked":"SKIP","floor":48},{"not_picked":["SashWhip","DeceiveReality+1","Weave+1"],"picked":"SKIP","floor":55}],"player_experience":3334460,"relics_obtained":[{"floor":6.0,"key":"Bottled Flame"},{"floor":8.0,"key":"Boot"},{"floor":9.0,"key":"Meat on the Bone"},{"floor":13.0,"key":"Letter Opener"},{"floor":25.0,"key":"Peace Pipe"},{"floor":27.0,"key":"Toy Ornithopter"},{"floor":31.0,"key":"Bag of Marbles"},{"floor":40,"key":"White Beast Statue"},{"floor":43,"key":"Mercury Hourglass"},{"floor":44,"key":"Prayer Wheel"},{"floor":46,"key":"Oddly Smooth Stone"},{"floor":48,"key":"Toxic Egg 2"},{"floor":55,"key":"TeardropLocket"}],"event_choices":[{"cards_removed":["Strike_P"],"damage_healed":0.0,"max_hp_gain":0.0,"max_hp_loss":0.0,"gold_gain":0.0,"event_name":"The Cleric","player_choice":"Card Removal","floor":3.0,"gold_loss":75.0,"damage_taken":0.0},{"damage_healed":0.0,"max_hp_gain":0.0,"max_hp_loss":6.0,"gold_gain":0.0,"event_name":"Golden Idol","player_choice":"Lose Max HP","floor":5.0,"gold_loss":0.0,"damage_taken":0.0,"relics_obtained":["Golden Idol"]},{"damage_healed":0.0,"max_hp_gain":0.0,"max_hp_loss":0.0,"gold_gain":0.0,"cards_transformed":["Defend_P"],"event_name":"Transmorgrifier","player_choice":"Transformed","floor":10.0,"gold_loss":0.0,"damage_taken":0.0,"cards_obtained":["Study"]},{"damage_healed":0.0,"max_hp_gain":0.0,"max_hp_loss":0.0,"gold_gain":0.0,"event_name":"The Mausoleum","player_choice":"Ignored","floor":20.0,"gold_loss":0.0,"damage_taken":0.0},{"cards_removed":["Strike_P"],"damage_healed":0.0,"max_hp_gain":0.0,"max_hp_loss":0.0,"gold_gain":0.0,"event_name":"Back to Basics","player_choice":"Elegance","floor":21.0,"gold_loss":0.0,"damage_taken":0.0},{"damage_healed":0.0,"max_hp_gain":0.0,"max_hp_loss":0.0,"gold_gain":0.0,"event_name":"Forgotten Altar","player_choice":"Gave Idol","floor":24.0,"relics_lost":["Golden Idol"],"gold_loss":0.0,"damage_taken":0.0,"relics_obtained":["Bloody Idol"]},{"cards_removed":["Defend_P"],"damage_healed":0,"gold_gain":0,"player_choice":"Offered Basic","damage_taken":0,"max_hp_gain":0,"max_hp_loss":0,"event_name":"Bonfire Elementals","floor":36,"gold_loss":0}],"is_beta":false,"boss_relics":[{"not_picked":["Cursed Key","Velvet Choker"],"picked":"Coffee Dripper"},{"not_picked":["Black Star","Pandora\u0027s Box"],"picked":"Sozu"}],"items_purged_floors":[22,28],"is_endless":false,"potions_floor_spawned":[1,8,11,18,30,31,35,37,38,41,42,44,46,48,55],"ascension_level":20}}