{"host":"m77rrhbqzv44va4v","time":1609429452,"event":{"mods":["AchievementEnabler","BaseMod","Colored Map","DeckTracker","Keyboard Shortcuts","Minty Spire (QoL Compilation)","StSLib","SuperFastMode","everything is the same but u backflip on backflip"],"gold_per_floor":[114,114,126,142,40,75,75,85,108,140,140,150,71,91,91,196,196,209,264,281,295,315,348,348,359,359,359,2,14,14,31,31,31,31],"floor_reached":33,"playtime":990,"items_purged":["Strike_G","Strike_G"],"score":356,"play_id":"9ca387b7-8dd1-491e-aa6e-f554d68dbbb8","local_time":"20210101004412","is_ascension_mode":false,"campfire_choices":[{"data":"Noxious Fumes","floor":15,"key":"SMITH"},{"floor":24,"key":"REST"},{"floor":32,"key":"REST"}],"circlet_count":0,"master_deck":["Defend_G","Defend_G","Defend_G","Defend_G","Survivor","Neutralize","Acrobatics+1","Riddle With Holes","Backflip","PiercingWail","Footwork","Crippling Poison","Noxious Fumes+1","Bane","Catalyst","Underhanded Strike","Heel Hook","Escape Plan+1","Bite","Bite","Bite","Bite","Bite","PiercingWail","Well Laid Plans"],"relics":["Ring of the Snake","Anchor","Lantern","Oddly Smooth Stone","Sozu","Dream Catcher","Bottled Lightning","Ninja Scroll","Bottled Tornado"],"acts_visited":["Exordium","TheCity"],"potions_floor_usage":[6,10,10,12,16,16,16,18],"damage_taken":[{"damage":0,"enemies":"Jaw Worm","floor":1,"turns":5},{"damage":0,"enemies":"Cultist","floor":3,"turns":4},{"damage":0,"enemies":"Small Slimes","floor":4,"turns":4},{"damage":24,"enemies":"Gremlin Nob","floor":6,"turns":5},{"damage":0,"enemies":"Red Slaver","floor":8,"turns":5},{"damage":8,"enemies":"3 Sentries","floor":10,"turns":11},{"damage":2,"enemies":"Large Slime","floor":12,"turns":10},{"damage":1,"enemies":"Exordium Wildlife","floor":14,"turns":7},{"damage":0,"enemies":"Slime Boss","floor":16,"turns":7},{"damage":22,"enemies":"Chosen","floor":18,"turns":6},{"damage":14,"enemies":"Spheric Guardian","floor":20,"turns":5},{"damage":15,"enemies":"Snake Plant","floor":21,"turns":6},{"damage":0,"enemies":"Shelled Parasite and Fungi","floor":22,"turns":6},{"damage":6,"enemies":"Gremlin Leader","floor":23,"turns":8},{"damage":26,"enemies":"Sentry and Sphere","floor":25,"turns":6},{"damage":9,"enemies":"Snake Plant","floor":29,"turns":4},{"damage":0,"enemies":"Snecko","floor":31,"turns":5},{"damage":38,"enemies":"Champ","floor":33,"turns":9}],"seed_played":"3236785281733922467","potions_obtained":[{"floor":3,"key":"SneckoOil"},{"floor":6,"key":"LiquidBronze"},{"floor":8,"key":"SteroidPotion"},{"floor":11,"key":"Strength Potion"},{"floor":11,"key":"Fruit Juice"},{"floor":11,"key":"SkillPotion"},{"floor":14,"key":"Fire Potion"},{"floor":16,"key":"Dexterity Potion"}],"is_trial":false,"path_per_floor":["M","?","M","M","$","E","?","M","T","E","?","M","$","M","R","B",null,"M","T","M","M","M","E","R","M","T","?","$","M","?","M","R","B"],"character_chosen":"THE_SILENT","items_purchased":["PiercingWail","Noxious Fumes","Bottled Tornado"],"campfire_rested":2,"item_purchase_floors":[5,13,28],"current_hp_per_floor":[70,70,70,70,70,46,69,69,69,61,61,64,64,63,63,63,75,53,53,39,24,24,18,40,14,14,14,14,5,5,13,28,0,0],"gold":31,"neow_bonus":"REMOVE_CARD","is_daily":false,"chose_seed":false,"campfire_upgraded":1,"win_rate":0.0,"timestamp":1609429452,"path_taken":["M","?","?","M","$","E","?","M","T","E","?","M","$","M","R","BOSS","M","?","M","M","M","E","R","M","T","?","?","?","?","M","R","BOSS"],"items_purchased_type":["Card","Card","Relic"],"build_version":"2020-12-22","purchased_purges":2,"victory":false,"max_hp_per_floor":[70,70,70,70,70,70,70,70,70,70,70,75,75,75,75,75,75,75,75,75,75,75,75,75,75,75,75,75,75,52,52,52,52,52],"card_choices":[{"not_picked":["Deflect","Reflex"],"picked":"Acrobatics","floor":1},{"not_picked":["Flying Knee","Concentrate"],"picked":"Riddle With Holes","floor":3},{"not_picked":["Prepared","Underhanded Strike"],"picked":"Backflip","floor":4},{"not_picked":["Flechettes","Expertise"],"picked":"Footwork","floor":6},{"not_picked":["Dodge and Roll","Flechettes"],"picked":"Crippling Poison","floor":8},{"not_picked":["Footwork","Bullet Time","Slice"],"picked":"SKIP","floor":10},{"not_picked":["Acrobatics","Blur","Infinite Blades"],"picked":"SKIP","floor":12},{"not_picked":["Leg Sweep","Dagger Throw"],"picked":"Bane","floor":14},{"not_picked":["Footwork","Skewer"],"picked":"Catalyst","floor":18},{"not_picked":["Dagger Throw","Slice"],"picked":"Underhanded Strike","floor":20},{"not_picked":["Prepared","Catalyst","Outmaneuver+1"],"picked":"SKIP","floor":21},{"not_picked":["Dagger Spray+1","Prepared+1","Flying Knee"],"picked":"SKIP","floor":22},{"not_picked":["Noxious Fumes","Dagger Spray","Dagger Throw+1"],"picked":"SKIP","floor":23},{"not_picked":["Expertise+1","Calculated Gamble"],"picked":"Heel Hook","floor":25},{"not_picked":["Dash","Doppelganger"],"picked":"Escape Plan+1","floor":29},{"not_picked":["Backstab","Dodge and Roll"],"picked":"PiercingWail","floor":31},{"not_picked":["Noxious Fumes","Flying Knee"],"picked":"Well Laid Plans","floor":32}],"player_experience":860404,"relics_obtained":[{"floor":6,"key":"Anchor"},{"floor":9,"key":"Lantern"},{"floor":10,"key":"Oddly Smooth Stone"},{"floor":19,"key":"Dream Catcher"},{"floor":23,"key":"Bottled Lightning"}],"event_choices":[{"damage_healed":0,"gold_gain":0,"player_choice":"Forge","damage_taken":0,"max_hp_gain":0,"max_hp_loss":0,"event_name":"Accursed Blacksmith","floor":2,"gold_loss":0,"cards_upgraded":["Acrobatics"]},{"damage_healed":23,"gold_gain":0,"player_choice":"Banana","damage_taken":0,"max_hp_gain":0,"max_hp_loss":0,"event_name":"Big Fish","floor":7,"gold_loss":0},{"damage_healed":0,"gold_gain":0,"player_choice":"Got Potions","damage_taken":0,"max_hp_gain":0,"max_hp_loss":0,"event_name":"Lab","floor":11,"gold_loss":0},{"damage_healed":0,"gold_gain":0,"player_choice":"Opened","damage_taken":0,"relics_obtained":["Ninja Scroll"],"max_hp_gain":0,"max_hp_loss":0,"event_name":"The Mausoleum","floor":27,"gold_loss":0},{"damage_healed":0,"gold_gain":0,"player_choice":"Became a vampire","damage_taken":0,"max_hp_gain":0,"max_hp_loss":23,"event_name":"Vampires","floor":30,"gold_loss":0,"cards_obtained":["Bite","Bite","Bite","Bite","Bite"]}],"is_beta":false,"boss_relics":[{"not_picked":["Fusion Hammer","Empty Cage"],"picked":"Sozu"}],"items_purged_floors":[5,28],"is_endless":false,"potions_floor_spawned":[3,6,8,14,16,18,20,23,25,29],"killed_by":"Champ","ascension_level":0}}