{"host":"7mo9b2f9hhzb5x6f","time":1609406039,"event":{"mods":["2.2 Compatiblity","Act Like it!","Arknights The Spire","BaseMod","Better-Laid Plans","LazyManMod","Library of Ruina","Library of Ruina Extra","Marked Mod","Minty Spire (QoL Compilation)","MostiFishMod","Spicy Shops","StSLib","TestMod","The Alterego","The Dragon Tamer","The Hayseed","UnlockEverythingMod","Yakumo Yukari mod","【功能Mod】混沌之环修复补丁"],"gold_per_floor":[119,131,143,158,158,158,558,77,104,104,124,143,166,177,177,272,272,261,261,261,43,43,43],"floor_reached":22,"playtime":1305,"items_purged":["ats:Strike S","ats:Strike C"],"score":178,"play_id":"56cd7dad-bab5-4a95-b27e-1db03c52db58","local_time":"20201231171359","is_ascension_mode":false,"campfire_choices":[{"data":"ats:Emotion Absorption","floor":6,"key":"SMITH"},{"data":"ats:Nebulous Foxfire","floor":10,"key":"SMITH"},{"data":"dwlrmod:BlackCat","floor":15,"key":"SMITH"}],"circlet_count":0,"master_deck":["ats:Strike G","ats:Strike V","ats:Armor Crushing Shot","ats:Defend","ats:Defend","ats:Defend","ats:Defend","ats:Emotion Absorption+1","ats:Sword Rain","ats:Leaping Hammer","ats:Shell Defense","ats:Nebulous Foxfire+1","Flash of Steel","dwlrmod:BlackCat+1","ats:Echo Reverb","ats:Song Of Battle","ats:Disruption Kick","ats:Overload+1","ats:Soul Absorption"],"relics":["ats:Sanity","DaveBox","RhineFirstAidKit","SynthV:TestCard","dwlrmod:ProjectRecorder","testmod-LifeArmor","Ornamental Fan","Bag of Marbles","Odd Mushroom","testmod-Prudence","GremlinMask","ats:Gyao"],"acts_visited":["Exordium","TheCity"],"potions_floor_usage":[4],"damage_taken":[{"damage":15,"enemies":"Jaw Worm","floor":1,"turns":4},{"damage":3,"enemies":"Small Slimes","floor":2,"turns":4},{"damage":0,"enemies":"2 Louse","floor":3,"turns":3},{"damage":22,"enemies":"Looter","floor":4,"turns":4},{"damage":6,"enemies":"Red Slaver","floor":11,"turns":3},{"damage":12,"enemies":"Exordium Thugs","floor":12,"turns":7},{"damage":11,"enemies":"The Mushroom Lair","floor":13,"turns":4},{"damage":6,"enemies":"Lots of Slimes","floor":14,"turns":3},{"damage":33,"enemies":"Slime Boss","floor":16,"turns":10},{"damage":15,"enemies":"2 Thieves","floor":18,"turns":4},{"damage":15,"enemies":"Spheric Guardian","floor":19,"turns":6},{"damage":0,"enemies":"Centurion and Healer","floor":22,"turns":1}],"seed_played":"5961026426733882049","potions_obtained":[{"floor":0,"key":"SmokeBomb"},{"floor":0,"key":"LiquidMemories"},{"floor":0,"key":"Weak Potion"},{"floor":4,"key":"testmod-SpacePotion"},{"floor":18,"key":"DistilledChaos"}],"is_trial":false,"path_per_floor":["M","M","M","M","?","R","?","$","T","R","M","M","?","M","R","B",null,"M","M","?","$","M"],"character_chosen":"DOCTOR_CLASS","items_purchased":["ats:Nebulous Foxfire","Ornamental Fan","Flash of Steel","ats:Gyao","ats:Soul Absorption"],"campfire_rested":0,"item_purchase_floors":[8,8,8,21,21],"current_hp_per_floor":[57,54,54,72,69,69,69,69,69,69,66,72,64,60,60,53,72,60,50,50,50,50,50],"gold":43,"neow_bonus":"THREE_SMALL_POTIONS","is_daily":false,"chose_seed":false,"campfire_upgraded":3,"win_rate":0.0,"timestamp":1609406039,"path_taken":["M","M","M","M","?","R","?","$","T","R","M","M","?","M","R","BOSS","M","M","?","$","?"],"items_purchased_type":["Card","Relic","Card","Relic","Card"],"build_version":"2020-12-22","purchased_purges":2,"victory":false,"max_hp_per_floor":[72,72,72,72,72,72,72,72,72,72,72,72,72,72,72,72,72,72,72,72,72,72,72],"card_choices":[{"not_picked":["ats:Leaping Hammer","ats:Childhood Dance","ats:Consecutive Shot Auto"],"picked":"SKIP","floor":1},{"not_picked":["ats:Composite Medical Shells","ats:Revitalization","ats:Flexible Camouflage","ats:Assault Order"],"picked":"ats:Sword Rain","floor":2},{"not_picked":["ats:Magnetic Hammer","ats:Apocalypse","ats:Flexible Camouflage","ats:Volcano"],"picked":"ats:Leaping Hammer","floor":3},{"not_picked":["ats:Explosion Area Strengthen","ats:Rapid Magazine","ats:Hammer On","ats:Ignite"],"picked":"ats:Shell Defense","floor":4},{"not_picked":["ats:Support Order","ats:Flexible Camouflage","ats:Directed Diagnosis","ats:Shell Defense","ats:Revitalization"],"picked":"SKIP","floor":11},{"not_picked":["ats:Beaten Up","ats:True Silver Slash","ats:Poison Spread","ats:Defend Order","ats:Hammer On"],"picked":"SKIP","floor":12},{"not_picked":["dwlrmod:SpreadingPlague","dwlrmod:WhiteFrost"],"picked":"dwlrmod:BlackCat","floor":13},{"not_picked":["ats:Cat Scratch","ats:Demon Strength","ats:Apocalypse","ats:Hammer On"],"picked":"ats:Echo Reverb","floor":13},{"not_picked":["ats:Cat Scratch","ats:Neurotoxin","ats:Poison Spread","ats:Flexible Camouflage"],"picked":"ats:Song Of Battle","floor":14},{"not_picked":["ats:Nebulous Foxfire","ats:Ambush","ats:Durian","ats:Volcano"],"picked":"ats:Disruption Kick","floor":16},{"not_picked":["ats:Leaping Hammer","ats:Assault Order","ats:Red Shift","ats:Explosion Area Strengthen"],"picked":"ats:Overload+1","floor":18},{"not_picked":["ats:Hook Shot","ats:Powerful Strike","ats:Charging Defense+1","ats:Leaping Hammer","ats:Hammer On+1"],"picked":"SKIP","floor":19}],"player_experience":83048,"relics_obtained":[{"floor":1,"key":"SynthV:TestCard"},{"floor":1,"key":"dwlrmod:ProjectRecorder"},{"floor":9,"key":"Bag of Marbles"},{"floor":13,"key":"Odd Mushroom"}],"event_choices":[{"damage_healed":0,"gold_gain":0,"player_choice":"Success","damage_taken":3,"relics_obtained":["testmod-LifeArmor"],"max_hp_gain":0,"max_hp_loss":0,"event_name":"Scrap Ooze","floor":5,"gold_loss":0},{"damage_healed":0,"gold_gain":400,"player_choice":"Sell","damage_taken":0,"max_hp_gain":0,"max_hp_loss":0,"event_name":"恩洛斯的盘子","floor":7,"relics_lost":["testmod-TestBox"],"gold_loss":0},{"damage_healed":0,"gold_gain":0,"player_choice":"Fought Mushrooms","damage_taken":0,"max_hp_gain":0,"max_hp_loss":0,"event_name":"Mushrooms","floor":13,"gold_loss":0},{"damage_healed":0,"gold_gain":0,"player_choice":"Trade","damage_taken":0,"relics_obtained":["GremlinMask"],"max_hp_gain":0,"max_hp_loss":0,"event_name":"FaceTrader","floor":20,"gold_loss":0}],"is_beta":false,"boss_relics":[{"not_picked":["SacredBark","ExusiaiGun"],"picked":"testmod-Prudence"}],"items_purged_floors":[8,21],"is_endless":false,"potions_floor_spawned":[2,3,4,12,18],"killed_by":"Centurion and Healer","ascension_level":0}}