{"host":"cm56dopeulr50jn0","time":1609383844,"event":{"mods":["BaseMod","Bestiary","Better Match","Better Third Choice","Downfall","Minty Spire (QoL Compilation)","Relic Stats","StSLib"],"gold_per_floor":[116,136,148,14,164,198,244,254,254,283,283,283,294,328,328,427,427,445,465,565,565,41,60,60,70,70,70,70,83,112,143,80,187,199,226,252,264,291,303,51,78,3,3,19,29,46,135,135,60,60,60,94,15,15,15],"floor_reached":56,"playtime":6745,"items_purged":["Slimebound:Icky","Guardian:Aged"],"score":1703,"play_id":"2e4facbd-f5e2-40ec-89b0-9789a050ec9f","local_time":"20201230190404","is_ascension_mode":true,"campfire_choices":[{"data":"Guardian:DonusPower","floor":9,"key":"SMITH"},{"floor":12,"key":"REST"},{"floor":15,"key":"REST"},{"floor":26,"key":"REST"},{"floor":32,"key":"REST"},{"floor":42,"key":"RECALL"},{"data":"Guardian:Emergency","floor":49,"key":"SMITH"},{"floor":54,"key":"REST"}],"circlet_count":0,"master_deck":["AscendersBane","Guardian:Strike_Guardian","Guardian:Strike_Guardian","Guardian:Defend_Guardian","Guardian:Defend_Guardian","Guardian:Defend_Guardian","Guardian:Defend_Guardian","Guardian:TwinSlam","Guardian:PolyBeam","Guardian:FloatingOrbs","Guardian:WalkerClaw","Guardian:DonusPower+1","Guardian:Recover","Guardian:PrismaticBeam","Guardian:Orbwalk","Guardian:PolyBeam","Guardian:GemFinder","Guardian:PolyBeam","Guardian:TemporalShield","Guardian:ArmoredProtocol","Guardian:BronzeArmor","Guardian:FloatingOrbs","Guardian:DonusPower","Regret","Guardian:ShieldCharger+1","Guardian:BronzeArmor","Guardian:BronzeArmor+1","Guardian:StasisStrike","Guardian:PrismaticBarrier+1","Guardian:PrismaticBarrier","Guardian:StasisEngine","Guardian:PiercingHide+1","Guardian:Harden+1","Guardian:Repulse+1","Guardian:TimeCapacitor","Guardian:Emergency+1","Guardian:Aged","Guardian:Suspension","Guardian:Reroute"],"relics":["Guardian:ModeShifter","Boot","Art of War","Juzu Bracelet","Sundial","Cursed Key","MutagenicStrength","Thread and Needle","Pear","MawBank","downfall:HeartBlessingGreen","Guardian:StasisSlotReductionRelic","Kunai","downfall:HeartBlessingBlue","Lee\u0027s Waffle","Guardian:StasisEgg","downfall:HeartBlessingRed","Blood Vial"],"acts_visited":["Exordium","TheCity","TheBeyond","TheEnding"],"potions_floor_usage":[6,10,10,13,18,23,25,30,33,55,55],"damage_taken":[{"damage":8,"enemies":"2 Louse","floor":1,"turns":3},{"damage":1,"enemies":"Cultist","floor":2,"turns":4},{"damage":0,"enemies":"Small Slimes","floor":3,"turns":5},{"damage":5,"enemies":"downfall:FleeingMerchant","floor":4,"turns":4},{"damage":22,"enemies":"3 Sentries","floor":6,"turns":7},{"damage":3,"enemies":"Blue Slaver","floor":8,"turns":4},{"damage":10,"enemies":"Gremlin Nob","floor":10,"turns":4},{"damage":11,"enemies":"Lots of Slimes","floor":13,"turns":3},{"damage":22,"enemies":"3 Sentries","floor":14,"turns":7},{"damage":43,"enemies":"downfall:Silent","floor":16,"turns":9},{"damage":4,"enemies":"Chosen","floor":18,"turns":4},{"damage":18,"enemies":"Sentry and Sphere","floor":19,"turns":4},{"damage":36,"enemies":"downfall:Augmenter","floor":20,"turns":4},{"damage":1,"enemies":"downfall:FleeingMerchant","floor":22,"turns":4},{"damage":8,"enemies":"Snake Plant","floor":23,"turns":3},{"damage":3,"enemies":"3 Cultists","floor":25,"turns":3},{"damage":8,"enemies":"Centurion and Healer","floor":29,"turns":6},{"damage":4,"enemies":"Book of Stabbing","floor":30,"turns":5},{"damage":1,"enemies":"Cultist and Chosen","floor":31,"turns":4},{"damage":25,"enemies":"downfall:Watcher","floor":33,"turns":8},{"damage":3,"enemies":"3 Shapes","floor":35,"turns":3},{"damage":0,"enemies":"Orb Walker","floor":36,"turns":3},{"damage":33,"enemies":"Jaw Worm Horde","floor":38,"turns":6},{"damage":10,"enemies":"downfall:FleeingMerchant","floor":40,"turns":4},{"damage":4,"enemies":"Sphere and 2 Shapes","floor":44,"turns":4},{"damage":1,"enemies":"Writhing Mass","floor":45,"turns":5},{"damage":17,"enemies":"3 Darklings","floor":46,"turns":7},{"damage":0,"enemies":"downfall:FleeingMerchant","floor":47,"turns":3},{"damage":15,"enemies":"downfall:Defect","floor":50,"turns":7},{"damage":19,"enemies":"downfall:CharBossMerchant","floor":52,"turns":9},{"damage":13,"enemies":"downfall:NeowBoss","floor":55,"turns":15}],"seed_played":"-5431396023395840660","potions_obtained":[{"floor":3,"key":"PowerPotion"},{"floor":6,"key":"Ancient Potion"},{"floor":10,"key":"Guardian:AcceleratePotion"},{"floor":16,"key":"Fire Potion"},{"floor":19,"key":"Guardian:AcceleratePotion"},{"floor":23,"key":"PowerPotion"},{"floor":25,"key":"DistilledChaos"},{"floor":30,"key":"Ancient Potion"},{"floor":36,"key":"LiquidBronze"}],"is_trial":false,"path_per_floor":["M","M","M","$","?","E","T","M","R","E","?","R","M","E","R","B",null,"M","M","?","?","$","M","T","M","R","?","?","M","E","M","R","B",null,"M","M","?","M","?","$","T","R","?","M","M","M","?","?","R","B",null,"E","$","R","B",null],"character_chosen":"GUARDIAN","items_purchased":["Guardian:DonusPower","SteroidPotion","Thread and Needle","Block Potion","Guardian:FloatingOrbs","Kunai","Lee\u0027s Waffle","Guardian:Reroute","PowerPotion"],"campfire_rested":5,"item_purchase_floors":[4,4,22,22,22,40,47,53,53],"current_hp_per_floor":[72,71,71,66,66,44,44,41,41,31,31,57,46,24,50,7,68,64,46,10,10,9,1,11,8,37,37,37,29,25,24,53,28,81,78,78,78,45,86,76,76,86,86,82,81,64,103,103,103,88,99,80,80,103,90],"gold":15,"neow_bonus":"TEN_PERCENT_HP_BONUS","is_daily":false,"chose_seed":false,"campfire_upgraded":2,"win_rate":0.0,"timestamp":1609383844,"path_taken":["M","M","M","$","?","E","T","M","R","E","?","R","M","E","R","BOSS","M","M","?","?","$","M","T","M","R","?","?","M","E","M","R","BOSS","M","M","?","M","?","$","T","R","?","M","M","M","?","?","R","BOSS","E","$","R","BOSS"],"items_purchased_type":["Card","Potion","Relic","Potion","Card","Relic","Relic","Card","Potion"],"build_version":"2020-12-22","purchased_purges":2,"victory":true,"max_hp_per_floor":[88,88,88,88,88,88,88,88,88,88,88,88,88,88,88,88,88,88,88,88,88,88,88,98,98,98,98,98,98,98,98,98,98,98,98,98,98,98,86,86,86,96,96,96,96,96,103,103,103,103,103,103,103,103,103],"relic_stats":{"Blood Vial":0,"Lee\u0027s Waffle":39,"counters":[31,161],"Sundial":[8],"Art of War":[7],"Juzu Bracelet":2,"Kunai":[40],"Boot":[284],"Cursed Key":2,"MawBank":120,"obtain_stats":[{"Guardian:StasisSlotReductionRelic":34,"Lee\u0027s Waffle":47,"Pear":24,"downfall:HeartBlessingRed":49,"Guardian:StasisEgg":48,"Guardian:ModeShifter":0,"Thread and Needle":22,"downfall:HeartBlessingGreen":32,"Juzu Bracelet":10,"Boot":6,"Cursed Key":17,"MawBank":30,"Blood Vial":52,"Sundial":14,"downfall:HeartBlessingBlue":42,"MutagenicStrength":20,"Art of War":7,"Kunai":40},{"Guardian:StasisSlotReductionRelic":20,"Lee\u0027s Waffle":28,"Pear":15,"downfall:HeartBlessingRed":28,"Guardian:StasisEgg":28,"Guardian:ModeShifter":0,"Thread and Needle":14,"downfall:HeartBlessingGreen":19,"Juzu Bracelet":7,"Boot":5,"Cursed Key":10,"MawBank":18,"Blood Vial":30,"Sundial":9,"downfall:HeartBlessingBlue":24,"MutagenicStrength":13,"Art of War":5,"Kunai":24},{"Guardian:StasisSlotReductionRelic":95,"Lee\u0027s Waffle":130,"Pear":69,"downfall:HeartBlessingRed":130,"Guardian:StasisEgg":130,"Guardian:ModeShifter":0,"Thread and Needle":66,"downfall:HeartBlessingGreen":87,"Juzu Bracelet":31,"Boot":23,"Cursed Key":50,"MawBank":83,"Blood Vial":146,"Sundial":41,"downfall:HeartBlessingBlue":111,"MutagenicStrength":62,"Art of War":23,"Kunai":111}]},"card_choices":[{"not_picked":["Guardian:Gem_Cyan","Guardian:Planning"],"picked":"Guardian:PolyBeam","floor":1},{"not_picked":["Guardian:TemporalStrike","Guardian:Preprogram"],"picked":"Guardian:FloatingOrbs","floor":2},{"not_picked":["Guardian:Suspension","Guardian:WalkerClaw"],"picked":"Guardian:Gem_Red","floor":3},{"not_picked":["Guardian:Incinerate","Guardian:PiercingHide"],"picked":"Guardian:WalkerClaw","floor":4},{"not_picked":["Guardian:MultiBeam","Guardian:FastForward"],"picked":"Guardian:Recover","floor":6},{"not_picked":["Guardian:TemporalStrike","Guardian:ChargeCore"],"picked":"Guardian:PrismaticBeam","floor":8},{"not_picked":["Guardian:Recover","Guardian:Incinerate"],"picked":"Guardian:Orbwalk","floor":10},{"not_picked":["Guardian:WalkerClaw","Guardian:Planning"],"picked":"Guardian:Gem_Cyan","floor":13},{"not_picked":["Guardian:Gem_Green","Guardian:EvasiveProtocol"],"picked":"Guardian:PolyBeam","floor":14},{"not_picked":["Guardian:StasisStrike","Guardian:ConstructionForm"],"picked":"Guardian:GemFinder","floor":16},{"not_picked":["Guardian:Gem_Green","Guardian:Gem_Cyan"],"picked":"Guardian:Gem_Red","floor":18},{"not_picked":["Guardian:Gem_Fragmented","Guardian:TemporalShield"],"picked":"Guardian:Gem_Blue","floor":18},{"not_picked":["Guardian:Gem_Lightblue","Guardian:Gem_Cyan"],"picked":"Guardian:Gem_Green","floor":19},{"not_picked":["Guardian:Recover","Guardian:TemporalShield"],"picked":"Guardian:PolyBeam","floor":19},{"not_picked":["Guardian:Suspension","Guardian:CrystalBeam+1"],"picked":"Guardian:BronzeArmor","floor":20},{"not_picked":["Guardian:WalkerClaw","Guardian:TemporalStrike+1"],"picked":"Guardian:Gem_Green","floor":22},{"not_picked":["Guardian:Planning","Guardian:EvasiveProtocol"],"picked":"Guardian:DonusPower","floor":23},{"not_picked":["Guardian:VentSteam+1","Guardian:Gem_Green"],"picked":"Guardian:ShieldCharger+1","floor":25},{"not_picked":["Guardian:Gem_Lightblue","Guardian:Gem_Red"],"picked":"Guardian:Gem_Cyan","floor":29},{"not_picked":["Guardian:Planning","Guardian:TemporalShield"],"picked":"Guardian:BronzeArmor","floor":29},{"not_picked":["Guardian:ShieldCharger","Guardian:PrimingBeam"],"picked":"Guardian:BronzeArmor+1","floor":30},{"not_picked":["Guardian:TemporalStrike","Guardian:Incinerate+1"],"picked":"Guardian:Gem_Fragmented","floor":31},{"not_picked":["Guardian:Gem_Lightblue","Guardian:Gem_Green"],"picked":"Guardian:Gem_Red","floor":33},{"not_picked":["Guardian:ExploitGems","Guardian:FierceBash"],"picked":"Guardian:StasisStrike","floor":33},{"not_picked":["Guardian:WalkerClaw","Guardian:Recover"],"picked":"Guardian:PrismaticBarrier+1","floor":35},{"not_picked":["Guardian:Gem_Red","Guardian:Gem_Green"],"picked":"Guardian:Gem_Cyan","floor":35},{"not_picked":["Guardian:Gem_Red","Guardian:Gem_Lightblue"],"picked":"Guardian:Gem_Green","floor":36},{"not_picked":["Guardian:Gem_Red","Guardian:Repulse+1"],"picked":"Guardian:PrismaticBarrier","floor":36},{"not_picked":["Guardian:PrimingBeam","Guardian:Incinerate"],"picked":"Guardian:StasisEngine","floor":38},{"not_picked":["Guardian:VentSteam+1","Guardian:WalkerClaw+1"],"picked":"Guardian:PiercingHide+1","floor":40},{"not_picked":["Guardian:TemporalStrike","Guardian:PiercingHide"],"picked":"Guardian:Harden+1","floor":44},{"not_picked":["Guardian:Suspension","Guardian:Clone+1"],"picked":"Guardian:Repulse+1","floor":45},{"not_picked":["Guardian:Gem_Green","Guardian:Gem_Red"],"picked":"Guardian:Gem_Lightblue","floor":45},{"not_picked":["Guardian:Planning","Guardian:VentSteam"],"picked":"Guardian:TimeCapacitor","floor":46},{"not_picked":["Guardian:Gem_Green","Guardian:Gem_Lightblue"],"picked":"Guardian:Gem_Cyan","floor":46},{"not_picked":["Guardian:CrystalBeam","Guardian:Gem_Red"],"picked":"Guardian:Emergency","floor":47},{"not_picked":["Guardian:WalkerClaw","Guardian:PolyBeam"],"picked":"Guardian:Suspension","floor":52},{"not_picked":["Guardian:Gem_Lightblue","Guardian:Gem_Green"],"picked":"Guardian:Gem_Red","floor":52}],"player_experience":1409106,"relics_obtained":[{"floor":6,"key":"Boot"},{"floor":7,"key":"Art of War"},{"floor":10,"key":"Juzu Bracelet"},{"floor":14,"key":"Sundial"},{"floor":20,"key":"MutagenicStrength"},{"floor":24,"key":"Pear"},{"floor":30,"key":"MawBank"},{"floor":52,"key":"Blood Vial"}],"event_choices":[{"damage_healed":0,"gold_gain":0,"player_choice":"Ignored","damage_taken":0,"max_hp_gain":0,"max_hp_loss":0,"event_name":"Ghosts","floor":27,"gold_loss":0},{"cards_removed":["Guardian:CurlUp"],"damage_healed":0,"gold_gain":0,"player_choice":"Removed Skill","damage_taken":0,"max_hp_gain":0,"max_hp_loss":0,"event_name":"Falling","floor":37,"gold_loss":0}],"is_beta":false,"boss_relics":[{"not_picked":["Runic Pyramid","Calling Bell"],"picked":"Cursed Key"},{"not_picked":["Philosopher\u0027s Stone","Empty Cage"],"picked":"Guardian:StasisSlotReductionRelic"}],"items_purged_floors":[22,47],"is_endless":false,"potions_floor_spawned":[3,6,10,16,19,23,25,30,36,38,45,52],"ascension_level":11}}