{"host":"ff0k6g9g9j8o52vm","time":1609382981,"event":{"mods":["AchievementEnabler","Aspiration","Astrologer","BaseMod","Beaked The Cultist","Better Altar","Better Note","Better Sensory Stone","Better Skull","Better Third Choice","Colored Map","Colored Powertips","Curses Come First","Downfall","Energized Spire","GifTheSpireLib","Gremlin Mod","Hermit","Highlight Path","Hubris","Infinite Spire","Jorbs\u0027s Wanderer Trilogy","Koishi","Marisa????????","Minty Spire (QoL Compilation)","Quick Restart","Random Character Button","Replay The Spire","Robot Space Explorer","Shade Mod","Somnambulant","StSLib","The Bug Knight","The Clintock","The Construct","The Cursed","The Disciple","The Dragon Tamer","The Forsaken","The Gatherer","The Hayseed","The Hierophant","The Judge","The Jungle","The Marked","The Mystic","The Necromancer","The Poker Player","The Runesmith","The Sage","The Saiyan","The Senshi","The Servant 0.9.4","The Wild Card","TheArtist","Wandering Minibosses","Yuri Mod","vexMod"],"gold_per_floor":[115,135,152,168,182,200,200,214,214,214,244,256,256,276,276,379,379,397,397,410,410,430,430,449,424,424,442,442,442,460,473,473,575,575,589,606,131,146,146,146],"floor_reached":39,"playtime":5505,"items_purged":["hermit:Strike_Hermit","hermit:Strike_Hermit"],"score":418,"play_id":"66c7fa66-f202-48ac-a69f-63d5f332eb54","local_time":"20201230184941","is_ascension_mode":false,"campfire_choices":[{"data":"hermit:Magnum","floor":7,"key":"SMITH"},{"data":"hermit:TakeCover","floor":10,"key":"SMITH"},{"floor":13,"key":"REST"},{"floor":15,"key":"REST"},{"floor":29,"key":"REST"},{"floor":32,"key":"REST"}],"circlet_count":0,"master_deck":["hermit:Strike_Hermit","hermit:Defend_Hermit","hermit:Defend_Hermit","hermit:Defend_Hermit","hermit:Defend_Hermit","hermit:Snapshot","hermit:Covet","hermit:Snipe","hermit:TakeCover+1","hermit:Quickdraw","hermit:Glare","hermit:Magnum+1","hermit:EyeOfTheStorm","hermit:Vantage","hermit:Enervate","hermit:Headshot","hermit:FatalDesire","hermit:CalledShot","hermit:Snipe+1","hermit:Determination","ReplayTheSpireMod:Haul","hermit:CalledShot","hermit:Scavenge","hermit:ShadowCloak","hermit:HeroicBravado","hermit:CalledShot+1","Transmutation","hermit:TakeAim"],"relics":["hermit:Momento","Replay:WaspNest","infinitespire:ShieldingShard","aspiration:PoetsPen_weak","aspiration:Lifesprig","construct:Challenge4","vexMod:InvisibilityCloak","theJungle:BirthdayCakeSlice","Philosopher\u0027s Stone","Chemical X"],"acts_visited":["Exordium","Exordium","TheBeyond"],"potions_floor_usage":[11,14,16,16,22,27,35,38,38],"damage_taken":[{"damage":0,"enemies":"2 Louse","floor":1,"turns":2},{"damage":11,"enemies":"Jaw Worm","floor":2,"turns":4},{"damage":10,"enemies":"Small Slimes","floor":3,"turns":4},{"damage":0,"enemies":"Gremlin Gang","floor":4,"turns":5},{"damage":5,"enemies":"Large Slime","floor":5,"turns":5},{"damage":0,"enemies":"Looter","floor":6,"turns":3},{"damage":5,"enemies":"3 Louse","floor":8,"turns":5},{"damage":21,"enemies":"Lagavulin","floor":11,"turns":8},{"damage":0,"enemies":"Large Slime","floor":12,"turns":6},{"damage":10,"enemies":"Red Slaver","floor":14,"turns":3},{"damage":37,"enemies":"Slime Boss","floor":16,"turns":13},{"damage":0,"enemies":"theJungle:GiantWrat","floor":18,"turns":3},{"damage":16,"enemies":"theJungle:Flameango_and_Byrd","floor":20,"turns":4},{"damage":14,"enemies":"theJungle:Lyon","floor":22,"turns":4},{"damage":23,"enemies":"theJungle:2_Snecko_Cultists","floor":24,"turns":4},{"damage":11,"enemies":"theJungle:Snecko_Cultist_And_Trap","floor":27,"turns":3},{"damage":18,"enemies":"theJungle:Lyon","floor":30,"turns":4},{"damage":5,"enemies":"theJungle:2_Snecko_Cultists","floor":31,"turns":3},{"damage":4,"enemies":"theJungle:FunGuy","floor":33,"turns":7},{"damage":2,"enemies":"3 Darklings","floor":35,"turns":6},{"damage":18,"enemies":"3 Shapes","floor":36,"turns":4},{"damage":54,"enemies":"4 Shapes","floor":38,"turns":5},{"damage":20,"enemies":"3 Darklings","floor":39,"turns":5}],"seed_played":"2891282335691436474","potions_obtained":[{"floor":4,"key":"Weak Potion"},{"floor":5,"key":"Weak Potion"},{"floor":12,"key":"SkillPotion"},{"floor":14,"key":"BlessingOfTheForge"},{"floor":18,"key":"Dexterity Potion"},{"floor":22,"key":"Fruit Juice"},{"floor":24,"key":"hexamod:EctoCoolerPotion"},{"floor":33,"key":"PowerPotion"},{"floor":36,"key":"Languid Potion"}],"is_trial":false,"path_per_floor":["M","M","M","M","M","M","R","M","T","R","E","M","R","M","R","B",null,"M","?","M","?","M","AVR","M","?","T","M","?","R","M","M","R","B",null,"M","M","$","M","M"],"character_chosen":"HERMIT","items_purchased":["Transmutation","Chemical X","DistilledChaos"],"campfire_rested":4,"item_purchase_floors":[37,37,37],"current_hp_per_floor":[82,71,61,61,56,56,56,51,51,51,30,30,54,44,68,31,82,82,82,66,66,57,57,34,34,34,23,28,55,37,32,59,55,92,90,72,72,18,0,0],"gold":146,"neow_bonus":"TEN_PERCENT_HP_BONUS","is_daily":false,"chose_seed":false,"campfire_upgraded":2,"win_rate":0.0,"timestamp":1609382981,"path_taken":["M","M","M","M","M","M","R","M","T","R","E","M","R","M","R","BOSS","M","?","M","?","?","AVR","M","?","T","?","?","R","M","M","R","BOSS","M","M","$","M","M"],"items_purchased_type":["Card","Relic","Potion"],"build_version":"2020-12-22","purchased_purges":2,"victory":false,"max_hp_per_floor":[82,82,82,82,82,82,82,82,82,82,82,82,82,82,82,82,82,82,82,82,82,87,87,87,87,87,87,92,92,92,92,92,92,92,92,92,92,92,92,92],"card_choices":[{"not_picked":["hermit:Desperado","hermit:Headshot"],"picked":"hermit:Snipe","floor":1},{"not_picked":["hermit:HoleUp","hermit:Roulette"],"picked":"hermit:TakeCover","floor":2},{"not_picked":["hermit:Roulette","hermit:CalledShot"],"picked":"hermit:Quickdraw","floor":3},{"not_picked":["hermit:Manifest","hermit:TrackingShot"],"picked":"hermit:Glare","floor":4},{"not_picked":["hermit:FullyLoaded","hermit:Coalescence"],"picked":"hermit:Magnum","floor":5},{"not_picked":["hermit:Grudge","hermit:Glare"],"picked":"hermit:EyeOfTheStorm","floor":6},{"not_picked":["hermit:Glare","hermit:Coalescence"],"picked":"hermit:Vantage","floor":8},{"not_picked":["hermit:OverwhelmingPower","hermit:Grudge"],"picked":"hermit:Enervate","floor":11},{"not_picked":["hermit:HoleUp","hermit:DeadMansHand","hermit:Desperado"],"picked":"SKIP","floor":12},{"not_picked":["hermit:CalledShot","hermit:WideOpen"],"picked":"hermit:Headshot","floor":14},{"not_picked":["hermit:FromBeyond","hermit:Adapt"],"picked":"hermit:FatalDesire","floor":16},{"not_picked":["hermit:Showdown","hermit:TrackingShot"],"picked":"hermit:CalledShot","floor":18},{"not_picked":["hermit:Cheat","hermit:Adapt"],"picked":"hermit:Snipe+1","floor":20},{"not_picked":["hermit:SprayPray+1","hermit:WideOpen+1"],"picked":"hermit:Determination","floor":22},{"not_picked":["hermit:Quickdraw","hermit:EyeOfTheStorm"],"picked":"hermit:CalledShot","floor":24},{"not_picked":["hermit:PistolWhip","hermit:Spite"],"picked":"hermit:Scavenge","floor":27},{"not_picked":["hermit:Misfire","hermit:Feint","hermit:Vantage"],"picked":"SKIP","floor":30},{"not_picked":["hermit:ItchyTrigger","hermit:Vantage"],"picked":"hermit:ShadowCloak","floor":31},{"not_picked":["hermit:HighNoon","hermit:FatalDesire"],"picked":"hermit:HeroicBravado","floor":33},{"not_picked":["hermit:ItchyTrigger","hermit:FullyLoaded+1"],"picked":"hermit:CalledShot+1","floor":35},{"not_picked":["hermit:SprayPray+1","hermit:Brawl+1","hermit:Shortfuse+1"],"picked":"SKIP","floor":36},{"not_picked":["hermit:SprayPray","hermit:BodyArmor+1"],"picked":"hermit:TakeAim","floor":38}],"player_experience":917833,"relics_obtained":[{"floor":9,"key":"Replay:WaspNest"},{"floor":11,"key":"infinitespire:ShieldingShard"},{"floor":26,"key":"vexMod:InvisibilityCloak"}],"event_choices":[{"cards_removed":["hermit:Strike_Hermit"],"damage_healed":0,"gold_gain":0,"player_choice":"Purged","damage_taken":0,"max_hp_gain":0,"max_hp_loss":0,"event_name":"Purifier","floor":19,"gold_loss":0},{"cards_removed":["hermit:Strike_Hermit"],"damage_healed":0,"gold_gain":0,"player_choice":"Give","damage_taken":0,"max_hp_gain":0,"max_hp_loss":0,"event_name":"betterNote:BetterNote","floor":21,"gold_loss":0,"cards_obtained":["TheSimpletonMod:Strike_TheSimpleton"]}],"is_beta":false,"boss_relics":[{"not_picked":["vexMod:CursedCompass","Replay:Fungal Core"],"picked":"aspiration:PoetsPen_weak"},{"not_picked":["hubris:VirtuousBlindfold","hubris:BlackHole"],"picked":"Philosopher\u0027s Stone"}],"items_purged_floors":[23,37],"is_endless":false,"potions_floor_spawned":[4,5,12,14,18,22,24,33,36],"killed_by":"3 Darklings","ascension_level":0}}