{"host":"4axoa1rfjgnprp9l","time":1609424374,"event":{"mods":["2.2 Compatiblity","AchievementEnabler","BaseMod","Colored Map","DeckTracker","Highlight Path","Minty Spire (QoL Compilation)","Permanent Neow","StSLib","SuperFastMode"],"gold_per_floor":[16,28,39,49,99,133,150,150,150,160,174,174,189,209,209,209,209],"floor_reached":16,"playtime":494,"items_purged":[],"score":216,"play_id":"3490abd4-4742-48c5-b664-1fae407e0b99","local_time":"20201231231934","is_ascension_mode":true,"campfire_choices":[{"data":"Blade Dance","floor":12.0,"key":"SMITH"},{"data":"Calculated Gamble","floor":15.0,"key":"SMITH"}],"circlet_count":0,"master_deck":["AscendersBane","Strike_G","Strike_G","Strike_G","Strike_G","Strike_G","Defend_G","Defend_G","Defend_G","Defend_G","Defend_G","Survivor","Neutralize","Dagger Spray","Backflip","Blade Dance+1","Reflex","Blur","Calculated Gamble+1","PiercingWail"],"relics":["Ring of the Snake","Dead Branch","Matryoshka","Mummified Hand","Oddly Smooth Stone","Letter Opener"],"acts_visited":["Exordium"],"potions_floor_usage":[16],"damage_taken":[{"damage":0.0,"enemies":"2 Louse","floor":1.0,"turns":2.0},{"damage":4.0,"enemies":"Cultist","floor":2.0,"turns":4.0},{"damage":0.0,"enemies":"Small Slimes","floor":3.0,"turns":4.0},{"damage":7.0,"enemies":"Exordium Thugs","floor":4.0,"turns":5.0},{"damage":14.0,"enemies":"3 Sentries","floor":6.0,"turns":6.0},{"damage":0.0,"enemies":"2 Fungi Beasts","floor":7.0,"turns":2.0},{"damage":12.0,"enemies":"Large Slime","floor":10.0,"turns":7.0},{"damage":2.0,"enemies":"3 Louse","floor":11.0,"turns":2.0},{"damage":0.0,"enemies":"Gremlin Gang","floor":13.0,"turns":2.0},{"damage":0.0,"enemies":"Looter","floor":14.0,"turns":3.0},{"damage":24,"enemies":"The Guardian","floor":16,"turns":4}],"seed_played":"6703014410152583473","potions_obtained":[{"floor":3.0,"key":"Fire Potion"},{"floor":7.0,"key":"DuplicationPotion"},{"floor":11.0,"key":"SteroidPotion"},{"floor":13.0,"key":"LiquidMemories"}],"is_trial":false,"path_per_floor":["M","M","M","M","?","E","M","?","T","M","M","R","M","M","R","B"],"character_chosen":"THE_SILENT","items_purchased":[],"campfire_rested":0,"item_purchase_floors":[],"current_hp_per_floor":[59,55,55,48,48,34,34,34,34,22,20,20,20,20,20,0,0],"gold":209,"neow_bonus":"ONE_RARE_RELIC","is_daily":false,"chose_seed":false,"campfire_upgraded":2,"win_rate":0.0,"timestamp":1609424374,"path_taken":["M","M","M","M","?","E","?","?","T","M","M","R","M","M","R","BOSS"],"items_purchased_type":[],"build_version":"2020-12-22","purchased_purges":0,"victory":false,"max_hp_per_floor":[66,66,66,66,66,66,66,66,66,66,66,66,66,66,66,66,66],"card_choices":[{"not_picked":["Dagger Throw","Bane"],"picked":"Dagger Spray","floor":1.0},{"not_picked":["Riddle With Holes","Bouncing Flask"],"picked":"Backflip","floor":2.0},{"not_picked":["Leg Sweep","Endless Agony"],"picked":"Blade Dance","floor":3.0},{"not_picked":["Dagger Throw","Outmaneuver"],"picked":"Infinite Blades","floor":4.0},{"not_picked":["Endless Agony","Acrobatics","Doppelganger"],"picked":"SKIP","floor":6.0},{"not_picked":["Outmaneuver","Crippling Poison"],"picked":"Reflex","floor":7.0},{"not_picked":["Reflex","Dagger Spray"],"picked":"Blur","floor":10.0},{"not_picked":["Heel Hook","Predator"],"picked":"Calculated Gamble","floor":11.0},{"not_picked":["Riddle With Holes","Skewer"],"picked":"PiercingWail","floor":13.0},{"not_picked":["Poisoned Stab","Bane","Dagger Spray"],"picked":"SKIP","floor":14.0}],"player_experience":762603,"relics_obtained":[{"floor":6.0,"key":"Matryoshka"},{"floor":9.0,"key":"Oddly Smooth Stone"},{"floor":9.0,"key":"Letter Opener"}],"event_choices":[{"damage_healed":0.0,"max_hp_gain":0.0,"max_hp_loss":0.0,"gold_gain":50.0,"event_name":"Golden Shrine","player_choice":"Pray","floor":5.0,"gold_loss":0.0,"damage_taken":0.0},{"cards_removed":["Infinite Blades"],"damage_healed":0.0,"max_hp_gain":0.0,"max_hp_loss":0.0,"gold_gain":0.0,"event_name":"WeMeetAgain","player_choice":"Gave Card","floor":8.0,"gold_loss":0.0,"damage_taken":0.0,"relics_obtained":["Mummified Hand"]}],"is_beta":false,"boss_relics":[],"items_purged_floors":[],"is_endless":false,"potions_floor_spawned":[3,7,11,13],"killed_by":"The Guardian","ascension_level":20}}