{"host":"vmo6qas4tfa0p776","time":1609449113,"event":{"mods":["AchievementEnabler","BaseMod","Bestiary","Better Altar","Better Match","Better Note","Better Sensory Stone","Better Skull","Better Third Choice","Colored Map","Downfall","Minty Spire (QoL Compilation)","Relic Stats","Robot Space Explorer","Spicy Shops","StSLib","The Marked"],"gold_per_floor":[99,99,99,99,11,11,11,40,53,53,69,98,98,124,136,136,136],"floor_reached":16,"playtime":827,"items_purged":[],"score":141,"play_id":"d2292d64-d736-4605-9964-90bc026d9bec","local_time":"20201231161153","is_ascension_mode":false,"campfire_choices":[{"data":"sneckomod:SnekBite","floor":1,"key":"SMITH"},{"data":"sneckomod:WideSting","floor":10,"key":"SMITH"},{"floor":13,"key":"REST"}],"circlet_count":0,"master_deck":["sneckomod:Strike","sneckomod:Strike","sneckomod:Strike","sneckomod:Defend","sneckomod:Defend","sneckomod:Defend+1","sneckomod:TailWhip+1","sneckomod:SnekBite+1","sneckomod:Unknown","sneckomod:Unknown+1","sneckomod:IronFang+1","Regret","sneckomod:Unknown2Cost","sneckomod:DiceBoulder","sneckomod:WideSting","sneckomod:RainOfDice","sneckomod:UnlimitedRolls","sneckomod:UnknownClassBLUE","sneckomod:WideSting+1","sneckomod:DiceBoulder","sneckomod:Unknown1Cost","sneckomod:Mudshield","sneckomod:Transmogrify","sneckomod:SoulDraw","sneckomod:SnakeSap"],"relics":["sneckomod:SneckoSoul","downfall:HeartsMalice","Meat on the Bone","Prayer Wheel","Mango"],"acts_visited":["Exordium"],"potions_floor_usage":[12,12],"damage_taken":[{"damage":0,"enemies":"2 Louse","floor":2,"turns":1},{"damage":0,"enemies":"downfall:FleeingMerchant","floor":5,"turns":1},{"damage":0,"enemies":"Small Slimes","floor":6,"turns":1},{"damage":16,"enemies":"Lagavulin","floor":8,"turns":5},{"damage":6,"enemies":"Cultist","floor":9,"turns":3},{"damage":1,"enemies":"Large Slime","floor":11,"turns":2},{"damage":15,"enemies":"3 Sentries","floor":12,"turns":5},{"damage":68,"enemies":"Lagavulin","floor":14,"turns":6},{"damage":20,"enemies":"3 Louse","floor":15,"turns":3},{"damage":83,"enemies":"downfall:Silent","floor":16,"turns":8}],"seed_played":"-3505820961988069278","potions_obtained":[{"floor":8,"key":"Ancient Potion"},{"floor":9,"key":"Energy Potion"},{"floor":11,"key":"Block Potion"},{"floor":15,"key":"Guardian:BlockOnCardUsePotion"}],"is_trial":false,"path_per_floor":["R","M","?","?","$","M","T","E","M","R","M","E","R","E","M","B"],"character_chosen":"THE_SNECKO","items_purchased":["sneckomod:DiceBoulder","sneckomod:WideSting"],"campfire_rested":1,"item_purchase_floors":[5,5],"current_hp_per_floor":[90,90,90,90,91,91,91,75,70,70,70,69,101,60,52,0,0],"gold":136,"neow_bonus":"THREE_ENEMY_KILL","is_daily":false,"chose_seed":false,"campfire_upgraded":2,"win_rate":0.0,"timestamp":1609449113,"path_taken":["R","M","?","?","$","M","T","E","M","R","?","E","R","E","M","BOSS"],"items_purchased_type":["Card","Card"],"build_version":"2020-12-22","purchased_purges":0,"victory":false,"max_hp_per_floor":[90,90,90,90,91,91,91,91,92,92,93,107,107,107,107,107,107],"relic_stats":{"counters":[10,32],"Prayer Wheel":3,"obtain_stats":[{"Pantograph":14,"downfall:HeartsMalice":0,"Prayer Wheel":8,"Mango":12,"sneckomod:SneckoSoul":0,"Meat on the Bone":7},{"Pantograph":8,"downfall:HeartsMalice":0,"Prayer Wheel":4,"Mango":7,"sneckomod:SneckoSoul":0,"Meat on the Bone":3},{"Pantograph":21,"downfall:HeartsMalice":0,"Prayer Wheel":5,"Mango":15,"sneckomod:SneckoSoul":0,"Meat on the Bone":0}],"Meat on the Bone":24},"card_choices":[{"not_picked":["sneckomod:Unknown1Cost","sneckomod:UnknownClassGREEN"],"picked":"sneckomod:IronFang","floor":2},{"not_picked":["sneckomod:IronFang","sneckomod:UnknownWeak"],"picked":"sneckomod:Unknown2Cost","floor":5},{"not_picked":["sneckomod:UnknownVulnerable","sneckomod:QuickMove"],"picked":"sneckomod:RainOfDice","floor":6},{"not_picked":["sneckomod:IronFang","sneckomod:UnknownVulnerable"],"picked":"sneckomod:UnlimitedRolls","floor":8},{"not_picked":["sneckomod:QuickBite","sneckomod:DefensiveFlair"],"picked":"sneckomod:UnknownClassBLUE","floor":9},{"not_picked":["sneckomod:Unknown1Cost","sneckomod:Unknown2Cost"],"picked":"sneckomod:WideSting","floor":9},{"not_picked":["sneckomod:UnknownStrength","sneckomod:UnknownCommonSkill"],"picked":"sneckomod:DiceBoulder","floor":11},{"not_picked":["sneckomod:UnknownBlock","sneckomod:UnknownStrike"],"picked":"sneckomod:Unknown1Cost","floor":11},{"not_picked":["sneckomod:Unknown1Cost","sneckomod:UnknownClassBLUE"],"picked":"sneckomod:Mudshield","floor":12},{"not_picked":["sneckomod:UnknownBlock","sneckomod:UnknownEthereal"],"picked":"sneckomod:Transmogrify","floor":14},{"not_picked":["sneckomod:QuickBite","sneckomod:UnknownStrength"],"picked":"sneckomod:SoulDraw","floor":15},{"not_picked":["sneckomod:Unknown2Cost","sneckomod:DangerNoodle"],"picked":"sneckomod:SnakeSap","floor":15}],"player_experience":221610,"relics_obtained":[{"floor":7,"key":"Meat on the Bone"},{"floor":8,"key":"Prayer Wheel"},{"floor":12,"key":"Mango"},{"floor":14,"key":"Pantograph"}],"event_choices":[{"damage_healed":0,"gold_gain":0,"player_choice":"Upgraded","damage_taken":0,"max_hp_gain":0,"max_hp_loss":0,"event_name":"Upgrade Shrine","floor":4,"gold_loss":0,"cards_upgraded":["sneckomod:IronFang"]}],"is_beta":false,"boss_relics":[],"items_purged_floors":[],"is_endless":false,"potions_floor_spawned":[8,9,11,15],"killed_by":"downfall:Silent","ascension_level":0}}