{"host":"5ru6a7u2mbc0jrwn","time":1609410782,"event":{"mods":["AchievementEnabler","Ascension Reborn","BaseMod","Minty Spire (QoL Compilation)","Rare Cards Sparkle","Shop Mod","StSLib","everything is the same but u backflip on backflip"],"gold_per_floor":[112,62,62,75,75,102,102,30,77,88,100,100,114,124,124,229,229,246,265,175,189,40,69,69,69],"floor_reached":24,"playtime":1953,"items_purged":[],"score":268,"play_id":"68a401db-ad24-4930-9a31-f331569c4e40","local_time":"20201231193302","is_ascension_mode":false,"campfire_choices":[{"data":"Biased Cognition","floor":7,"key":"SMITH"},{"data":"Genetic Algorithm","floor":12,"key":"SMITH"},{"floor":15,"key":"REST"}],"circlet_count":0,"master_deck":["Strike_B","Strike_B","Strike_B","Defend_B","Defend_B","Zap","Dualcast","Beam Cell","Biased Cognition+1","Go for the Eyes","Capacitor","Loop","Melter","Genetic Algorithm+1","Fusion","Hello World","Amplify+1","Redo+1","Steam+1","Cold Snap+1","Darkness"],"relics":["Cracked Core","PreservedInsect","Pen Nib","Black Star","Lantern","Bottled Lightning","Vajra"],"acts_visited":["Exordium","TheCity"],"potions_floor_usage":[16,19,21,23],"damage_taken":[{"damage":3,"enemies":"Jaw Worm","floor":1,"turns":3},{"damage":3,"enemies":"2 Louse","floor":4,"turns":2},{"damage":33,"enemies":"3 Sentries","floor":6,"turns":7},{"damage":0,"enemies":"Cultist","floor":10,"turns":2},{"damage":6,"enemies":"Exordium Wildlife","floor":11,"turns":3},{"damage":30,"enemies":"Exordium Thugs","floor":13,"turns":4},{"damage":6,"enemies":"Looter","floor":14,"turns":3},{"damage":0,"enemies":"Slime Boss","floor":16,"turns":6},{"damage":10,"enemies":"Chosen","floor":18,"turns":4},{"damage":20,"enemies":"Shell Parasite","floor":19,"turns":5},{"damage":29,"enemies":"Centurion and Healer","floor":21,"turns":13},{"damage":22,"enemies":"Book of Stabbing","floor":23,"turns":5},{"damage":11,"enemies":"Cultist and Chosen","floor":24,"turns":4}],"seed_played":"2645501857541051204","potions_obtained":[{"floor":10,"key":"Dexterity Potion"},{"floor":11,"key":"GamblersBrew"},{"floor":14,"key":"EssenceOfDarkness"},{"floor":16,"key":"EssenceOfSteel"},{"floor":18,"key":"FearPotion"},{"floor":23,"key":"Strength Potion"}],"is_trial":false,"path_per_floor":["M","?","?","M","?","E","R","$","T","M","M","R","M","M","R","B",null,"M","M","?","M","$","E","M"],"character_chosen":"DEFECT","items_purchased":["Loop","Lantern"],"campfire_rested":1,"item_purchase_floors":[8,22],"current_hp_per_floor":[79,79,79,76,81,48,48,48,48,48,42,42,12,6,32,32,87,77,57,57,28,28,6,0,0],"gold":69,"neow_bonus":"TEN_PERCENT_HP_BONUS","is_daily":false,"chose_seed":false,"campfire_upgraded":2,"win_rate":0.0,"timestamp":1609410782,"path_taken":["M","?","?","?","?","E","R","?","T","M","M","R","M","?","R","BOSS","M","M","?","M","$","E","M"],"items_purchased_type":["Card","Relic"],"build_version":"2020-12-22","purchased_purges":0,"victory":false,"max_hp_per_floor":[82,82,82,82,87,87,87,87,87,87,87,87,87,87,87,87,87,87,87,87,87,87,87,87,87],"card_choices":[{"not_picked":["Coolheaded","Reprogram"],"picked":"Beam Cell","floor":1},{"not_picked":["Barrage","Ball Lightning"],"picked":"Go for the Eyes","floor":4},{"not_picked":["Reprogram","Barrage"],"picked":"Capacitor","floor":6},{"not_picked":["Stack","Beam Cell"],"picked":"Melter","floor":10},{"not_picked":["Redo","Streamline"],"picked":"Genetic Algorithm","floor":11},{"not_picked":["Heatsinks","Redo"],"picked":"Fusion","floor":13},{"not_picked":["Tempest","Hologram"],"picked":"Hello World","floor":14},{"not_picked":["Seek","Buffer"],"picked":"Amplify","floor":16},{"not_picked":["Beam Cell","Go for the Eyes"],"picked":"Redo+1","floor":18},{"not_picked":["Leap+1","Redo"],"picked":"Steam+1","floor":19},{"not_picked":["Leap+1","Streamline"],"picked":"Cold Snap+1","floor":21},{"not_picked":["Hello World+1","Steam Power"],"picked":"Darkness","floor":23}],"player_experience":27215,"relics_obtained":[{"floor":6,"key":"PreservedInsect"},{"floor":9,"key":"Pen Nib"},{"floor":23,"key":"Bottled Lightning"},{"floor":23,"key":"Vajra"}],"event_choices":[{"cards_removed":["Defend_B"],"damage_healed":0,"gold_gain":0,"player_choice":"Card Removal","damage_taken":0,"max_hp_gain":0,"max_hp_loss":0,"event_name":"The Cleric","floor":2,"gold_loss":50},{"damage_healed":0,"gold_gain":0,"cards_transformed":["Strike_B"],"player_choice":"Transformed","damage_taken":0,"max_hp_gain":0,"max_hp_loss":0,"event_name":"Transmorgrifier","floor":3,"gold_loss":0,"cards_obtained":["Biased Cognition"]},{"damage_healed":0,"gold_gain":0,"player_choice":"Donut","damage_taken":0,"max_hp_gain":5,"max_hp_loss":0,"event_name":"Big Fish","floor":5,"gold_loss":0},{"cards_removed":["Defend_B"],"damage_healed":0,"gold_gain":0,"player_choice":"Upgrade and Remove","damage_taken":0,"max_hp_gain":0,"max_hp_loss":0,"event_name":"Designer","floor":20,"gold_loss":90,"cards_upgraded":["Amplify"]}],"is_beta":false,"boss_relics":[{"not_picked":["Runic Dome","Nuclear Battery"],"picked":"Black Star"}],"items_purged_floors":[],"is_endless":false,"potions_floor_spawned":[10,11,14,16,18,23],"killed_by":"Cultist and Chosen","ascension_level":0}}