{"host":"ohysexhjt9sgbosk","time":1609402807,"event":{"mods":["BaseMod","Better Altar","Better Skull","Better Third Choice","BetterRewards","Colored Map","Colored Powertips","Curses Come First","Evolution","Key Reminder","Minty Spire (QoL Compilation)","Rare Cards Sparkle","StSLib"],"gold_per_floor":[110,128,138,150,150,181,197,197,220,220,238,248,277,295,295,391,391,405,419,17,36,52,52,83,83,132,144,156,182,182,382,382,487,487,501,52,71,81,81,81,100,125,125,125,152,181,208,220,232,244,256,268,28,28,28],"floor_reached":54,"playtime":7263,"items_purged":[],"score":893,"play_id":"46d88891-7d35-4e5f-8918-50c26ac35e8b","local_time":"20201231012007","is_ascension_mode":true,"campfire_choices":[{"floor":8,"key":"RECALL"},{"floor":15,"key":"REST"},{"floor":23,"key":"REST"},{"floor":30,"key":"REST"},{"floor":32,"key":"REST"},{"floor":40,"key":"REST"},{"floor":44,"key":"REST"},{"floor":49,"key":"REST"},{"data":"Creative AI","floor":52,"key":"SMITH"}],"circlet_count":0,"master_deck":["Rebound","Rebound","Rebound","Conserve Battery","Defend_B","Defend_B","Defend_B","Zap","Dualcast","Steam","Rebound","Ball Lightning","Conserve Battery","Coolheaded","Cold Snap","Defragment","Lockon","FTL","Cold Snap","Leap","Creative AI+1","Conserve Battery","Steam+1","Glacier","Conserve Battery","Capacitor+1","Chill","Genetic Algorithm","Redo","Buffer","Loop","Defragment","Loop","Double Energy+1","Rebound","White Noise","Coolheaded+1","Turbo","Defragment+1"],"relics":["Cracked Core","EVO:Axolotl","Nunchaku","Pen Nib","Tiny Chest","Inserter","Mummified Hand","Sling","Shuriken","Orichalcum","Anchor","Nuclear Battery","Thread and Needle","DollysMirror","Mercury Hourglass","Kunai","Molten Egg 2","MawBank","HornCleat"],"acts_visited":["Exordium","TheCity","TheBeyond","TheEnding"],"potions_floor_usage":[14,16,29,29,33,45,47,47,50,50],"damage_taken":[{"damage":0,"enemies":"Cultist","floor":1,"turns":3},{"damage":0,"enemies":"Small Slimes","floor":2,"turns":3},{"damage":0,"enemies":"2 Louse","floor":3,"turns":2},{"damage":0,"enemies":"Looter","floor":4,"turns":3},{"damage":14,"enemies":"Lagavulin","floor":6,"turns":6},{"damage":12,"enemies":"Exordium Thugs","floor":7,"turns":3},{"damage":3,"enemies":"Lots of Slimes","floor":11,"turns":3},{"damage":8,"enemies":"Large Slime","floor":12,"turns":4},{"damage":11,"enemies":"Gremlin Nob","floor":13,"turns":4},{"damage":17,"enemies":"Exordium Thugs","floor":14,"turns":3},{"damage":12,"enemies":"Slime Boss","floor":16,"turns":10},{"damage":24,"enemies":"2 Thieves","floor":18,"turns":4},{"damage":0,"enemies":"Spheric Guardian","floor":19,"turns":3},{"damage":4,"enemies":"Cultist and Chosen","floor":21,"turns":7},{"damage":17,"enemies":"Snake Plant","floor":22,"turns":6},{"damage":32,"enemies":"Book of Stabbing","floor":24,"turns":7},{"damage":9,"enemies":"Snecko","floor":27,"turns":7},{"damage":0,"enemies":"Centurion and Healer","floor":28,"turns":9},{"damage":18,"enemies":"Slavers","floor":29,"turns":8},{"damage":17,"enemies":"Collector","floor":33,"turns":13},{"damage":18,"enemies":"Orb Walker","floor":35,"turns":6},{"damage":3,"enemies":"3 Darklings","floor":37,"turns":9},{"damage":18,"enemies":"Maw","floor":38,"turns":8},{"damage":27,"enemies":"Transient","floor":41,"turns":5},{"damage":20,"enemies":"Nemesis","floor":42,"turns":7},{"damage":0,"enemies":"Reptomancer","floor":45,"turns":8},{"damage":0,"enemies":"Sphere and 2 Shapes","floor":46,"turns":8},{"damage":16,"enemies":"Spire Growth","floor":47,"turns":6},{"damage":30,"enemies":"Time Eater","floor":50,"turns":14},{"damage":75,"enemies":"Shield and Spear","floor":54,"turns":6}],"seed_played":"-7566349439395215441","potions_obtained":[{"floor":1,"key":"FairyPotion"},{"floor":2,"key":"SteroidPotion"},{"floor":7,"key":"Weak Potion"},{"floor":10,"key":"PotionOfCapacity"},{"floor":13,"key":"Regen Potion"},{"floor":19,"key":"Fire Potion"},{"floor":27,"key":"SpeedPotion"},{"floor":28,"key":"Regen Potion"},{"floor":29,"key":"ColorlessPotion"},{"floor":33,"key":"Ancient Potion"},{"floor":35,"key":"Ancient Potion"},{"floor":41,"key":"Explosive Potion"},{"floor":45,"key":"Block Potion"},{"floor":47,"key":"FocusPotion"}],"is_trial":false,"path_per_floor":["M","M","M","M","?","E","M","R","T","?","M","M","E","M","R","B",null,"M","M","$","M","M","R","E","?","T","M","M","E","R","?","R","B",null,"M","$","M","M","T","R","M","E","T","R","E","M","M","?","R","B",null,"R","$","E"],"character_chosen":"DEFECT","items_purchased":["Steam","Mummified Hand","Sling","Thread and Needle","DollysMirror","HornCleat"],"campfire_rested":7,"item_purchase_floors":[0,20,20,36,36,53],"current_hp_per_floor":[75,75,75,75,75,61,49,49,49,49,46,38,27,19,41,29,75,51,51,51,47,30,52,20,20,20,11,11,31,53,53,75,58,75,57,57,54,36,36,58,31,11,11,33,33,33,17,17,39,9,75,75,75,0,0],"gold":28,"neow_bonus":"","is_daily":false,"chose_seed":false,"campfire_upgraded":1,"win_rate":0.0,"timestamp":1609402807,"path_taken":["M","M","M","?","?","E","M","R","T","?","?","M","E","M","R","BOSS","M","M","$","?","M","R","E","?","T","M","M","E","R","?","R","BOSS","M","$","M","M","?","R","M","E","T","R","E","?","M","?","R","BOSS","R","$","E"],"items_purchased_type":["Card","Relic","Relic","Relic","Relic","Relic"],"build_version":"2020-12-22","purchased_purges":0,"victory":false,"max_hp_per_floor":[75,75,75,75,75,75,75,75,75,75,75,75,75,75,75,75,75,75,75,75,75,75,75,75,75,75,75,75,75,75,75,75,75,75,75,75,75,75,75,75,75,75,75,75,75,75,75,75,75,75,75,75,75,75,75],"card_choices":[{"not_picked":["Steam Power","Turbo"],"picked":"Rebound","floor":1},{"not_picked":["Storm","Go for the Eyes"],"picked":"Ball Lightning","floor":2},{"not_picked":["Fusion","Beam Cell"],"picked":"Conserve Battery","floor":3},{"not_picked":["Hello World","Rebound"],"picked":"Coolheaded","floor":4},{"not_picked":["Skim","Beam Cell"],"picked":"Cold Snap","floor":6},{"not_picked":["Aggregate","Recycle"],"picked":"Defragment","floor":7},{"not_picked":["Coolheaded","Blizzard"],"picked":"Lockon","floor":11},{"not_picked":["Ball Lightning","Turbo"],"picked":"FTL","floor":12},{"not_picked":["Scrape","Thunder Strike"],"picked":"Cold Snap","floor":13},{"not_picked":["Force Field","Skim"],"picked":"Leap","floor":14},{"not_picked":["Fission","Seek"],"picked":"Creative AI","floor":16},{"not_picked":["Sweeping Beam","Leap+1"],"picked":"Conserve Battery","floor":18},{"not_picked":["Streamline","Turbo"],"picked":"Steam+1","floor":19},{"not_picked":["Melter","Steam"],"picked":"Glacier","floor":21},{"not_picked":["Compile Driver+1","Redo"],"picked":"Conserve Battery","floor":22},{"not_picked":["Leap","Go for the Eyes"],"picked":"Capacitor+1","floor":24},{"not_picked":["Ball Lightning","Conserve Battery+1"],"picked":"Chill","floor":27},{"not_picked":["Tempest","Hello World"],"picked":"Genetic Algorithm","floor":28},{"not_picked":["Cold Snap+1","Meteor Strike"],"picked":"Redo","floor":29},{"not_picked":["Multi-Cast","Seek"],"picked":"Buffer","floor":33},{"not_picked":["Streamline+1","Coolheaded+1"],"picked":"Loop","floor":35},{"not_picked":["Cold Snap","Rip and Tear"],"picked":"Loop","floor":37},{"not_picked":["Hologram","Tempest+1"],"picked":"Double Energy+1","floor":38},{"not_picked":["Force Field+1","Streamline"],"picked":"Rebound","floor":41},{"not_picked":["Blizzard+1","Streamline+1"],"picked":"White Noise","floor":42},{"not_picked":["Rebound+1","Hologram+1"],"picked":"Coolheaded+1","floor":45},{"not_picked":["Steam","Scrape+1"],"picked":"Turbo","floor":46},{"not_picked":["Stack+1","Hologram+1"],"picked":"Defragment+1","floor":47}],"player_experience":91409,"relics_obtained":[{"floor":6,"key":"Pen Nib"},{"floor":13,"key":"Tiny Chest"},{"floor":24,"key":"Shuriken"},{"floor":26,"key":"Orichalcum"},{"floor":29,"key":"Anchor"},{"floor":39,"key":"Mercury Hourglass"},{"floor":42,"key":"Kunai"},{"floor":43,"key":"Molten Egg 2"},{"floor":45,"key":"MawBank"}],"event_choices":[{"damage_healed":0,"gold_gain":0,"player_choice":"Ignored","damage_taken":0,"max_hp_gain":0,"max_hp_loss":0,"event_name":"Golden Wing","floor":5,"gold_loss":0},{"damage_healed":0,"gold_gain":0,"player_choice":"Got Potions","damage_taken":0,"max_hp_gain":0,"max_hp_loss":0,"event_name":"Lab","floor":10,"gold_loss":0},{"damage_healed":0,"gold_gain":0,"player_choice":"Ignored","damage_taken":0,"max_hp_gain":0,"max_hp_loss":0,"event_name":"Ghosts","floor":25,"gold_loss":0},{"damage_healed":0,"gold_gain":250,"player_choice":"Bet on Owner","damage_taken":0,"max_hp_gain":0,"max_hp_loss":0,"event_name":"The Joust","floor":31,"gold_loss":50},{"cards_removed":["Rebound"],"damage_healed":0,"gold_gain":0,"player_choice":"Purged","damage_taken":0,"max_hp_gain":0,"max_hp_loss":0,"event_name":"Purifier","floor":48,"gold_loss":0}],"is_beta":false,"boss_relics":[{"not_picked":["Calling Bell","Busted Crown"],"picked":"Inserter"},{"not_picked":["Empty Cage","Runic Dome"],"picked":"Nuclear Battery"}],"items_purged_floors":[],"is_endless":false,"potions_floor_spawned":[1,2,7,13,19,27,28,29,33,35,41,45,47],"killed_by":"Shield and Spear","ascension_level":1}}