{"host":"1zfbckszmdcrhnfi","time":1609424327,"event":{"mods":["AchievementEnabler","BaseMod","Colored Map","Downfall","Marisa£®ÏF”Í°°ƒß¿Ì…≥£©","Minty Spire (QoL Compilation)","Replay The Spire","Shop Mod","StSLib","The Cursed","The Servant 0.9.4"],"gold_per_floor":[119,132,132,178,195,212,212,239,239,239,250,278,278,308,308,410,410,428,175,187,201,213,213,223,223,223,68,87,87,113,133,133,237,237,251,268,287,287,287],"floor_reached":38,"playtime":2590,"items_purged":["Conserve Battery","Rainbow"],"score":445,"play_id":"da98a542-57e3-490e-b1e1-ca7299b4f39f","local_time":"20201231221847","is_ascension_mode":false,"campfire_choices":[{"floor":7.0,"key":"REST"},{"floor":10.0,"key":"REST"},{"floor":15.0,"key":"REST"},{"floor":23.0,"key":"RECALL"},{"floor":25.0,"key":"REST"},{"floor":29.0,"key":"REST"},{"data":"expansioncontent:StudyTheSpire","floor":32.0,"key":"SMITH"}],"circlet_count":0,"master_deck":["Strike_B","Strike_B","Defend_B","Defend_B","Zap","Dualcast","BootSequence","Gash","Gash","Buffer","Conserve Battery+1","expansioncontent:StudyTheSpire+1","Self Repair","FTL","ReplayTheSpireMod:Fabricate Wheel"],"relics":["Cracked Core","ReplayFunnel","Replay:PocketPolymizer","Replay:Baseball","Boot","Replay:Grab Bag","SlaversCollar","Busted Crown","Inserter","Black Star","Ice Cream","Du-Vu Doll","Mango","Replay:Drink Me"],"acts_visited":["Exordium","TheCity","TheBeyond"],"potions_floor_usage":[36,37],"damage_taken":[{"damage":1.0,"enemies":"Small Slimes","floor":1.0,"turns":3.0},{"damage":1.0,"enemies":"Jaw Worm","floor":2.0,"turns":4.0},{"damage":0.0,"enemies":"Cultist","floor":5.0,"turns":3.0},{"damage":11.0,"enemies":"Exordium Wildlife","floor":6.0,"turns":3.0},{"damage":38.0,"enemies":"3 Sentries","floor":8.0,"turns":11.0},{"damage":10.0,"enemies":"Lots of Slimes","floor":11.0,"turns":4.0},{"damage":20.0,"enemies":"Lagavulin","floor":12.0,"turns":8.0},{"damage":12.0,"enemies":"Gremlin Nob","floor":14.0,"turns":2.0},{"damage":19.0,"enemies":"Slime Boss","floor":16.0,"turns":9.0},{"damage":3.0,"enemies":"Shell Parasite","floor":18.0,"turns":7.0},{"damage":18.0,"enemies":"3 Byrds","floor":20.0,"turns":5.0},{"damage":0.0,"enemies":"Snecko","floor":21.0,"turns":9.0},{"damage":29.0,"enemies":"Chosen and Byrds","floor":22.0,"turns":9.0},{"damage":27.0,"enemies":"Centurion and Healer","floor":24.0,"turns":9.0},{"damage":0.0,"enemies":"Shelled Parasite and Fungi","floor":28.0,"turns":11.0},{"damage":4.0,"enemies":"Replay:Snechameleon","floor":30.0,"turns":9.0},{"damage":21.0,"enemies":"Cultist and Chosen","floor":31.0,"turns":9.0},{"damage":11.0,"enemies":"Automaton","floor":33.0,"turns":12.0},{"damage":67.0,"enemies":"3 Darklings","floor":35.0,"turns":8.0},{"damage":1,"enemies":"Orb Walker","floor":36,"turns":4},{"damage":42,"enemies":"4 Shapes","floor":37,"turns":5},{"damage":30,"enemies":"Transient","floor":38,"turns":5}],"seed_played":"-244286350224278211","potions_obtained":[{"floor":6.0,"key":"champ:CounterPotion"},{"floor":8.0,"key":"DuplicationPotion"},{"floor":11.0,"key":"ColorlessPotion"},{"floor":12.0,"key":"Death Potion"},{"floor":16.0,"key":"FocusPotion"},{"floor":18.0,"key":"DistilledChaos"},{"floor":21.0,"key":"Block Potion"},{"floor":28.0,"key":"FairyPotion"},{"floor":31.0,"key":"FocusPotion"},{"floor":36,"key":"Toxic Potion"},{"floor":37,"key":"Dexterity Potion"}],"is_trial":false,"path_per_floor":["M","M","?","T","M","M","R","E","T","R","M","E","?","E","R","B",null,"M","$","M","M","M","R","M","R","T","$","M","R","E","M","R","B",null,"M","M","M","M"],"character_chosen":"DEFECT","items_purchased":["expansioncontent:StudyTheSpire","Static Discharge"],"campfire_rested":5,"item_purchase_floors":[19,27],"current_hp_per_floor":[67,66,66,66,66,55,81,43,43,69,59,39,39,27,53,34,89,86,86,68,68,46,46,26,52,52,52,59,85,102,88,88,84,78,18,24,30,0,0],"gold":287,"neow_bonus":"TWENTY_PERCENT_HP_BONUS","is_daily":false,"chose_seed":false,"campfire_upgraded":1,"win_rate":0.0,"timestamp":1609424327,"path_taken":["M","M","?","?","M","?","R","E","T","R","M","E","?","E","R","BOSS","M","$","M","M","M","R","M","R","T","?","M","R","E","M","R","BOSS","M","M","?","M"],"items_purchased_type":["Card","Card"],"build_version":"2020-12-22","purchased_purges":2,"victory":false,"max_hp_per_floor":[89,89,89,89,89,89,89,89,89,89,89,89,89,89,89,89,89,89,89,89,89,89,89,89,89,89,89,89,89,103,103,103,103,78,78,78,78,78,78],"card_choices":[{"not_picked":["BasicCrystalCard","Sweeping Beam","Chill"],"picked":"SKIP","floor":1.0},{"not_picked":["Beam Cell","Reinforced Body","Hologram"],"picked":"SKIP","floor":2.0},{"not_picked":["Steam","Turbo","Steam Power"],"picked":"SKIP","floor":5.0},{"not_picked":["Hologram","Sweeping Beam","Blizzard"],"picked":"SKIP","floor":6.0},{"not_picked":["Beam Cell","Chaos","Buffer"],"picked":"SKIP","floor":8.0},{"not_picked":["Rebound","Hologram"],"picked":"Conserve Battery","floor":11.0},{"not_picked":["Heatsinks","Amplify"],"picked":"Gash","floor":12.0},{"not_picked":["Coolheaded","Leap"],"picked":"Gash","floor":14.0},{"not_picked":["Hyperbeam","Reboot"],"picked":"Buffer","floor":16.0},{"not_picked":[],"picked":"Conserve Battery+1","floor":18.0},{"not_picked":["ReplayTheSpireMod:System Scan"],"picked":"SKIP","floor":20.0},{"not_picked":[],"picked":"Self Repair","floor":21.0},{"not_picked":["Coolheaded"],"picked":"SKIP","floor":22.0},{"not_picked":[],"picked":"Undo","floor":24.0},{"not_picked":["Scrape"],"picked":"SKIP","floor":28.0},{"not_picked":["Steam"],"picked":"SKIP","floor":30.0},{"not_picked":["Blizzard"],"picked":"SKIP","floor":31.0},{"not_picked":[],"picked":"ReplayTheSpireMod:Fabricate Wheel","floor":33.0},{"not_picked":["Conserve Battery"],"picked":"SKIP","floor":35.0},{"not_picked":["Redo"],"picked":"SKIP","floor":36},{"not_picked":["Heatsinks"],"picked":"SKIP","floor":37}],"player_experience":155990,"relics_obtained":[{"floor":8.0,"key":"ReplayFunnel"},{"floor":9.0,"key":"Replay:PocketPolymizer"},{"floor":12.0,"key":"Replay:Baseball"},{"floor":14.0,"key":"Boot"},{"floor":26.0,"key":"Ice Cream"},{"floor":30.0,"key":"Du-Vu Doll"},{"floor":30.0,"key":"Mango"}],"event_choices":[{"damage_healed":0.0,"max_hp_gain":0.0,"max_hp_loss":0.0,"gold_gain":0.0,"event_name":"NoteForYourself","player_choice":"Ignored","floor":13.0,"gold_loss":0.0,"damage_taken":0.0}],"is_beta":false,"boss_relics":[{"not_picked":["Nuclear Battery","Philosopher\u0027s Stone"],"picked":"Replay:Grab Bag"},{"not_picked":["Sozu","Cursed Key"],"picked":"SlaversCollar"},{"not_picked":["ChewingGum","Fusion Hammer"],"picked":"Busted Crown"},{"not_picked":["Snecko Eye","Kintsugi"],"picked":"Inserter"},{"not_picked":["Tiny House","Pandora\u0027s Box"],"picked":"Black Star"},{"not_picked":["Abe\u0027s Treasure","Honey Jar"],"picked":"Replay:Drink Me"}],"items_purged_floors":[19,27],"is_endless":false,"potions_floor_spawned":[6,8,11,12,16,18,21,28,31,36,37],"killed_by":"Transient","ascension_level":0}}