{"host":"jrtaucq9moweewpn","time":1609394441,"event":{"mods":["BaseMod","Better Third Choice","Downfall","Duelist Mod","GifTheSpireLib","Minty Spire (QoL Compilation)","Replay The Spire","Shade Mod","StSLib","The Construct","The Cursed"],"gold_per_floor":[194,194,194,194,194,194,194,194,227,247,264,328,328,328,340,340,340,340],"floor_reached":16,"playtime":1369,"items_purged":[],"score":96,"play_id":"4cebb3c8-e733-4f46-869a-8cd71c2ed8d9","local_time":"20201231000041","is_ascension_mode":false,"campfire_choices":[{"data":"champ:TornadoPunch","floor":6,"key":"SMITH"},{"floor":13,"key":"REST"}],"circlet_count":0,"master_deck":["champ:Strike","champ:Strike","champ:Strike","champ:Strike","champ:Defend","champ:Defend","champ:Defend","champ:Defend","champ:Execute","champ:Taunt+1","champ:FocusedDefense","champ:BringItOn","champ:TornadoPunch+1","champ:Lariat","champ:FlashCut","champ:PreciseThrust","champ:DefensiveShout"],"relics":["champ:ChampionCrown","downfall:HeartsMalice","Mummified Hand","Boot","CeramicFish"],"acts_visited":["Exordium"],"potions_floor_usage":[10,12,12],"damage_taken":[{"damage":0,"enemies":"Jaw Worm","floor":2,"turns":1},{"damage":0,"enemies":"Cultist","floor":4,"turns":1},{"damage":0,"enemies":"2 Louse","floor":5,"turns":1},{"damage":35,"enemies":"3 Sentries","floor":9,"turns":7},{"damage":21,"enemies":"Large Slime","floor":10,"turns":6},{"damage":13,"enemies":"Lots of Slimes","floor":11,"turns":3},{"damage":0,"enemies":"Gremlin Nob","floor":12,"turns":3},{"damage":4,"enemies":"Exordium Thugs","floor":15,"turns":4},{"damage":40,"enemies":"downfall:Watcher","floor":16,"turns":10}],"seed_played":"5891569551675503558","potions_obtained":[{"floor":9,"key":"Energy Potion"},{"floor":10,"key":"DuplicationPotion"},{"floor":11,"key":"LifebloodPotion"}],"is_trial":false,"path_per_floor":["R","M","?","M","M","R","T","?","E","M","M","?","R","?","M","B"],"character_chosen":"THE_CHAMP","items_purchased":[],"campfire_rested":1,"item_purchase_floors":[],"current_hp_per_floor":[90,90,90,90,90,90,90,75,40,25,12,17,44,44,40,0,0,0],"gold":340,"neow_bonus":"THREE_ENEMY_KILL","is_daily":false,"chose_seed":false,"campfire_upgraded":1,"win_rate":0.0,"timestamp":1609394441,"path_taken":["R","M","?","?","M","R","T","?","E","?","M","?","R","?","M","BOSS"],"items_purchased_type":[],"build_version":"2020-12-22","purchased_purges":0,"victory":false,"max_hp_per_floor":[90,90,90,90,90,90,90,90,90,90,90,90,90,90,90,90,90,90],"card_choices":[{"not_picked":["champ:FocusedGladiator","champ:SkillfulDodge"],"picked":"champ:FocusedDefense","floor":2},{"not_picked":["champ:CrookedStrike","champ:Duel"],"picked":"champ:BringItOn","floor":4},{"not_picked":["champ:StanceDance","champ:Improvising"],"picked":"champ:TornadoPunch","floor":5},{"not_picked":["champ:FanOfKnives","champ:PerfectedStrike"],"picked":"champ:Lariat","floor":9},{"not_picked":["champ:Circumvent","champ:StanceDance"],"picked":"champ:FlashCut","floor":10},{"not_picked":["champ:Haymaker","champ:FightOn"],"picked":"champ:PreciseThrust","floor":11},{"not_picked":["champ:BringItOn","champ:Duel"],"picked":"champ:DefensiveShout","floor":12},{"not_picked":["champ:DefensiveShout","champ:FocusedGladiator","champ:HeavySlash"],"picked":"SKIP","floor":15}],"player_experience":508681,"relics_obtained":[{"floor":7,"key":"Mummified Hand"},{"floor":9,"key":"Boot"},{"floor":12,"key":"CeramicFish"}],"event_choices":[{"damage_healed":0,"gold_gain":0,"player_choice":"Upgraded","damage_taken":0,"max_hp_gain":0,"max_hp_loss":0,"event_name":"Upgrade Shrine","floor":3,"gold_loss":0,"cards_upgraded":["champ:Taunt"]},{"damage_healed":0,"gold_gain":0,"player_choice":"Ignored","damage_taken":0,"max_hp_gain":0,"max_hp_loss":0,"event_name":"NoteForYourself","floor":14,"gold_loss":0}],"is_beta":false,"boss_relics":[],"items_purged_floors":[],"is_endless":false,"potions_floor_spawned":[9,10,11],"killed_by":"downfall:Watcher","ascension_level":0}}