{"host":"kh6fvhxn285ncg0o","time":1609397932,"event":{"mods":["Act Like it!","BaseMod","Colored Map","Friendly Minions","Keyboard Shortcuts","Minty Spire (QoL Compilation)","Quick Restart","Relic Stats","StSLib","SuperFastMode"],"gold_per_floor":[117,133,133,133,133,168,168,198,198,198,198,198],"floor_reached":11,"playtime":100,"items_purged":[],"score":208,"play_id":"fd0e13df-d12e-4e1d-9a93-8d2e1563c1af","local_time":"20201231155852","is_ascension_mode":true,"campfire_choices":[{"data":"Bash","floor":7.0,"key":"SMITH"},{"data":"Burning Pact","floor":10.0,"key":"SMITH"}],"circlet_count":0,"master_deck":["AscendersBane","Strike_R","Strike_R","Strike_R+1","Strike_R","Defend_R","Defend_R+1","Defend_R","Defend_R","Bash+1","Burning Pact+1","Shrug It Off","Dropkick","Dropkick"],"relics":["Burning Blood","NeowsBlessing","Paper Frog","Meat on the Bone","Sundial"],"acts_visited":["Exordium"],"potions_floor_usage":[],"damage_taken":[{"damage":0.0,"enemies":"Cultist","floor":1.0,"turns":1.0},{"damage":0.0,"enemies":"2 Louse","floor":2.0,"turns":2.0},{"damage":0.0,"enemies":"3 Sentries","floor":6.0,"turns":2.0},{"damage":26.0,"enemies":"Lagavulin","floor":8.0,"turns":7.0},{"damage":0,"enemies":"3 Sentries","floor":11,"turns":1}],"seed_played":"-4638435876932328004","potions_obtained":[{"floor":1.0,"key":"Energy Potion"}],"is_trial":false,"path_per_floor":["M","M","?","?","?","E","R","E","T","R","E"],"character_chosen":"IRONCLAD","items_purchased":[],"campfire_rested":0,"item_purchase_floors":[],"current_hp_per_floor":[74,75,52,52,57,63,63,43,43,43,43,43],"gold":198,"neow_bonus":"THREE_ENEMY_KILL","is_daily":false,"chose_seed":false,"campfire_upgraded":2,"win_rate":0.0,"timestamp":1609397932,"path_taken":["M","?","?","?","?","E","R","E","T","R","E"],"items_purchased_type":[],"build_version":"2020-12-22","purchased_purges":0,"victory":false,"max_hp_per_floor":[75,75,75,75,80,80,80,80,80,80,80,80],"relic_stats":{"counters":[5,13],"Sundial":[0],"obtain_stats":[{"NeowsBlessing":0,"Sundial":9,"Burning Blood":0,"Paper Frog":6,"Meat on the Bone":8},{"NeowsBlessing":0,"Sundial":4,"Burning Blood":0,"Paper Frog":3,"Meat on the Bone":4},{"NeowsBlessing":0,"Sundial":12,"Burning Blood":0,"Paper Frog":5,"Meat on the Bone":12}],"Burning Blood":19,"Meat on the Bone":0},"card_choices":[{"not_picked":["Sword Boomerang","Warcry"],"picked":"Burning Pact","floor":1.0},{"not_picked":["Wild Strike","Anger"],"picked":"Shrug It Off","floor":2.0},{"not_picked":["Rupture","Shrug It Off"],"picked":"Dropkick","floor":6.0},{"not_picked":["Sever Soul","Warcry"],"picked":"Dropkick","floor":8.0}],"player_experience":3331607,"relics_obtained":[{"floor":6.0,"key":"Paper Frog"},{"floor":8.0,"key":"Meat on the Bone"},{"floor":9.0,"key":"Sundial"}],"event_choices":[{"damage_healed":0.0,"max_hp_gain":0.0,"max_hp_loss":0.0,"gold_gain":0.0,"event_name":"Shining Light","player_choice":"Entered Light","floor":3.0,"gold_loss":0.0,"damage_taken":23.0,"cards_upgraded":["Defend_R","Strike_R"]},{"cards_removed":["Strike_R"],"damage_healed":0.0,"max_hp_gain":0.0,"max_hp_loss":0.0,"gold_gain":0.0,"event_name":"Living Wall","player_choice":"Forget","floor":4.0,"gold_loss":0.0,"damage_taken":0.0},{"damage_healed":0.0,"max_hp_gain":5.0,"max_hp_loss":0.0,"gold_gain":0.0,"event_name":"Big Fish","player_choice":"Donut","floor":5.0,"gold_loss":0.0,"damage_taken":0.0}],"is_beta":false,"boss_relics":[],"items_purged_floors":[],"is_endless":false,"potions_floor_spawned":[1],"killed_by":"3 Sentries","ascension_level":20}}