{"host":"j0e3xzyxe6w4yncp","time":1609434475,"event":{"mods":["2.2 Compatiblity","BaseMod","Colored Map","Colored Powertips","Downfall","Infinite Spire","Minty Spire (QoL Compilation)","Quick Restart","Replay The Spire","Shop Mod","StSLib"],"gold_per_floor":[99,114,114,130,144,144,144,144,161,180,180,190,190,200,213,313,313,313,329,329,329,294,219,219,8,18,36,55,155,168,168,168,168],"floor_reached":31,"playtime":3558,"items_purged":["champ:RapidStrikes"],"score":256,"play_id":"3369a71f-aadf-43a6-a72d-cfae62d7cb29","local_time":"20201231120755","is_ascension_mode":false,"campfire_choices":[{"data":"champ:EnGarde","floor":1.0,"key":"SMITH"},{"data":"champ:Taunt","floor":8.0,"key":"SMITH"},{"floor":11.0,"key":"REST"},{"floor":13.0,"key":"REST"},{"floor":18.0,"key":"RECALL"},{"data":"champ:CheapShot","floor":23.0,"key":"SMITH"}],"circlet_count":0,"master_deck":["champ:Strike","champ:Strike","champ:Defend","champ:Defend","champ:Defend","champ:Execute","champ:Taunt+1","champ:EnGarde+1","champ:ViciousMockery","champ:Haymaker","champ:FalseCounter","champ:StanceDance","champ:Circumvent","champ:Riposte","champ:Circumvent","champ:BringItOn","champ:PreciseThrust","champ:ShieldSlam","infinitespire:SevenWalls","Slimebound:Icky","champ:Taunt","champ:CheapShot+1","expansioncontent:DefensiveStance","ReplayTheSpireMod:??????????????????????","champ:DefensiveShout","Replay:Hysterical Blindness","champ:Duel","champ:IronFortress","champ:DefensiveShout","champ:GladiatorsShout","champ:GladiatorsShout","expansioncontent:DefensiveStance","champ:CalledShot","champ:SkillfulDodge","champ:ArenaPreparation"],"relics":["champ:ChampionCrown","Mummified Hand","Thread and Needle","Philosopher\u0027s Stone","ReplayTheSpireMod:CursedCoin","MerchantsRug","downfall:HeartBlessingRed","Membership Card","HornCleat","champ:BlackKnightHelmet"],"acts_visited":["Exordium","TheCity"],"potions_floor_usage":[],"damage_taken":[{"damage":8.0,"enemies":"Jaw Worm","floor":2.0,"turns":3.0},{"damage":4.0,"enemies":"Cultist","floor":4.0,"turns":3.0},{"damage":12.0,"enemies":"2 Louse","floor":5.0,"turns":2.0},{"damage":7.0,"enemies":"Exordium Thugs","floor":9.0,"turns":6.0},{"damage":14.0,"enemies":"3 Louse","floor":10.0,"turns":4.0},{"damage":13.0,"enemies":"2 Fungi Beasts","floor":12.0,"turns":6.0},{"damage":8.0,"enemies":"Blue Slaver","floor":14.0,"turns":2.0},{"damage":43.0,"enemies":"Gremlin Gang","floor":15.0,"turns":8.0},{"damage":8.0,"enemies":"downfall:Ironclad","floor":16.0,"turns":16.0},{"damage":0.0,"enemies":"Spheric Guardian","floor":19.0,"turns":3.0},{"damage":3.0,"enemies":"downfall:FleeingMerchant","floor":22.0,"turns":5.0},{"damage":0.0,"enemies":"downfall:FleeingMerchant","floor":25.0,"turns":4.0},{"damage":5.0,"enemies":"Snake Plant","floor":26.0,"turns":4.0},{"damage":6.0,"enemies":"Shelled Parasite and Fungi","floor":27.0,"turns":6.0},{"damage":15.0,"enemies":"Chosen and Byrds","floor":28.0,"turns":8.0},{"damage":26.0,"enemies":"Chosen and Byrds","floor":29.0,"turns":12.0},{"damage":17.0,"enemies":"Centurion and Healer","floor":30.0,"turns":9.0},{"damage":35,"enemies":"Gremlin Leader","floor":31,"turns":8}],"seed_played":"-8752611224442238384","potions_obtained":[{"floor":4.0,"key":"EntropicBrew"},{"floor":10.0,"key":"Dexterity Potion"},{"floor":12.0,"key":"Elixir"},{"floor":15.0,"key":"LifebloodPotion"},{"floor":16.0,"key":"Death Potion"},{"floor":21.0,"key":"FearPotion"},{"floor":21.0,"key":"champ:UltimateStancePotion"},{"floor":21.0,"key":"Venom Potion"},{"floor":26.0,"key":"ColorlessPotion"},{"floor":28.0,"key":"Cursed Concoction"},{"floor":29.0,"key":"AttackPotion"},{"floor":30.0,"key":"SpeedPotion"}],"is_trial":false,"path_per_floor":["R","M","?","M","M","?","T","R","M","M","R","M","R","M","M","B",null,"R","M","AVR","?","$","R","T","$","M","M","M","?","M","E"],"character_chosen":"THE_CHAMP","items_purchased":["ReplayTheSpireMod:CursedCoin","champ:Duel","MerchantsRug","champ:IronFortress","champ:DefensiveShout","champ:GladiatorsShout","Membership Card","expansioncontent:DefensiveStance"],"campfire_rested":2,"item_purchase_floors":[22,22,22,22,22,22,25,25],"current_hp_per_floor":[63,55,52,48,36,36,36,36,29,20,47,39,66,58,20,12,90,90,90,90,90,90,90,90,90,85,84,69,43,32,0,0,0],"gold":168,"neow_bonus":"TRANSFORM_TWO_CARDS","is_daily":false,"chose_seed":false,"campfire_upgraded":3,"win_rate":0.0,"timestamp":1609434475,"path_taken":["R","M","?","M","M","?","T","R","M","M","R","M","R","M","M","BOSS","R","M","AVR","?","$","R","T","$","M","?","M","?","M","E"],"items_purchased_type":["Relic","Card","Relic","Card","Card","Card","Relic","Card"],"build_version":"2020-12-22","purchased_purges":1,"victory":false,"max_hp_per_floor":[90,90,90,90,90,90,90,90,90,90,90,90,90,90,90,90,90,90,90,90,90,90,90,90,90,90,90,90,90,90,90,90,90],"card_choices":[{"not_picked":["champ:PreciseThrust","champ:CrookedStrike"],"picked":"champ:Haymaker","floor":2.0},{"not_picked":["champ:StanceDance","champ:BladeFlurry"],"picked":"champ:FalseCounter","floor":4.0},{"not_picked":["champ:FanOfKnives","champ:ViciousMockery"],"picked":"champ:StanceDance","floor":5.0},{"not_picked":["champ:FlashCut","champ:CrookedStrike"],"picked":"champ:Circumvent","floor":9.0},{"not_picked":["champ:FightOn","champ:GutPunch"],"picked":"champ:Riposte","floor":10.0},{"not_picked":["champ:BerserkersShout","champ:PerfectedStrike"],"picked":"champ:Circumvent","floor":12.0},{"not_picked":["champ:ShieldWall","champ:CrookedStrike"],"picked":"champ:BringItOn","floor":14.0},{"not_picked":["champ:BladeFlurry","champ:PerfectedStrike"],"picked":"champ:PreciseThrust","floor":15.0},{"not_picked":["champ:StrikeOfGenius","champ:Devastate"],"picked":"champ:ShieldSlam","floor":16.0},{"not_picked":["champ:CrookedStrike+1","champ:FanOfKnives+1","champ:BladeFlurry"],"picked":"SKIP","floor":19.0},{"not_picked":["Eruption","Vigilance"],"picked":"champ:Taunt","floor":20.0},{"not_picked":["champ:PerfectForm","champ:HeavySlash"],"picked":"champ:CheapShot","floor":20.0},{"not_picked":["Purity","Madness"],"picked":"expansioncontent:DefensiveStance","floor":20.0},{"not_picked":["infinitespire:FinalStrike","infinitespire:SealOfDarkness+"],"picked":"ReplayTheSpireMod:??????????????????????","floor":20.0},{"not_picked":["champ:Backstep+1","champ:StanceDance"],"picked":"champ:DefensiveShout","floor":22.0},{"not_picked":["champ:HeartStrike","champ:FocusedBerserking","champ:GladiatorsShout"],"picked":"SKIP","floor":25.0},{"not_picked":["champ:AdrenalArmor","champ:Riposte","champ:StanceDance"],"picked":"SKIP","floor":26.0},{"not_picked":["champ:FocusedGladiator","champ:AdrenalArmor","champ:PerfectedStrike"],"picked":"SKIP","floor":27.0},{"not_picked":["champ:RapidStrikes","champ:Haymaker+1"],"picked":"champ:CalledShot","floor":28.0},{"not_picked":["champ:BerserkersShout","champ:BladeFlurry"],"picked":"champ:SkillfulDodge","floor":29.0},{"not_picked":["champ:StanceDance","champ:Control+1"],"picked":"champ:ArenaPreparation","floor":30.0}],"player_experience":664732,"relics_obtained":[{"floor":7.0,"key":"Thread and Needle"},{"floor":29.0,"key":"HornCleat"},{"floor":29.0,"key":"champ:BlackKnightHelmet"}],"event_choices":[{"damage_healed":0.0,"max_hp_gain":0.0,"max_hp_loss":0.0,"gold_gain":0.0,"event_name":"Scrap Ooze","player_choice":"Success","floor":3.0,"gold_loss":0.0,"damage_taken":3.0,"relics_obtained":["Mummified Hand"]},{"damage_healed":0.0,"max_hp_gain":0.0,"max_hp_loss":0.0,"gold_gain":0.0,"cards_transformed":["champ:Strike"],"event_name":"Transmorgrifier","player_choice":"Transformed","floor":6.0,"gold_loss":0.0,"damage_taken":0.0,"cards_obtained":["champ:RapidStrikes"]},{"damage_healed":0.0,"max_hp_gain":0.0,"max_hp_loss":0.0,"gold_gain":0.0,"event_name":"Lab","player_choice":"Got Potions","floor":21.0,"gold_loss":0.0,"damage_taken":0.0}],"is_beta":false,"boss_relics":[{"not_picked":["Snecko Eye","Kintsugi"],"picked":"Philosopher\u0027s Stone"}],"items_purged_floors":[20],"is_endless":false,"potions_floor_spawned":[4,10,12,15,16,26,28,29,30],"killed_by":"Gremlin Leader","ascension_level":0}}