{"host":"7gewg82ormp6yt4e","time":1609400845,"event":{"mods":["BaseMod","Block Reminder","Colored Map","Colored Powertips","DeckTracker","Highlight Path","Minty Spire (QoL Compilation)","Relic Stats","StSLib"],"gold_per_floor":[109,109,109,129,76,105,24,50,104,124,124,155,155,155,155,229,229,247,258,15,28,59,59,59,59],"floor_reached":24,"playtime":1327,"items_purged":[],"score":499,"play_id":"b0429e3e-fc84-49ab-940a-4308b57dddcd","local_time":"20201231164725","is_ascension_mode":true,"campfire_choices":[{"data":"Footwork","floor":11,"key":"SMITH"},{"data":"Footwork","floor":13,"key":"SMITH"},{"data":"Bane","floor":15,"key":"SMITH"},{"floor":23,"key":"REST"}],"circlet_count":0,"master_deck":["AscendersBane","Strike_G","Strike_G","Strike_G","Strike_G","Defend_G","Defend_G","Defend_G","Defend_G","Defend_G","Survivor+1","Neutralize","Leg Sweep","Bane+1","Poisoned Stab","Footwork+1","Footwork+1","Malaise+1","Flying Knee","Dagger Throw","Adrenaline","Noxious Fumes+1","Footwork","Acrobatics","Footwork"],"relics":["Ring of the Snake","NeowsBlessing","Snake Skull","PreservedInsect","Toy Ornithopter","War Paint","Cursed Key","ClockworkSouvenir","Red Mask"],"acts_visited":["Exordium","TheCity"],"potions_floor_usage":[8,8,16,22],"damage_taken":[{"damage":0,"enemies":"Small Slimes","floor":1,"turns":1},{"damage":0,"enemies":"Cultist","floor":4,"turns":1},{"damage":0,"enemies":"Gremlin Nob","floor":6,"turns":1},{"damage":18,"enemies":"3 Sentries","floor":8,"turns":11},{"damage":0,"enemies":"2 Louse","floor":10,"turns":4},{"damage":7,"enemies":"Lagavulin","floor":12,"turns":9},{"damage":1,"enemies":"The Guardian","floor":16,"turns":14},{"damage":1,"enemies":"Chosen","floor":18,"turns":7},{"damage":14,"enemies":"3 Byrds","floor":19,"turns":5},{"damage":0,"enemies":"Centurion and Healer","floor":21,"turns":8},{"damage":24,"enemies":"Masked Bandits","floor":22,"turns":5},{"damage":45,"enemies":"Gremlin Leader","floor":24,"turns":4}],"seed_played":"-1365521750000148874","potions_obtained":[{"floor":1,"key":"ColorlessPotion"},{"floor":2,"key":"CunningPotion"},{"floor":4,"key":"BlessingOfTheForge"},{"floor":8,"key":"GhostInAJar"},{"floor":18,"key":"BlessingOfTheForge"}],"is_trial":false,"path_per_floor":["M","?","$","M","$","E","$","E","T","M","R","E","R","?","R","B",null,"M","M","$","M","?","R","E"],"character_chosen":"THE_SILENT","items_purchased":["Poisoned Stab","Footwork","ClockworkSouvenir","Footwork"],"campfire_rested":1,"item_purchase_floors":[5,7,20,20],"current_hp_per_floor":[59,59,59,59,59,59,59,41,41,41,41,34,34,34,34,38,59,58,44,44,44,25,44,0,0],"gold":59,"neow_bonus":"THREE_ENEMY_KILL","is_daily":false,"chose_seed":false,"campfire_upgraded":3,"win_rate":0.0,"timestamp":1609400845,"path_taken":["M","?","$","?","$","E","$","E","T","?","R","E","R","?","R","BOSS","M","?","$","?","?","R","E"],"items_purchased_type":["Card","Card","Relic","Card"],"build_version":"2020-12-22","purchased_purges":0,"victory":false,"max_hp_per_floor":[66,66,66,66,66,66,66,66,66,66,66,66,66,66,66,66,66,66,66,66,66,66,66,66,66],"relic_stats":{"counters":[12,70],"Snake Skull":[55],"PreservedInsect":78,"War Paint":["Malaise","Survivor"],"Cursed Key":0,"obtain_stats":[{"NeowsBlessing":0,"Snake Skull":6,"PreservedInsect":8,"Red Mask":22,"War Paint":12,"Cursed Key":17,"Toy Ornithopter":9,"Ring of the Snake":0,"ClockworkSouvenir":20},{"NeowsBlessing":0,"Snake Skull":3,"PreservedInsect":4,"Red Mask":11,"War Paint":6,"Cursed Key":7,"Toy Ornithopter":4,"Ring of the Snake":0,"ClockworkSouvenir":9},{"NeowsBlessing":0,"Snake Skull":3,"PreservedInsect":14,"Red Mask":66,"War Paint":27,"Cursed Key":41,"Toy Ornithopter":14,"Ring of the Snake":0,"ClockworkSouvenir":53}],"Toy Ornithopter":10,"Ring of the Snake":[24]},"card_choices":[{"not_picked":["Riddle With Holes","Quick Slash"],"picked":"Leg Sweep","floor":1},{"not_picked":["Accuracy","Prepared"],"picked":"Bane","floor":4},{"not_picked":["Acrobatics","Deadly Poison"],"picked":"Footwork","floor":6},{"not_picked":["Blade Dance","Dagger Spray"],"picked":"Malaise","floor":8},{"not_picked":["Concentrate","Predator"],"picked":"Flying Knee","floor":10},{"not_picked":["Bullet Time","Blade Dance"],"picked":"Dagger Throw","floor":12},{"not_picked":["A Thousand Cuts","After Image"],"picked":"Adrenaline","floor":16},{"not_picked":["Bane","Flying Knee"],"picked":"Noxious Fumes+1","floor":18},{"not_picked":["Distraction","Blade Dance","Slice"],"picked":"SKIP","floor":19},{"not_picked":["Sucker Punch","A Thousand Cuts"],"picked":"Acrobatics","floor":21},{"not_picked":["Flying Knee","Bane"],"picked":"Footwork","floor":22}],"player_experience":2442204,"relics_obtained":[{"floor":6,"key":"Snake Skull"},{"floor":8,"key":"PreservedInsect"},{"floor":9,"key":"Toy Ornithopter"},{"floor":12,"key":"War Paint"},{"floor":22,"key":"Red Mask"}],"event_choices":[{"damage_healed":0,"gold_gain":0,"player_choice":"Got Potions","damage_taken":0,"max_hp_gain":0,"max_hp_loss":0,"event_name":"Lab","floor":2,"gold_loss":0},{"cards_removed":["Strike_G"],"damage_healed":0,"gold_gain":0,"player_choice":"Card Removal","damage_taken":0,"max_hp_gain":0,"max_hp_loss":0,"event_name":"Wheel of Change","floor":14,"gold_loss":0},{"damage_healed":0,"gold_gain":0,"player_choice":"Fought Bandits","damage_taken":0,"max_hp_gain":0,"max_hp_loss":0,"event_name":"Masked Bandits","floor":22,"gold_loss":0}],"is_beta":false,"boss_relics":[{"not_picked":["Sozu","SacredBark"],"picked":"Cursed Key"}],"items_purged_floors":[],"is_endless":false,"potions_floor_spawned":[1,4,8,18],"killed_by":"Gremlin Leader","ascension_level":20}}