{"host":"89b1o62hw5aqf71h","time":1609448980,"event":{"mods":["Ascension Reborn","Ascension Unlocker","Aspiration","Bard","BaseMod","Bestiary","Better Silent Start","Better-Laid Plans","BetterRewards","CatGirl Mod","Challenge The Spire","Colored Map","Colored Powertips","Conspire","Energized Spire","Hubris","Infinite Spire","JesterMod","Marisa????????","Mimic Mod","Minty Spire (QoL Compilation)","Potionbrewer","Random Character Button","Random Character Mod","Replay The Spire","Retaliation","Shop Mod","Small Relic Pack","Spicy Shops","Spikes Relics","StSLib","The Alterego","The Bladedancer","The Blue Laboratory","The Druid","The Hierophant","The Poker Player","The Runesmith","The Sage","The Saiyan","The Vixen","TheArtist","TheVelvet","Thieving Mod","Uncapped","Waifu the Spire","everything is the same but u backflip on backflip","vexMod","??????REMEMod"],"gold_per_floor":[439,60,102,140,140,140],"floor_reached":5,"playtime":356,"items_purged":["hadesmod:OctoHit"],"score":45,"play_id":"795a7c1c-f4a0-4e50-83b1-387dfd60be40","local_time":"20201231160940","daily_mods":["challengethespire:Bronze Difficulty","challengethespire:Elite Rush","Uncertain Future"],"is_ascension_mode":false,"campfire_choices":[],"circlet_count":0,"master_deck":["theCatGirl:Strike","theCatGirl:Strike","theCatGirl:Strike","theCatGirl:Strike","theCatGirl:Defend","theCatGirl:Defend","theCatGirl:Defend","theCatGirl:Defend","theCatGirl:ClawStrike","theCatGirl:Evasion","Doubt","theCatGirl:UnrelentingAssault","theCatGirl:Prepared","theCatGirl:AngryForm","theCatGirl:LearnThePattern"],"relics":["theCatGirl:TrainedRelic","Black Star","Sling","PreservedInsect","REME_ComplimentaryCards","ReplayTheSpireMod:CursedCoin","CeramicFish","REME_HourglassOfDeath","MerchantsRug","RoseTintedShades","potionbrewer:BottledElixir","ReplayTheSpireMod:Lightbulb","Nunchaku","infinitespire:PuzzleCube"],"acts_visited":["Exordium"],"potions_floor_usage":[5,5,5],"damage_taken":[{"damage":43.0,"enemies":"Gremlin Nob","floor":3.0,"turns":5.0},{"damage":21.0,"enemies":"Lagavulin","floor":4.0,"turns":8.0},{"damage":13,"enemies":"3 Sentries","floor":5,"turns":2}],"seed_played":"1311841848481139393","potions_obtained":[{"floor":4.0,"key":"potionbrewer:NoxiousPotion"}],"is_trial":true,"path_per_floor":["$","$","E","E","E"],"character_chosen":"THE_CATGIRL","items_purchased":["ReplayTheSpireMod:CursedCoin","CeramicFish","REME_HourglassOfDeath","potionbrewer:NoxiousPotion","MerchantsRug","theCatGirl:UnrelentingAssault","RoseTintedShades","theCatGirl:Prepared","ColorlessPotion"],"campfire_rested":0,"item_purchase_floors":[1,1,1,1,1,1,2,2,2],"current_hp_per_floor":[70,70,27,6,0,0],"gold":140,"neow_bonus":"","is_daily":false,"chose_seed":false,"campfire_upgraded":0,"win_rate":0.0,"timestamp":1609448980,"path_taken":["$","$","E","E","E"],"items_purchased_type":["Relic","Relic","Relic","Potion","Relic","Card","Relic","Card","Potion"],"build_version":"2020-12-22","purchased_purges":1,"victory":false,"max_hp_per_floor":[70,70,70,70,70,70],"card_choices":[],"player_experience":14252,"relics_obtained":[{"floor":3.0,"key":"potionbrewer:BottledElixir"},{"floor":3.0,"key":"ReplayTheSpireMod:Lightbulb"},{"floor":4.0,"key":"Nunchaku"},{"floor":4.0,"key":"infinitespire:PuzzleCube"}],"event_choices":[],"is_beta":false,"boss_relics":[],"items_purged_floors":[1],"is_endless":false,"potions_floor_spawned":[4],"killed_by":"3 Sentries","ascension_level":0}}