{"host":"hu38hxukylnnynm2","time":1609392180,"event":{"mods":["AchievementEnabler","BaseMod","Card Forge","Colored Powertips","DNKmod","DeckTracker","Friendly Minions","Highlight Path","Minty Spire (QoL Compilation)","Spicy Shops","StSLib"],"gold_per_floor":[1012,1012,1012,1028,1046,1046,1056,1082,1106,1140,624,643,655,680,680,779,779,790,172,187,199,216,216,246,246,246,246,276,295,308,342,342,439,439,450,504,93,93,0,0,11,11,11,23,62,74,114,145,157,169,181,193,60,86,86],"floor_reached":56,"playtime":2919,"items_purged":[],"score":2016,"play_id":"c41d5bf0-3edd-48ea-b331-8abc6a6f5534","local_time":"20201231002300","is_ascension_mode":true,"campfire_choices":[{"floor":6.0,"key":"RECALL"},{"floor":15.0,"key":"REST"},{"floor":23.0,"key":"REST"},{"floor":25.0,"key":"REST"},{"floor":32.0,"key":"REST"},{"floor":40.0,"key":"REST"},{"floor":42.0,"key":"REST"},{"floor":46.0,"key":"REST"},{"floor":49.0,"key":"REST"},{"floor":52,"key":"REST"}],"circlet_count":0,"master_deck":["Strike_R+1","Strike_R+1","Strike_R+1","Strike_R+1","Strike_R+1","Bash+1","Perfected Strike+1","Cleave+1","Twin Strike+1","Pommel Strike+1","Pommel Strike+1","Inflame+1","Feed+1","Clothesline+1","Flex+1","Iron Wave+1","Immolate+1","Heavy Blade+1","Perfected Strike+1","Twin Strike+1","Flame Barrier+1","Twin Strike+1","Pommel Strike+1","Whirlwind+1","Heavy Blade+1","Shrug It Off+1","Limit Break+1","Bloodletting+1","Perfected Strike+1","Berserk+1","Pummel+1","Heavy Blade+1","Discovery+1","Heavy Blade+1","Perfected Strike+1","Bludgeon+1","Heavy Blade+1","Inflame+1"],"relics":["Burning Blood","Hammer of Thor","Seething Fire","Anvil of the Gods","NeowsBlessing","Happy Flower","WarpedTongs","Regal Pillow","Pen Nib","Orichalcum","Brimstone","Blood Vial","Incense Burner","Centennial Puzzle","Bottled Flame","Mark of Pain","Sling","Sundial","Lee\u0027s Waffle","Akabeko","Oddly Smooth Stone","PreservedInsect","HornCleat","Matryoshka","Astrolabe","Thread and Needle","ClockworkSouvenir","StrikeDummy","Red Mask","MawBank","Toy Ornithopter","Boot","Du-Vu Doll","Vajra","Lantern"],"acts_visited":["Exordium","TheCity","TheBeyond","TheEnding"],"potions_floor_usage":[55],"damage_taken":[{"damage":0.0,"enemies":"2 Louse","floor":1.0,"turns":1.0},{"damage":0.0,"enemies":"Small Slimes","floor":4.0,"turns":1.0},{"damage":0.0,"enemies":"Cultist","floor":5.0,"turns":1.0},{"damage":9.0,"enemies":"Exordium Thugs","floor":7.0,"turns":3.0},{"damage":0.0,"enemies":"Gremlin Nob","floor":8.0,"turns":2.0},{"damage":0.0,"enemies":"Lagavulin","floor":10.0,"turns":2.0},{"damage":0.0,"enemies":"Looter","floor":12.0,"turns":2.0},{"damage":0.0,"enemies":"Large Slime","floor":13.0,"turns":2.0},{"damage":3.0,"enemies":"3 Sentries","floor":14.0,"turns":3.0},{"damage":40.0,"enemies":"Hexaghost","floor":16.0,"turns":3.0},{"damage":0.0,"enemies":"Shell Parasite","floor":18.0,"turns":1.0},{"damage":0.0,"enemies":"3 Byrds","floor":20.0,"turns":3.0},{"damage":19.0,"enemies":"Snake Plant","floor":21.0,"turns":2.0},{"damage":0.0,"enemies":"Snecko","floor":22.0,"turns":1.0},{"damage":0.0,"enemies":"Book of Stabbing","floor":24.0,"turns":2.0},{"damage":0.0,"enemies":"Gremlin Leader","floor":28.0,"turns":1.0},{"damage":6.0,"enemies":"Centurion and Healer","floor":29.0,"turns":2.0},{"damage":0.0,"enemies":"3 Cultists","floor":30.0,"turns":1.0},{"damage":0.0,"enemies":"Book of Stabbing","floor":31.0,"turns":2.0},{"damage":19.0,"enemies":"Collector","floor":33.0,"turns":3.0},{"damage":0.0,"enemies":"Orb Walker","floor":35.0,"turns":1.0},{"damage":0.0,"enemies":"2 Orb Walkers","floor":36.0,"turns":2.0},{"damage":0.0,"enemies":"3 Darklings","floor":41.0,"turns":2.0},{"damage":17.0,"enemies":"Nemesis","floor":45.0,"turns":3.0},{"damage":0.0,"enemies":"Giant Head","floor":47.0,"turns":3.0},{"damage":0.0,"enemies":"Spire Growth","floor":48.0,"turns":2.0},{"damage":43,"enemies":"Donu and Deca","floor":50,"turns":4},{"damage":0,"enemies":"Shield and Spear","floor":54,"turns":2},{"damage":108,"enemies":"The Heart","floor":55,"turns":5}],"seed_played":"-4814863542100013374","potions_obtained":[{"floor":4.0,"key":"SmokeBomb"},{"floor":5.0,"key":"FearPotion"},{"floor":8.0,"key":"Fire Potion"},{"floor":10.0,"key":"AttackPotion"},{"floor":41.0,"key":"Fruit Juice"},{"floor":45.0,"key":"Energy Potion"}],"is_trial":false,"path_per_floor":["M","?","?","M","M","R","M","E","T","E","$","M","M","E","R","B",null,"M","$","M","M","M","R","E","R","T","?","E","M","M","E","R","B",null,"M","?","$","?","?","R","M","R","T","?","E","R","E","M","R","B",null,"R","$","E","B",null],"character_chosen":"IRONCLAD","items_purchased":["Brimstone","Blood Vial","Incense Burner","Centennial Puzzle","Sling","Sundial","Lee\u0027s Waffle","Akabeko","ClockworkSouvenir","StrikeDummy","Vajra"],"campfire_rested":9,"item_purchase_floors":[11,11,11,11,19,19,19,19,37,37,53],"current_hp_per_floor":[100,100,100,100,100,100,97,100,100,100,100,100,100,100,100,66,92,100,107,107,98,106,111,111,111,111,111,111,115,115,115,115,102,112,115,119,119,119,119,119,124,124,124,124,113,124,124,124,124,91,119,128,128,128,31],"gold":86,"neow_bonus":"THREE_ENEMY_KILL","is_daily":false,"chose_seed":false,"campfire_upgraded":0,"win_rate":0.0,"timestamp":1609392180,"path_taken":["M","?","?","?","M","R","M","E","T","E","$","M","M","E","R","BOSS","M","$","M","M","M","R","E","R","T","?","E","M","M","E","R","BOSS","M","?","$","?","?","R","?","R","T","?","E","R","E","M","R","BOSS","R","$","E","BOSS"],"items_purchased_type":["Relic","Relic","Relic","Relic","Relic","Relic","Relic","Relic","Relic","Relic","Relic"],"build_version":"2020-12-22","purchased_purges":0,"victory":true,"max_hp_per_floor":[100,100,100,100,100,100,100,100,100,100,100,100,100,100,100,100,100,100,107,107,111,111,111,111,111,111,111,111,115,115,115,115,115,115,115,119,119,119,119,119,124,124,124,124,124,124,124,124,124,128,128,128,128,128,128],"card_choices":[{"not_picked":["Warcry","Anger"],"picked":"Perfected Strike","floor":1.0},{"not_picked":["Second Wind","Evolve"],"picked":"Cleave","floor":4.0},{"not_picked":["Second Wind","Burning Pact"],"picked":"Twin Strike","floor":5.0},{"not_picked":["Warcry","Inflame"],"picked":"Pommel Strike","floor":7.0},{"not_picked":["Reckless Charge","Burning Pact"],"picked":"Pommel Strike","floor":8.0},{"not_picked":["Armaments","Battle Trance"],"picked":"Feed","floor":10.0},{"not_picked":["Sever Soul","Dropkick"],"picked":"Clothesline","floor":12.0},{"not_picked":["Rupture","Battle Trance"],"picked":"Flex","floor":13.0},{"not_picked":["Pommel Strike","Flex"],"picked":"Iron Wave","floor":14.0},{"not_picked":["Offering","Fiend Fire"],"picked":"Immolate","floor":16.0},{"not_picked":["Shrug It Off+1","Entrench+1"],"picked":"Heavy Blade","floor":18.0},{"not_picked":["Thunderclap","True Grit"],"picked":"Perfected Strike+1","floor":20.0},{"not_picked":["True Grit","Body Slam"],"picked":"Twin Strike","floor":21.0},{"not_picked":["Burning Pact","Reckless Charge"],"picked":"Flame Barrier","floor":22.0},{"not_picked":["Armaments","True Grit"],"picked":"Twin Strike","floor":24.0},{"not_picked":["Twin Strike+1","Sentinel"],"picked":"Pommel Strike+1","floor":28.0},{"not_picked":["Havoc","Flex"],"picked":"Whirlwind","floor":29.0},{"not_picked":["Cleave","Sword Boomerang"],"picked":"Heavy Blade","floor":30.0},{"not_picked":["Clash","Havoc"],"picked":"Shrug It Off+1","floor":31.0},{"not_picked":["Impervious","Berserk"],"picked":"Limit Break","floor":33.0},{"not_picked":["Clothesline","Shrug It Off"],"picked":"Pummel+1","floor":35.0},{"not_picked":["Warcry+1","Carnage+1"],"picked":"Heavy Blade+1","floor":36.0},{"not_picked":["Chrysalis","Metamorphosis"],"picked":"Discovery","floor":38.0},{"not_picked":["Carnage","Body Slam"],"picked":"Heavy Blade+1","floor":41.0},{"not_picked":["Anger","Searing Blow"],"picked":"Perfected Strike","floor":45.0},{"not_picked":["Warcry","Iron Wave"],"picked":"Bludgeon","floor":47.0},{"not_picked":["Clash","Cleave"],"picked":"Heavy Blade+1","floor":48.0},{"not_picked":["Burning Pact+1","Intimidate"],"picked":"Inflame+1","floor":54}],"player_experience":529529,"relics_obtained":[{"floor":8.0,"key":"Regal Pillow"},{"floor":9.0,"key":"Pen Nib"},{"floor":10.0,"key":"Orichalcum"},{"floor":14.0,"key":"Bottled Flame"},{"floor":24.0,"key":"Oddly Smooth Stone"},{"floor":28.0,"key":"HornCleat"},{"floor":31.0,"key":"Matryoshka"},{"floor":36.0,"key":"Thread and Needle"},{"floor":43.0,"key":"MawBank"},{"floor":43.0,"key":"Toy Ornithopter"},{"floor":45.0,"key":"Boot"},{"floor":47.0,"key":"Du-Vu Doll"},{"floor":54,"key":"Lantern"}],"event_choices":[{"damage_healed":0.0,"max_hp_gain":0.0,"max_hp_loss":0.0,"gold_gain":0.0,"event_name":"Big Fish","player_choice":"Box","floor":2.0,"gold_loss":0.0,"damage_taken":0.0,"relics_obtained":["Happy Flower"],"cards_obtained":["Regret"]},{"damage_healed":0.0,"max_hp_gain":0.0,"max_hp_loss":0.0,"gold_gain":0.0,"event_name":"Accursed Blacksmith","player_choice":"Rummage","floor":3.0,"gold_loss":0.0,"damage_taken":0.0,"relics_obtained":["WarpedTongs"],"cards_obtained":["Pain"]},{"damage_healed":0.0,"max_hp_gain":0.0,"max_hp_loss":0.0,"gold_gain":0.0,"event_name":"Addict","player_choice":"Stole Relic","floor":27.0,"gold_loss":0.0,"damage_taken":0.0,"relics_obtained":["PreservedInsect"],"cards_obtained":["Shame"]},{"damage_healed":0.0,"max_hp_gain":0.0,"max_hp_loss":0.0,"gold_gain":0.0,"event_name":"Mysterious Sphere","player_choice":"Fight","floor":36.0,"gold_loss":0.0,"damage_taken":0.0},{"damage_healed":0.0,"max_hp_gain":0.0,"max_hp_loss":0.0,"gold_gain":0.0,"event_name":"SensoryStone","player_choice":"Memory 1","floor":38.0,"gold_loss":0.0,"damage_taken":0.0},{"damage_healed":0.0,"max_hp_gain":0.0,"max_hp_loss":0.0,"gold_gain":0.0,"event_name":"Tomb of Lord Red Mask","player_choice":"Paid","floor":39.0,"gold_loss":93.0,"damage_taken":0.0,"relics_obtained":["Red Mask"]},{"cards_removed":["Defend_R"],"damage_healed":0.0,"max_hp_gain":0.0,"max_hp_loss":0.0,"gold_gain":0.0,"event_name":"Falling","player_choice":"Removed Skill","floor":44.0,"gold_loss":0.0,"damage_taken":0.0}],"is_beta":false,"boss_relics":[{"not_picked":["Pandora\u0027s Box","SacredBark"],"picked":"Mark of Pain"},{"not_picked":["Coffee Dripper","Velvet Choker"],"picked":"Astrolabe"}],"items_purged_floors":[],"is_endless":false,"potions_floor_spawned":[4,5,8,10,14,20,24,28,30,33,35,41,45],"ascension_level":7}}