{"host":"r5d2dd2phecx262s","time":1609388513,"event":{"mods":["2.2 Compatiblity","AchievementEnabler","BaseMod","Curses Come First","Minty Spire (QoL Compilation)","StSLib"],"gold_per_floor":[117,131,146,146,146,146,179,179,179,190,190,209,219,219,219,314,314,314],"floor_reached":17,"playtime":447,"items_purged":[],"score":157,"play_id":"1714b876-eeba-4918-bd7d-ecab39eeb7e9","local_time":"20201231012153","is_ascension_mode":false,"campfire_choices":[{"data":"Shockwave","floor":6,"key":"SMITH"},{"data":"Bash","floor":8,"key":"SMITH"},{"data":"Wild Strike","floor":11,"key":"SMITH"},{"data":"Dual Wield","floor":15,"key":"SMITH"}],"circlet_count":0,"master_deck":["Strike_R","Strike_R","Defend_R","Defend_R+1","Defend_R","Defend_R","Bash+1","Shockwave+1","Reckless Charge+1","Wild Strike+1","Dual Wield+1","Cleave","Second Wind","Corruption","Limit Break+1","Body Slam+1","Double Tap+1"],"relics":["Burning Blood","Smiling Mask","Darkstone Periapt","Astrolabe"],"acts_visited":["Exordium","TheCity"],"potions_floor_usage":[16,16],"damage_taken":[{"damage":6,"enemies":"Cultist","floor":1,"turns":3},{"damage":5,"enemies":"2 Louse","floor":2,"turns":3},{"damage":10,"enemies":"Small Slimes","floor":3,"turns":4},{"damage":8,"enemies":"Lagavulin","floor":7,"turns":6},{"damage":7,"enemies":"Looter","floor":10,"turns":2},{"damage":0,"enemies":"2 Fungi Beasts","floor":12,"turns":2},{"damage":4,"enemies":"Blue Slaver","floor":13,"turns":2},{"damage":38,"enemies":"The Guardian","floor":16,"turns":11}],"seed_played":"4819829535716259505","potions_obtained":[{"floor":2,"key":"Strength Potion"},{"floor":10,"key":"BlessingOfTheForge"},{"floor":12,"key":"DuplicationPotion"},{"floor":16,"key":"Explosive Potion"}],"is_trial":false,"path_per_floor":["M","M","M","$","?","R","E","R","T","M","R","M","M","?","R","B",null],"character_chosen":"IRONCLAD","items_purchased":[],"campfire_rested":0,"item_purchase_floors":[],"current_hp_per_floor":[80,80,76,76,60,60,58,58,58,57,57,63,65,70,70,38,85,85],"gold":314,"neow_bonus":"THREE_CARDS","is_daily":false,"chose_seed":false,"campfire_upgraded":4,"win_rate":0.0,"timestamp":1609388513,"path_taken":["M","?","M","$","?","R","E","R","T","M","R","M","M","?","R","BOSS"],"items_purchased_type":[],"build_version":"2020-12-22","purchased_purges":0,"victory":false,"max_hp_per_floor":[80,80,80,80,80,80,80,80,80,80,80,80,80,85,85,85,85,85],"card_choices":[{"not_picked":["Body Slam","Warcry"],"picked":"Shockwave","floor":0},{"not_picked":["Heavy Blade","True Grit","Body Slam"],"picked":"SKIP","floor":1},{"not_picked":["Shockwave","Anger"],"picked":"Reckless Charge","floor":2},{"not_picked":["Spot Weakness","Twin Strike"],"picked":"Wild Strike","floor":3},{"not_picked":["Havoc","Heavy Blade"],"picked":"Dual Wield","floor":7},{"not_picked":["Bludgeon","Clash","Warcry"],"picked":"SKIP","floor":10},{"not_picked":["Warcry","Wild Strike"],"picked":"Cleave","floor":12},{"not_picked":["Shockwave","Wild Strike"],"picked":"Second Wind","floor":13},{"not_picked":["Exhume","Fiend Fire"],"picked":"Corruption","floor":16}],"player_experience":1555821,"relics_obtained":[{"floor":7,"key":"Smiling Mask"},{"floor":9,"key":"Darkstone Periapt"}],"event_choices":[{"damage_healed":0,"gold_gain":0,"player_choice":"Entered Light","damage_taken":16,"max_hp_gain":0,"max_hp_loss":0,"event_name":"Shining Light","floor":5,"gold_loss":0,"cards_upgraded":["Defend_R","Reckless Charge"]},{"damage_healed":0,"gold_gain":0,"player_choice":"Donut","damage_taken":0,"max_hp_gain":5,"max_hp_loss":0,"event_name":"Big Fish","floor":14,"gold_loss":0}],"is_beta":false,"boss_relics":[{"not_picked":["Coffee Dripper","Ectoplasm"],"picked":"Astrolabe"}],"items_purged_floors":[],"is_endless":false,"potions_floor_spawned":[2,10,12,16],"ascension_level":0}}