{"host":"f5gffvlv6a66yqkd","time":1609440060,"event":{"mods":["2.2 Compatiblity","BaseMod","Colored Map","DeckTracker","Keyboard Shortcuts","Minty Spire (QoL Compilation)","Permanent Neow","Quick Restart","Relic Stats","StSLib","SuperFastMode"],"gold_per_floor":[13,30,40,51,64,64,81,81,105,115,115,142,142,176,176,261,261,277,277,277,297,61,89,124,142,142,42,42,57,57,57,57,57,57],"floor_reached":33,"playtime":818,"items_purged":["Strike_B","Strike_B"],"score":583,"play_id":"b83ca199-7b67-4c89-ba2a-a8f3ff9718eb","local_time":"20210101034100","is_ascension_mode":true,"campfire_choices":[{"data":"Redo","floor":6.0,"key":"SMITH"},{"data":"Zap","floor":8.0,"key":"SMITH"},{"data":"Barrage","floor":11.0,"key":"SMITH"},{"data":"Darkness","floor":13.0,"key":"SMITH"},{"data":"Dualcast","floor":15.0,"key":"SMITH"},{"floor":28.0,"key":"REST"},{"data":"Coolheaded","floor":30.0,"key":"SMITH"},{"floor":32.0,"key":"RECALL"}],"circlet_count":0,"master_deck":["AscendersBane","Defend_B","Defend_B","Defend_B","Defend_B","Zap+1","Dualcast+1","Doom and Gloom","Undo","Coolheaded+1","Cold Snap","Redo+1","Ball Lightning","Barrage+1","Darkness+1","Electrodynamics","Self Repair","Aggregate"],"relics":["Cracked Core","DataDisk","Art of War","CeramicFish","Ornamental Fan","Nloth\u0027s Gift","ClockworkSouvenir","Strawberry","FossilizedHelix"],"acts_visited":["Exordium","TheCity"],"potions_floor_usage":[33],"damage_taken":[{"damage":1.0,"enemies":"Cultist","floor":1.0,"turns":3.0},{"damage":8.0,"enemies":"Small Slimes","floor":2.0,"turns":2.0},{"damage":3.0,"enemies":"2 Louse","floor":3.0,"turns":3.0},{"damage":0.0,"enemies":"Exordium Wildlife","floor":4.0,"turns":2.0},{"damage":13.0,"enemies":"Looter","floor":5.0,"turns":4.0},{"damage":5.0,"enemies":"Exordium Thugs","floor":7.0,"turns":4.0},{"damage":2.0,"enemies":"Large Slime","floor":10.0,"turns":4.0},{"damage":5.0,"enemies":"Gremlin Nob","floor":12.0,"turns":3.0},{"damage":4.0,"enemies":"Lagavulin","floor":14.0,"turns":4.0},{"damage":17.0,"enemies":"The Guardian","floor":16.0,"turns":11.0},{"damage":0.0,"enemies":"3 Byrds","floor":18.0,"turns":3.0},{"damage":11.0,"enemies":"Shell Parasite","floor":21.0,"turns":4.0},{"damage":15.0,"enemies":"Centurion and Healer","floor":23.0,"turns":8.0},{"damage":45.0,"enemies":"Gremlin Leader","floor":24.0,"turns":5.0},{"damage":35.0,"enemies":"Snake Plant","floor":25.0,"turns":4.0},{"damage":0.0,"enemies":"Chosen and Byrds","floor":29.0,"turns":4.0},{"damage":86,"enemies":"Champ","floor":33,"turns":8}],"seed_played":"5908008786185723232","potions_obtained":[{"floor":3.0,"key":"BlessingOfTheForge"},{"floor":4.0,"key":"FearPotion"},{"floor":12.0,"key":"EntropicBrew"},{"floor":21.0,"key":"Fruit Juice"},{"floor":23.0,"key":"SteroidPotion"}],"is_trial":false,"path_per_floor":["M","M","M","M","M","R","M","R","T","M","R","E","R","E","R","B",null,"M","T","?","M","$","M","E","M","T","$","R","M","R","?","R","B"],"character_chosen":"DEFECT","items_purchased":["ClockworkSouvenir"],"campfire_rested":1,"item_purchase_floors":[22],"current_hp_per_floor":[77,69,66,66,53,53,48,48,48,46,46,41,41,37,37,20,69,69,69,69,58,58,55,24,28,28,28,57,64,64,64,64,0,0],"gold":57,"neow_bonus":"TWENTY_PERCENT_HP_BONUS","is_daily":false,"chose_seed":false,"campfire_upgraded":6,"win_rate":0.0,"timestamp":1609440060,"path_taken":["M","M","M","M","M","R","M","R","T","M","R","E","R","E","R","BOSS","M","?","?","M","$","M","E","?","T","$","R","M","R","?","R","BOSS"],"items_purchased_type":["Relic"],"build_version":"2020-12-22","purchased_purges":2,"victory":false,"max_hp_per_floor":[85,85,85,85,85,85,85,85,85,85,85,85,85,85,85,85,85,85,85,85,85,85,90,97,97,97,97,97,97,97,97,97,97,97],"relic_stats":{"counters":[17,76],"Ornamental Fan":[4],"CeramicFish":27,"Art of War":[13],"Nloth\u0027s Gift":0,"obtain_stats":[{"DataDisk":9,"Ornamental Fan":19,"CeramicFish":14,"Strawberry":24,"Art of War":12,"Nloth\u0027s Gift":20,"Cracked Core":0,"Empty Cage":17,"FossilizedHelix":26,"ClockworkSouvenir":22},{"DataDisk":6,"Ornamental Fan":11,"CeramicFish":9,"Strawberry":14,"Art of War":8,"Nloth\u0027s Gift":11,"Cracked Core":0,"Empty Cage":10,"FossilizedHelix":15,"ClockworkSouvenir":12},{"DataDisk":18,"Ornamental Fan":43,"CeramicFish":29,"Strawberry":60,"Art of War":25,"Nloth\u0027s Gift":43,"Cracked Core":0,"Empty Cage":40,"FossilizedHelix":64,"ClockworkSouvenir":47}]},"card_choices":[{"not_picked":["Go for the Eyes","Conserve Battery"],"picked":"Doom and Gloom","floor":1.0},{"not_picked":["Compile Driver","Steam"],"picked":"Undo","floor":2.0},{"not_picked":["Double Energy","Sweeping Beam"],"picked":"Coolheaded","floor":3.0},{"not_picked":["Lockon","Doom and Gloom"],"picked":"Cold Snap","floor":4.0},{"not_picked":["Force Field","Creative AI"],"picked":"Redo","floor":5.0},{"not_picked":["Leap","Go for the Eyes"],"picked":"Ball Lightning","floor":7.0},{"not_picked":["Conserve Battery","Gash"],"picked":"Barrage","floor":10.0},{"not_picked":["Reinforced Body","Ball Lightning"],"picked":"Darkness","floor":12.0},{"not_picked":["Go for the Eyes","Scrape","Reprogram"],"picked":"SKIP","floor":14.0},{"not_picked":["Echo Form","Meteor Strike"],"picked":"Electrodynamics","floor":16.0},{"not_picked":["Sweeping Beam+1","Force Field","Rip and Tear"],"picked":"SKIP","floor":18.0},{"not_picked":["Reprogram","Redo+1"],"picked":"Self Repair","floor":21.0},{"not_picked":["Rebound","Leap"],"picked":"Aggregate","floor":23.0},{"not_picked":["Aggregate","Consume","Blizzard"],"picked":"SKIP","floor":24.0},{"not_picked":["Go for the Eyes","Ball Lightning","Darkness"],"picked":"SKIP","floor":25.0},{"not_picked":["Force Field+1","Ball Lightning","Storm"],"picked":"SKIP","floor":29.0}],"player_experience":1517747,"relics_obtained":[{"floor":9.0,"key":"DataDisk"},{"floor":12.0,"key":"Art of War"},{"floor":14.0,"key":"CeramicFish"},{"floor":19.0,"key":"Ornamental Fan"},{"floor":24.0,"key":"Strawberry"},{"floor":26.0,"key":"FossilizedHelix"}],"event_choices":[{"damage_healed":0.0,"max_hp_gain":0.0,"max_hp_loss":0.0,"gold_gain":0.0,"event_name":"N\u0027loth","player_choice":"Traded Relic","floor":20.0,"relics_lost":["Empty Cage"],"gold_loss":0.0,"damage_taken":0.0,"relics_obtained":["Nloth\u0027s Gift"]}],"is_beta":false,"boss_relics":[{"not_picked":["SlaversCollar","FrozenCore"],"picked":"Empty Cage"}],"items_purged_floors":[22,27],"is_endless":false,"potions_floor_spawned":[3,4,7,12,21,23],"killed_by":"Champ","ascension_level":20}}