{"host":"bf9sa99gaumonoeu","time":1609378970,"event":{"mods":["AchievementEnabler","Act Like it!","BaseMod","Colored Map","Colored Powertips","Downfall","Friendly Minions","Gensokyo","Hermit","Jorbs\u0027s Wanderer Trilogy","Marisa????????","Minty Spire (QoL Compilation)","Remilia??????","Replay The Spire","Shop Mod","StSLib","The Animator","The Bug Knight","The Cursed","The Disciple","The Hierophant","The Senshi","The Servant 0.9.4"],"gold_per_floor":[110,110,110,110,30,58,28,58,107,107,118,118,134,146,146,146,146],"floor_reached":16,"playtime":996,"items_purged":[],"score":289,"play_id":"4da315a8-8a5c-41b3-9733-e235f9d9421d","local_time":"20201230234250","is_ascension_mode":true,"campfire_choices":[{"data":"Backflip","floor":10,"key":"SMITH"},{"data":"Dodge and Roll","floor":15,"key":"SMITH"}],"circlet_count":0,"master_deck":["AscendersBane","Strike_G","Strike_G","Strike_G","Strike_G","Strike_G","Defend_G","Defend_G","Defend_G","Defend_G","Defend_G","Survivor","Backflip+1","Infinite Blades","Dagger Spray","Clumsy","All Out Attack","Dodge and Roll+1","Gensokyo:RPG","Dagger Throw","PiercingWail","Accuracy"],"relics":["Ring of the Snake","NeowsBlessing","Happy Flower","Gensokyo:NagashiBinaDoll","Tingsha","Singing Bowl","Tiny Chest"],"acts_visited":["Exordium"],"potions_floor_usage":[11,14,16],"damage_taken":[{"damage":0,"enemies":"Gensokyo:3_Fairies","floor":1,"turns":1},{"damage":0,"enemies":"Gensokyo:Mamizou","floor":6,"turns":2},{"damage":0,"enemies":"Gensokyo:Cirno","floor":8,"turns":2},{"damage":3,"enemies":"Gensokyo:Python","floor":11,"turns":3},{"damage":0,"enemies":"Gensokyo:Gryphon","floor":13,"turns":3},{"damage":0,"enemies":"Gensokyo:LivingMonolith","floor":14,"turns":3},{"damage":92,"enemies":"Gensokyo:Kokoro","floor":16,"turns":13}],"seed_played":"-5502137724212152714","potions_obtained":[{"floor":6,"key":"SpeedPotion"},{"floor":8,"key":"DistilledChaos"},{"floor":14,"key":"LiquidBronze"}],"is_trial":false,"path_per_floor":["M","?","?","?","$","E","COS","E","T","R","M","?","M","M","R","B"],"character_chosen":"THE_SILENT","items_purchased":["All Out Attack"],"campfire_rested":0,"item_purchase_floors":[5],"current_hp_per_floor":[59,59,59,59,59,59,59,61,61,61,58,58,58,58,58,0,0],"gold":146,"neow_bonus":"THREE_ENEMY_KILL","is_daily":false,"chose_seed":false,"campfire_upgraded":2,"win_rate":0.0,"timestamp":1609378970,"path_taken":["M","?","?","?","$","E","COS","E","T","R","M","?","M","M","R","BOSS"],"items_purchased_type":["Card"],"build_version":"2020-12-22","purchased_purges":0,"victory":false,"max_hp_per_floor":[66,66,66,66,66,66,66,68,68,68,68,68,68,68,68,68,68],"card_choices":[{"not_picked":["Fluid Movement","Crippling Poison"],"picked":"Backflip","floor":1},{"not_picked":["Finisher","Prepared"],"picked":"Infinite Blades","floor":3},{"not_picked":["Acrobatics","Outmaneuver"],"picked":"Dagger Spray","floor":3},{"not_picked":["Underhanded Strike","Sucker Punch"],"picked":"Dodge and Roll","floor":6},{"not_picked":["Replay:Poison Smokescreen","ReplayTheSpireMod:Necrosis","Poisoned Stab"],"picked":"Singing Bowl","floor":8},{"not_picked":["Hidden Blade","Acrobatics"],"picked":"Dagger Throw","floor":11},{"not_picked":["Crippling Poison","Sucker Punch"],"picked":"PiercingWail","floor":13},{"not_picked":["Choke","Heel Hook"],"picked":"Accuracy","floor":14}],"player_experience":610920,"relics_obtained":[{"floor":6,"key":"Tingsha"},{"floor":8,"key":"Singing Bowl"},{"floor":9,"key":"Tiny Chest"}],"event_choices":[],"is_beta":false,"boss_relics":[],"items_purged_floors":[],"is_endless":false,"potions_floor_spawned":[6,8,14],"killed_by":"Gensokyo:Kokoro","ascension_level":19}}