{"host":"4w8ocelhatf0iefc","time":1609393814,"event":{"mods":["AchievementEnabler","Act Like it!","Aspiration","BaseMod","Colored Map","Colored Powertips","Downfall","GifTheSpireLib","Hubris","Minty Spire (QoL Compilation)","Replay The Spire","StSLib","The Cursed","vexMod"],"gold_per_floor":[109,209,22,34,51,85,85,115,115,127,157,23,37,37,37,142,142,154,134,150,167,167,167,199,199,199,199,262,262,54,89,89,209,209,241,241,285,326,326,326,367,367,391,24,61,114,114,150,150,150,150,198,198,198,6,67,99],"floor_reached":58,"playtime":2256,"items_purged":["TheCursedMod:Strike_TheCursed","TheCursedMod:Defend_TheCursed"],"score":1442,"play_id":"63a90cd4-cee5-4832-90c0-9b1b7b4c5d59","local_time":"20201231135014","is_ascension_mode":true,"campfire_choices":[{"data":"TheCursedMod:CursedStaff","floor":7,"key":"SMITH"},{"data":"TheCursedMod:SpitefulPlan","floor":15,"key":"SMITH"},{"data":"TheCursedMod:RavingStaff","floor":23,"key":"SMITH"},{"data":"TheCursedMod:ShockAndAwe","floor":25,"key":"SMITH"},{"data":"TheCursedMod:ManaCirculation","floor":29,"key":"SMITH"},{"floor":40,"key":"RECALL"},{"data":"TheCursedMod:OutForBlood","floor":42,"key":"SMITH"},{"data":"TheCursedMod:DemonSword","floor":47,"key":"SMITH"},{"floor":51,"key":"REST"},{"data":"TheCursedMod:CursedStaff","floor":54,"key":"SMITH"}],"circlet_count":0,"master_deck":["TheCursedMod:Strike_TheCursed","TheCursedMod:Strike_TheCursed","TheCursedMod:Defend_TheCursed","TheCursedMod:Defend_TheCursed+1","TheCursedMod:Defend_TheCursed+1","TheCursedMod:CursedWand+1","TheCursedMod:CleanUpWorkshop","TheCursedMod:Dregs","TheCursedMod:VitalStrike","TheCursedMod:SurpriseAttack","TheCursedMod:SurpriseAttack","TheCursedMod:EmpowerCircles","TheCursedMod:FleshFromBone","TheCursedMod:CursedStaff+1","TheCursedMod:CircleOfAbyss","TheCursedMod:RapidMovement","TheCursedMod:CircleOfCorruption+1","TheCursedMod:SpitefulPlan+1","TheCursedMod:ShockAndAwe+1","TheCursedMod:DemonSword+1","TheCursedMod:RavingStaff+1","TheCursedMod:PrepareRite","TheCursedMod:BloodBarrier","TheCursedMod:CursedStaff+1","TheCursedMod:ManaCirculation+1","TheCursedMod:SpreadPlague","TheCursedMod:SpreadPlague","TheCursedMod:Hemoplague+1","TheCursedMod:Grudge","TheCursedMod:OutForBlood+1","TheCursedMod:WearCloak+1","ReplayTheSpireMod:Splinters","TheCursedMod:CircleOfWindfury+1","TheCursedMod:ReleasedKnowledge+1","TheCursedMod:CursedAmulet+1","TheCursedMod:ShockAndAwe+1","TheCursedMod:CursedStaff+1","TheCursedMod:LuckyCharm","TheCursedMod:LuckyCharm","TheCursedMod:CircleOfFlame+1","TheCursedMod:SoulCrush+1","TheCursedMod:Grudge+1","TheCursedMod:Wield+1","TheCursedMod:EmpowerCircles+1"],"relics":["TheCursedMod:BlackMagic101","Lizard Tail","War Paint","Guardian:PocketSentry","hubris:BlackHole","hubris:Towel","Replay:Bandana","Molten Egg 2","FaceOfCleric","Gremlin Horn","ReplayTheSpireMod:TigerMarble","aspiration:RitualDagger","hubris:Icosahedron","ReplayTheSpireMod:Lightbulb","hexamod:BolsterEngine","HornCleat","hubris:SlimyHat","TheCursedMod:Tack","Replay:Kaleidoscope"],"acts_visited":["Exordium","TheCity","TheBeyond","TheEnding"],"potions_floor_usage":[6,8,11,11,24,24,33,45,52,52,56,57],"damage_taken":[{"damage":1,"enemies":"Cultist","floor":1,"turns":4},{"damage":0,"enemies":"2 Louse","floor":4,"turns":2},{"damage":9,"enemies":"Jaw Worm","floor":5,"turns":3},{"damage":15,"enemies":"3 Sentries","floor":6,"turns":9},{"damage":3,"enemies":"Gremlin Nob","floor":8,"turns":3},{"damage":15,"enemies":"Large Slime","floor":10,"turns":6},{"damage":24,"enemies":"Lagavulin","floor":11,"turns":5},{"damage":0,"enemies":"Blue Slaver","floor":13,"turns":3},{"damage":20,"enemies":"Hexaghost","floor":16,"turns":9},{"damage":3,"enemies":"Shell Parasite","floor":18,"turns":3},{"damage":0,"enemies":"2 Thieves","floor":20,"turns":2},{"damage":0,"enemies":"Centurion and Healer","floor":21,"turns":3},{"damage":7,"enemies":"Slavers","floor":24,"turns":3},{"damage":12,"enemies":"Book of Stabbing","floor":28,"turns":3},{"damage":9,"enemies":"Shelled Parasite and Fungi","floor":31,"turns":2},{"damage":9,"enemies":"Pondfish","floor":33,"turns":4},{"damage":3,"enemies":"3 Shapes","floor":35,"turns":1},{"damage":11,"enemies":"3 Darklings","floor":38,"turns":3},{"damage":6,"enemies":"Maw","floor":41,"turns":2},{"damage":9,"enemies":"Jaw Worm Horde","floor":45,"turns":3},{"damage":15,"enemies":"Nemesis","floor":46,"turns":3},{"damage":9,"enemies":"4 Shapes","floor":48,"turns":3},{"damage":6,"enemies":"hubris:GrandSnecko","floor":52,"turns":2},{"damage":40,"enemies":"Shield and Spear","floor":56,"turns":5},{"damage":26,"enemies":"The Heart","floor":57,"turns":5}],"seed_played":"-3513191128705983460","potions_obtained":[{"floor":4,"key":"FearPotion"},{"floor":5,"key":"Regen Potion"},{"floor":6,"key":"LiquidMemories"},{"floor":8,"key":"Strength Potion"},{"floor":18,"key":"Swift Potion"},{"floor":19,"key":"CultistPotion"},{"floor":21,"key":"AttackPotion"},{"floor":35,"key":"CultistPotion"},{"floor":37,"key":"SpeedPotion"},{"floor":41,"key":"hexamod:EctoCoolerPotion"},{"floor":46,"key":"SpeedPotion"},{"floor":48,"key":"AttackPotion"}],"is_trial":false,"path_per_floor":["M","?","$","M","M","E","R","E","T","M","E","$","M","?","R","B",null,"M","?","M","M","?","R","E","R","T","?","E","R","$","M","R_BF","B",null,"M","?","?","M","?","R","M","R","T","$","M","E","R","M","R_BF","PTL","R","B",null,"R","$","E","B",null],"character_chosen":"THE_CURSED","items_purchased":["TheCursedMod:SurpriseAttack","TheCursedMod:EmpowerCircles","TheCursedMod:SpitefulPlan","ReplayTheSpireMod:TigerMarble","TheCursedMod:SpreadPlague","HornCleat","TheCursedMod:CursedStaff+1","TheCursedMod:LuckyCharm","TheCursedMod:Tack","TheCursedMod:Wield+1"],"campfire_rested":1,"item_purchase_floors":[3,3,12,30,30,44,44,44,55,55],"current_hp_per_floor":[74,74,74,74,65,65,65,67,67,57,40,40,45,45,45,30,75,72,72,72,75,75,75,68,68,68,68,63,63,63,63,63,62,78,76,76,76,72,72,72,67,67,67,67,59,51,51,43,43,43,68,63,85,85,85,46,21],"gold":99,"neow_bonus":"UPGRADE_CARD","is_daily":false,"chose_seed":false,"campfire_upgraded":8,"win_rate":0.0,"timestamp":1609393814,"path_taken":["M","?","?","M","M","E","R","E","T","M","E","$","?","?","R","BOSS","M","?","?","M","?","R","E","R","T","?","E","R","$","M","R_BF","BOSS","M","?","?","M","?","R","M","R","T","$","M","E","R","M","R_BF","PTL","R","BOSS","R","$","E","BOSS"],"items_purchased_type":["Card","Card","Card","Relic","Card","Relic","Card","Card","Relic","Card"],"build_version":"2020-12-22","purchased_purges":2,"victory":true,"max_hp_per_floor":[75,75,75,75,75,75,75,75,75,75,75,75,75,75,75,75,75,75,75,75,75,75,75,75,75,75,75,76,76,76,77,77,78,78,79,79,79,80,80,80,81,81,81,81,82,83,83,84,84,84,84,85,85,85,85,86,87],"card_choices":[{"not_picked":["TheCursedMod:RavingStaff","TheCursedMod:BlessingInDisguise"],"picked":"TheCursedMod:VitalStrike","floor":1},{"not_picked":["TheCursedMod:ReleasedStrength","TheCursedMod:SurpriseAttack"],"picked":"TheCursedMod:FleshFromBone","floor":4},{"not_picked":["TheCursedMod:SurpriseAttack","TheCursedMod:ReleasedKnowledge"],"picked":"TheCursedMod:CursedStaff","floor":5},{"not_picked":["TheCursedMod:FleshFromBone","TheCursedMod:Stretching"],"picked":"TheCursedMod:SoulReap","floor":6},{"not_picked":["TheCursedMod:Stretching","TheCursedMod:RapidMovement"],"picked":"TheCursedMod:CircleOfAbyss","floor":8},{"not_picked":["TheCursedMod:SoulReap","TheCursedMod:SmokeScreen"],"picked":"TheCursedMod:RapidMovement","floor":10},{"not_picked":["TheCursedMod:FleshFromBone","TheCursedMod:SurpriseAttack"],"picked":"TheCursedMod:CircleOfCorruption","floor":11},{"not_picked":["TheCursedMod:Wield","TheCursedMod:SpitefulPlan"],"picked":"TheCursedMod:ShockAndAwe","floor":13},{"not_picked":["TheCursedMod:Neurasthenia","TheCursedMod:DemonicPact"],"picked":"TheCursedMod:DemonSword","floor":16},{"not_picked":["TheCursedMod:CircleOfCorruption","TheCursedMod:CursedShiv"],"picked":"TheCursedMod:RavingStaff","floor":18},{"not_picked":["TheCursedMod:ReleasedStrength","TheCursedMod:BlessingInDisguise"],"picked":"TheCursedMod:PrepareRite","floor":20},{"not_picked":["TheCursedMod:Evocation","TheCursedMod:AshesToAshes"],"picked":"TheCursedMod:BloodBarrier","floor":21},{"not_picked":["TheCursedMod:CircleOfWindfury","TheCursedMod:SpitefulPlan"],"picked":"TheCursedMod:CursedStaff","floor":24},{"not_picked":["TheCursedMod:RapidMovement","TheCursedMod:RavingStaff+1"],"picked":"TheCursedMod:ManaCirculation","floor":28},{"not_picked":["TheCursedMod:LuckyCharm","TheCursedMod:CursedSpellbook"],"picked":"TheCursedMod:Hemoplague+1","floor":31},{"not_picked":["TheCursedMod:DemonSword+1","TheCursedMod:ShockAndAwe+1"],"picked":"TheCursedMod:OutForBlood","floor":33},{"not_picked":["TheCursedMod:Obscuration","TheCursedMod:Stigma+1"],"picked":"TheCursedMod:WearCloak+1","floor":35},{"not_picked":["TheCursedMod:CursedMace+1","TheCursedMod:CursedStaff+1"],"picked":"TheCursedMod:CircleOfWindfury+1","floor":37},{"not_picked":["TheCursedMod:HellfireBreathing+1","TheCursedMod:ParallelWorld"],"picked":"TheCursedMod:ReleasedKnowledge+1","floor":37},{"not_picked":["TheCursedMod:Wield+1","TheCursedMod:FleshFromBone"],"picked":"TheCursedMod:CursedAmulet+1","floor":38},{"not_picked":["TheCursedMod:CursedStaff+1","TheCursedMod:SmokeScreen"],"picked":"TheCursedMod:ShockAndAwe+1","floor":41},{"not_picked":["TheCursedMod:HellsGateOpen","TheCursedMod:FleshFromBone+1"],"picked":"TheCursedMod:CircleOfFlame+1","floor":45},{"not_picked":["TheCursedMod:Stigma+1","TheCursedMod:VitalStrike+1"],"picked":"TheCursedMod:SoulCrush+1","floor":46},{"not_picked":["TheCursedMod:StingEye+1","TheCursedMod:CursedShiv+1"],"picked":"TheCursedMod:Grudge+1","floor":48},{"not_picked":["TheCursedMod:HellsGateOpen","TheCursedMod:RapidMovement"],"picked":"TheCursedMod:EmpowerCircles+1","floor":56}],"player_experience":505891,"relics_obtained":[{"floor":6,"key":"Lizard Tail"},{"floor":8,"key":"War Paint"},{"floor":11,"key":"Guardian:PocketSentry"},{"floor":24,"key":"Replay:Bandana"},{"floor":26,"key":"Molten Egg 2"},{"floor":28,"key":"Gremlin Horn"},{"floor":37,"key":"ReplayTheSpireMod:Lightbulb"},{"floor":43,"key":"hexamod:BolsterEngine"},{"floor":46,"key":"hubris:SlimyHat"},{"floor":56,"key":"Replay:Kaleidoscope"}],"event_choices":[{"damage_healed":0,"gold_gain":100,"player_choice":"Pray","damage_taken":0,"max_hp_gain":0,"max_hp_loss":0,"event_name":"Golden Shrine","floor":2,"gold_loss":0},{"damage_healed":0,"gold_gain":0,"player_choice":"Upgraded","damage_taken":0,"max_hp_gain":0,"max_hp_loss":0,"event_name":"Upgrade Shrine","floor":14,"gold_loss":0,"cards_upgraded":["TheCursedMod:CircleOfCorruption"]},{"damage_healed":0,"gold_gain":0,"player_choice":"Bought 1 Potion","damage_taken":0,"max_hp_gain":0,"max_hp_loss":0,"event_name":"The Woman in Blue","floor":19,"gold_loss":0},{"damage_healed":0,"gold_gain":0,"player_choice":"Trade","damage_taken":0,"relics_obtained":["FaceOfCleric"],"max_hp_gain":0,"max_hp_loss":0,"event_name":"FaceTrader","floor":27,"gold_loss":0},{"cards_removed":["TheCursedMod:SoulReap"],"damage_healed":0,"gold_gain":0,"player_choice":"Removed Attack","damage_taken":0,"max_hp_gain":0,"max_hp_loss":0,"event_name":"Falling","floor":39,"gold_loss":0}],"is_beta":false,"boss_relics":[{"not_picked":["ReplayTheSpireMod:DimensionalGlitch","ChewingGum"],"picked":"hubris:BlackHole"},{"not_picked":["Sozu","hubris:RunicObelisk"],"picked":"aspiration:RitualDagger"}],"items_purged_floors":[3,12],"is_endless":false,"potions_floor_spawned":[4,5,6,8,18,21,35,41,46,48],"ascension_level":2}}