{"host":"2se5dq1do2gp0x9k","time":1609445435,"event":{"mods":["BaseMod","Block Reminder","Colored Map","Colored Powertips","Minty Spire (QoL Compilation)","Relic Stats","StSLib","SuperFastMode","Synergy Search"],"gold_per_floor":[110,127,277,277,277,277,304,304,304,90,110,110,7,41,41,118,118,129,129,129,100,0,0,34,34,34,34,34,34,34],"floor_reached":29,"playtime":886,"items_purged":["Strike_B","Strike_B"],"score":540,"play_id":"3814afeb-aa29-4edf-9251-bdf4699f4c8f","local_time":"20201231121035","is_ascension_mode":true,"campfire_choices":[{"data":"Hologram","floor":6,"key":"SMITH"},{"data":"Recycle","floor":8,"key":"SMITH"},{"data":"Zap","floor":12,"key":"SMITH"},{"data":"Redo","floor":15,"key":"SMITH"},{"data":"Beam Cell","floor":23,"key":"SMITH"},{"floor":27,"key":"REST"}],"circlet_count":0,"master_deck":["AscendersBane","Strike_B","Defend_B","Defend_B","Defend_B","Defend_B","Zap+1","Dualcast","Rebound","Hologram+1","Recycle+1","All For One","Steam","FTL","Beam Cell+1","Flash of Steel","Redo+1","Gash","Ghostly","Ghostly","Ghostly","Undo"],"relics":["Cracked Core","NeowsBlessing","Tiny Chest","Shuriken","Calipers","SacredBark","Letter Opener","Smiling Mask","Gremlin Horn","MealTicket"],"acts_visited":["Exordium","TheCity"],"potions_floor_usage":[14,24],"damage_taken":[{"damage":0,"enemies":"2 Louse","floor":1,"turns":1},{"damage":0,"enemies":"Small Slimes","floor":2,"turns":1},{"damage":0,"enemies":"Lagavulin","floor":7,"turns":1},{"damage":2,"enemies":"Jaw Worm","floor":11,"turns":3},{"damage":20,"enemies":"3 Sentries","floor":14,"turns":5},{"damage":18,"enemies":"Hexaghost","floor":16,"turns":6},{"damage":25,"enemies":"Shell Parasite","floor":18,"turns":4},{"damage":11,"enemies":"2 Thieves","floor":21,"turns":5},{"damage":19,"enemies":"Slavers","floor":24,"turns":5},{"damage":15,"enemies":"3 Cultists","floor":29,"turns":3}],"seed_played":"6147614365476517866","potions_obtained":[{"floor":7,"key":"Strength Potion"},{"floor":11,"key":"Swift Potion"},{"floor":14,"key":"Ancient Potion"},{"floor":21,"key":"Fire Potion"}],"is_trial":false,"path_per_floor":["M","M","?","?","?","R","E","R","T","$","M","R","$","E","R","B",null,"M","?","?","M","$","R","E","T","T","R","T","M"],"character_chosen":"DEFECT","items_purchased":["Steam","FTL","Flash of Steel"],"campfire_rested":1,"item_purchase_floors":[10,10,13],"current_hp_per_floor":[64,64,64,57,57,57,57,57,57,57,55,55,55,35,35,17,58,33,33,33,22,22,22,3,3,3,13,13,0,0],"gold":34,"neow_bonus":"THREE_ENEMY_KILL","is_daily":false,"chose_seed":false,"campfire_upgraded":5,"win_rate":0.0,"timestamp":1609445435,"path_taken":["M","M","?","?","?","R","E","R","T","$","M","R","$","E","R","BOSS","M","?","?","M","?","R","E","?","T","R","?","M"],"items_purchased_type":["Card","Card","Card"],"build_version":"2020-12-22","purchased_purges":2,"victory":false,"max_hp_per_floor":[71,71,71,71,71,71,71,71,71,71,71,71,71,71,71,71,71,71,35,35,35,35,35,35,35,35,35,35,35,35],"relic_stats":{"Gremlin Horn":[0,0],"counters":[10,34],"Shuriken":[12],"Tiny Chest":1,"MealTicket":0,"Letter Opener":[15],"Smiling Mask":0,"obtain_stats":[{"Calipers":14,"NeowsBlessing":0,"Gremlin Horn":26,"Shuriken":9,"SacredBark":17,"Tiny Chest":7,"MealTicket":28,"Letter Opener":24,"Cracked Core":0,"Smiling Mask":25},{"Calipers":5,"NeowsBlessing":0,"Gremlin Horn":9,"Shuriken":3,"SacredBark":6,"Tiny Chest":3,"MealTicket":9,"Letter Opener":9,"Cracked Core":0,"Smiling Mask":9},{"Calipers":11,"NeowsBlessing":0,"Gremlin Horn":31,"Shuriken":3,"SacredBark":17,"Tiny Chest":3,"MealTicket":31,"Letter Opener":31,"Cracked Core":0,"Smiling Mask":31}]},"card_choices":[{"not_picked":["Steam","Go for the Eyes"],"picked":"Rebound","floor":1},{"not_picked":["Rebound","Capacitor"],"picked":"Hologram","floor":2},{"not_picked":["FTL","Steam"],"picked":"All For One","floor":7},{"not_picked":["Lockon","Cold Snap"],"picked":"Beam Cell","floor":11},{"not_picked":["Compile Driver","Double Energy"],"picked":"Redo","floor":14},{"not_picked":["Redo","Force Field+1"],"picked":"Gash","floor":18},{"not_picked":["Turbo","Stack","Ball Lightning"],"picked":"SKIP","floor":21},{"not_picked":["Gash+1","Capacitor+1"],"picked":"Undo","floor":24}],"player_experience":3663906,"relics_obtained":[{"floor":7,"key":"Tiny Chest"},{"floor":9,"key":"Shuriken"},{"floor":14,"key":"Calipers"},{"floor":24,"key":"Letter Opener"},{"floor":25,"key":"Smiling Mask"},{"floor":26,"key":"Gremlin Horn"},{"floor":28,"key":"MealTicket"}],"event_choices":[{"damage_healed":0,"gold_gain":150,"player_choice":"AGREE","damage_taken":0,"max_hp_gain":0,"max_hp_loss":0,"event_name":"Liars Game","floor":3,"gold_loss":0,"cards_obtained":["Doubt"]},{"cards_removed":["Doubt"],"damage_healed":0,"gold_gain":0,"player_choice":"Card Removal","damage_taken":7,"max_hp_gain":0,"max_hp_loss":0,"event_name":"Golden Wing","floor":4,"gold_loss":0},{"damage_healed":0,"gold_gain":0,"cards_transformed":["Strike_B"],"player_choice":"Change","damage_taken":0,"max_hp_gain":0,"max_hp_loss":0,"event_name":"Living Wall","floor":5,"gold_loss":0,"cards_obtained":["Recycle"]},{"damage_healed":0,"gold_gain":0,"player_choice":"Became a Ghost","damage_taken":0,"max_hp_gain":0,"max_hp_loss":36,"event_name":"Ghosts","floor":19,"gold_loss":0,"cards_obtained":["Ghostly","Ghostly","Ghostly"]},{"damage_healed":0,"gold_gain":0,"player_choice":"Ignored","damage_taken":0,"max_hp_gain":0,"max_hp_loss":0,"event_name":"The Mausoleum","floor":20,"gold_loss":0}],"is_beta":false,"boss_relics":[{"not_picked":["Velvet Choker","Runic Dome"],"picked":"SacredBark"}],"items_purged_floors":[10,22],"is_endless":false,"potions_floor_spawned":[7,11,14,18,21],"killed_by":"3 Cultists","ascension_level":20}}