{"host":"m77rrhbqzv44va4v","time":1609385762,"event":{"mods":["AchievementEnabler","BaseMod","Colored Map","DeckTracker","Keyboard Shortcuts","Minty Spire (QoL Compilation)","StSLib","SuperFastMode","everything is the same but u backflip on backflip"],"gold_per_floor":[114,189,114,124,49,76,76,110,110,142,157,157,157,174,174,245,245,264,264,278,296,348,348,348,348],"floor_reached":24,"playtime":538,"items_purged":["Strike_R"],"score":418,"play_id":"943181b0-9311-4e4a-838b-6426b984a50e","local_time":"20201231123602","is_ascension_mode":true,"campfire_choices":[{"data":"Bloodletting","floor":13,"key":"SMITH"},{"data":"Shockwave","floor":15,"key":"SMITH"},{"floor":23,"key":"REST"}],"circlet_count":0,"master_deck":["AscendersBane","Strike_R","Strike_R","Strike_R","Defend_R","Defend_R","Defend_R","Defend_R","Bash","Shockwave+1","Blood for Blood","Uppercut","Bloodletting+1","Dropkick","Offering","Clothesline","Pommel Strike","Double Tap","Shrug It Off","RitualDagger","True Grit","Reaper"],"relics":["Burning Blood","NeowsBlessing","Question Card","Strawberry","Incense Burner","FossilizedHelix","Torii","SacredBark","Lantern"],"acts_visited":["Exordium","TheCity"],"potions_floor_usage":[10,10,21,24],"damage_taken":[{"damage":0.0,"enemies":"Cultist","floor":1.0,"turns":1.0},{"damage":0.0,"enemies":"Jaw Worm","floor":4.0,"turns":1.0},{"damage":0.0,"enemies":"Gremlin Nob","floor":6.0,"turns":1.0},{"damage":42.0,"enemies":"3 Sentries","floor":8.0,"turns":9.0},{"damage":12,"enemies":"Gremlin Nob","floor":10,"turns":4},{"damage":0,"enemies":"Small Slimes","floor":11,"turns":4},{"damage":1,"enemies":"Red Slaver","floor":14,"turns":3},{"damage":28,"enemies":"The Guardian","floor":16,"turns":11},{"damage":28,"enemies":"3 Byrds","floor":18,"turns":7},{"damage":27,"enemies":"Shell Parasite","floor":20,"turns":7},{"damage":11,"enemies":"Shelled Parasite and Fungi","floor":21,"turns":3},{"damage":46,"enemies":"Gremlin Leader","floor":24,"turns":6}],"seed_played":"529402036523514930","potions_obtained":[{"floor":6.0,"key":"Ancient Potion"},{"floor":8.0,"key":"Strength Potion"},{"floor":14,"key":"Weak Potion"},{"floor":20,"key":"SteroidPotion"}],"is_trial":false,"path_per_floor":["M","?","?","M","$","E","?","E","T","E","M","?","R","M","R","B",null,"M","?","M","M","T","R","E"],"character_chosen":"IRONCLAD","items_purchased":[],"campfire_rested":1,"item_purchase_floors":[],"current_hp_per_floor":[74,63,63,69,69,75,82,46,46,40,46,46,46,51,51,29,69,47,41,20,15,15,39,0,0],"gold":348,"neow_bonus":"THREE_ENEMY_KILL","is_daily":false,"chose_seed":false,"campfire_upgraded":2,"win_rate":0.0,"timestamp":1609385762,"path_taken":["M","?","?","?","$","E","?","E","T","E","M","?","R","?","R","BOSS","M","?","M","M","?","R","E"],"items_purchased_type":[],"build_version":"2020-12-22","purchased_purges":1,"victory":false,"max_hp_per_floor":[75,75,75,75,75,75,82,82,82,82,82,82,82,82,82,82,82,82,82,82,82,82,82,82,82],"card_choices":[{"not_picked":["Clash","Headbutt"],"picked":"Shockwave","floor":1.0},{"not_picked":["Clash","Searing Blow"],"picked":"Blood for Blood","floor":4.0},{"not_picked":["Fire Breathing","Disarm"],"picked":"Uppercut","floor":6.0},{"not_picked":["Havoc","Flame Barrier","Headbutt"],"picked":"Bloodletting","floor":8.0},{"not_picked":["Body Slam","Battle Trance","Perfected Strike"],"picked":"Dropkick","floor":10},{"not_picked":["Warcry","Clash","Whirlwind","Clothesline"],"picked":"SKIP","floor":11},{"not_picked":["Infernal Blade","Iron Wave","Perfected Strike"],"picked":"Pommel Strike","floor":14},{"not_picked":["Bludgeon","Impervious","Exhume"],"picked":"Double Tap","floor":16},{"not_picked":["Anger","Cleave+1","Bloodletting"],"picked":"Shrug It Off","floor":18},{"not_picked":["Flex","Body Slam+1","Havoc"],"picked":"True Grit","floor":20},{"not_picked":["Entrench","Havoc","Armaments"],"picked":"Reaper","floor":21}],"player_experience":842161,"relics_obtained":[{"floor":6.0,"key":"Question Card"},{"floor":8.0,"key":"Incense Burner"},{"floor":9.0,"key":"FossilizedHelix"},{"floor":10,"key":"Torii"},{"floor":22,"key":"Lantern"}],"event_choices":[{"damage_healed":0.0,"max_hp_gain":0.0,"max_hp_loss":0.0,"gold_gain":75.0,"event_name":"World of Goop","player_choice":"Gather Gold","floor":2.0,"gold_loss":0.0,"damage_taken":11.0},{"cards_removed":["Strike_R"],"damage_healed":0.0,"max_hp_gain":0.0,"max_hp_loss":0.0,"gold_gain":0.0,"event_name":"The Cleric","player_choice":"Card Removal","floor":3.0,"gold_loss":75.0,"damage_taken":0.0},{"damage_healed":0.0,"max_hp_gain":0.0,"max_hp_loss":0.0,"gold_gain":0.0,"event_name":"Dead Adventurer","player_choice":"Searched \u00271\u0027 times","floor":7.0,"gold_loss":0.0,"damage_taken":0.0,"relics_obtained":["Strawberry"]},{"damage_healed":0,"gold_gain":0,"player_choice":"2 cards matched","damage_taken":0,"max_hp_gain":0,"max_hp_loss":0,"event_name":"Match and Keep!","floor":12,"gold_loss":0,"cards_obtained":["Offering","Clothesline"]},{"damage_healed":0,"gold_gain":0,"player_choice":"Joined the Cult","damage_taken":6,"max_hp_gain":0,"max_hp_loss":0,"event_name":"Nest","floor":19,"gold_loss":0,"cards_obtained":["RitualDagger"]}],"is_beta":false,"boss_relics":[{"not_picked":["Fusion Hammer","Pandora\u0027s Box"],"picked":"SacredBark"}],"items_purged_floors":[5],"is_endless":false,"potions_floor_spawned":[6,8,14,20],"killed_by":"Gremlin Leader","ascension_level":15}}