{"host":"2se5dq1do2gp0x9k","time":1609454351,"event":{"mods":["BaseMod","Block Reminder","Colored Map","Colored Powertips","Minty Spire (QoL Compilation)","Relic Stats","StSLib","SuperFastMode","Synergy Search"],"gold_per_floor":[365,256,256,111,121,121,137,166,193,210,225,235,294,329,329,428,428,442,93,127,127,46,80,99,99,122,122,149,169,188,200,200,303,303,314,67,83,100,50,50,75,75,75,106,118,118,118,137,137,137,137],"floor_reached":50,"playtime":3397,"items_purged":["Defend_P","Clumsy","Vigilance","Defend_P+1"],"score":802,"play_id":"db1b9df0-f335-45ab-87e8-a3a927b7110a","local_time":"20201231143911","is_ascension_mode":false,"campfire_choices":[{"data":"Adaptation","floor":6.0,"key":"SMITH"},{"data":"CrushJoints","floor":15.0,"key":"SMITH"},{"data":"Halt","floor":27.0,"key":"SMITH"},{"data":"ThirdEye","floor":32.0,"key":"SMITH"},{"data":"Secret Technique","floor":40.0,"key":"SMITH"},{"data":"ThirdEye","floor":42.0,"key":"SMITH"},{"floor":47,"key":"REST"},{"floor":49,"key":"REST"}],"circlet_count":0,"master_deck":["Strike_P+1","Strike_P+1","Strike_P+1","Strike_P+1","Defend_P+1","Defend_P+1","Eruption+1","Adaptation+1","CrushJoints+1","Tantrum","CutThroughFate","FollowUp+1","Tantrum+1","SashWhip+1","FollowUp","Halt+1","FollowUp","DeusExMachina","LessonLearned+1","CurseOfTheBell","TalkToTheHand","FollowUp+1","Wireheading","Crescendo+1","Halt+1","ClearTheMind+1","ThirdEye+1","Weave","InnerPeace","Secret Technique+1","WaveOfTheHand+1","ThirdEye+1","Nirvana+1","Weave+1","JustLucky+1"],"relics":["HolyWater","Orrery","MealTicket","Bag of Preparation","Juzu Bracelet","Smiling Mask","Calling Bell","Ancient Tea Set","Mummified Hand","Mango","Dead Branch","Red Mask","Bottled Tornado","Lantern","Tiny Chest","Toy Ornithopter","Bronze Scales"],"acts_visited":["Exordium","TheCity","TheBeyond"],"potions_floor_usage":[45,50,50],"damage_taken":[{"damage":7.0,"enemies":"Jaw Worm","floor":1.0,"turns":4.0},{"damage":0.0,"enemies":"Small Slimes","floor":5.0,"turns":2.0},{"damage":0.0,"enemies":"2 Louse","floor":7.0,"turns":2.0},{"damage":0.0,"enemies":"Lagavulin","floor":8.0,"turns":4.0},{"damage":10.0,"enemies":"Lots of Slimes","floor":10.0,"turns":2.0},{"damage":0.0,"enemies":"2 Fungi Beasts","floor":11.0,"turns":1.0},{"damage":0.0,"enemies":"Blue Slaver","floor":12.0,"turns":1.0},{"damage":0.0,"enemies":"Lagavulin Event","floor":13.0,"turns":2.0},{"damage":0.0,"enemies":"3 Sentries","floor":14.0,"turns":3.0},{"damage":0.0,"enemies":"Slime Boss","floor":16.0,"turns":3.0},{"damage":0.0,"enemies":"Spheric Guardian","floor":18.0,"turns":1.0},{"damage":0.0,"enemies":"Masked Bandits","floor":20.0,"turns":2.0},{"damage":9.0,"enemies":"Gremlin Leader","floor":23.0,"turns":5.0},{"damage":0.0,"enemies":"3 Byrds","floor":24.0,"turns":3.0},{"damage":11.0,"enemies":"Book of Stabbing","floor":28.0,"turns":5.0},{"damage":0.0,"enemies":"Centurion and Healer","floor":29.0,"turns":2.0},{"damage":0.0,"enemies":"3 Cultists","floor":30.0,"turns":3.0},{"damage":0.0,"enemies":"Snake Plant","floor":31.0,"turns":2.0},{"damage":0.0,"enemies":"Champ","floor":33.0,"turns":4.0},{"damage":0.0,"enemies":"3 Shapes","floor":35.0,"turns":1.0},{"damage":0.0,"enemies":"3 Darklings","floor":37.0,"turns":4.0},{"damage":14.0,"enemies":"Writhing Mass","floor":38.0,"turns":7.0},{"damage":18.0,"enemies":"Reptomancer","floor":41.0,"turns":5.0},{"damage":41.0,"enemies":"Nemesis","floor":44.0,"turns":5.0},{"damage":9,"enemies":"Transient","floor":45,"turns":5},{"damage":39,"enemies":"Spire Growth","floor":48,"turns":4},{"damage":67,"enemies":"Time Eater","floor":50,"turns":9}],"seed_played":"-5251087944728137001","potions_obtained":[{"floor":5.0,"key":"Swift Potion"},{"floor":8.0,"key":"SkillPotion"},{"floor":10.0,"key":"BottledMiracle"},{"floor":18.0,"key":"SkillPotion"},{"floor":23.0,"key":"EssenceOfSteel"},{"floor":30.0,"key":"PowerPotion"},{"floor":33.0,"key":"Explosive Potion"},{"floor":37.0,"key":"Fruit Juice"},{"floor":41.0,"key":"Dexterity Potion"},{"floor":44.0,"key":"DuplicationPotion"}],"is_trial":false,"path_per_floor":["M","$","?","$","M","R","M","E","T","M","M","M","?","E","R","B",null,"M","$","?","?","$","E","M","?","T","R","E","M","M","M","R","B",null,"M","$","M","M","$","R","E","R","T","E","M","?","R","M","R","B"],"character_chosen":"WATCHER","items_purchased":["Adaptation","Orrery","Dead Branch","Wireheading","Secret Technique"],"campfire_rested":2,"item_purchase_floors":[2,4,19,22,36],"current_hp_per_floor":[65,65,70,70,70,70,70,70,70,60,60,60,60,60,60,60,91,91,91,91,91,91,82,82,82,82,82,71,71,71,71,71,71,91,91,91,91,77,91,91,73,73,73,32,28,28,55,16,43,0,0],"gold":137,"neow_bonus":"TWO_FIFTY_GOLD","is_daily":false,"chose_seed":false,"campfire_upgraded":6,"win_rate":0.0,"timestamp":1609454351,"path_taken":["M","$","?","$","M","R","M","E","T","M","M","M","?","E","R","BOSS","M","$","?","?","$","E","M","?","T","R","E","M","M","M","R","BOSS","M","$","M","M","$","R","E","R","T","E","M","?","R","M","R","BOSS"],"items_purchased_type":["Card","Relic","Relic","Card","Card"],"build_version":"2020-12-22","purchased_purges":4,"victory":false,"max_hp_per_floor":[72,72,77,77,77,77,77,77,77,77,77,77,77,77,77,77,91,91,91,91,91,91,91,91,91,91,91,91,91,91,91,91,91,91,91,91,91,91,91,91,91,91,91,91,91,91,91,91,91,96,96],"relic_stats":{"counters":[27,91],"Mummified Hand":[47],"Dead Branch":[144],"Bronze Scales":[60],"MealTicket":14,"Tiny Chest":0,"Bag of Preparation":[46],"Juzu Bracelet":1,"Smiling Mask":225,"obtain_stats":[{"Lantern":26,"Dead Branch":19,"Mango":17,"Bag of Preparation":9,"Juzu Bracelet":13,"Bottled Tornado":23,"Smiling Mask":14,"Ancient Tea Set":17,"Calling Bell":17,"Mummified Hand":17,"Bronze Scales":44,"Orrery":4,"HolyWater":34,"MealTicket":8,"Tiny Chest":28,"Red Mask":20,"PureWater":0,"Toy Ornithopter":41},{"Lantern":14,"Dead Branch":11,"Mango":10,"Bag of Preparation":4,"Juzu Bracelet":7,"Bottled Tornado":13,"Smiling Mask":9,"Ancient Tea Set":10,"Calling Bell":10,"Mummified Hand":10,"Bronze Scales":24,"Orrery":1,"HolyWater":19,"MealTicket":4,"Tiny Chest":15,"Red Mask":12,"PureWater":0,"Toy Ornithopter":23},{"Lantern":35,"Dead Branch":25,"Mango":24,"Bag of Preparation":12,"Juzu Bracelet":16,"Bottled Tornado":32,"Smiling Mask":21,"Ancient Tea Set":24,"Calling Bell":24,"Mummified Hand":24,"Bronze Scales":73,"Orrery":4,"HolyWater":51,"MealTicket":12,"Tiny Chest":40,"Red Mask":27,"PureWater":0,"Toy Ornithopter":68}],"Toy Ornithopter":15},"card_choices":[{"not_picked":["Meditate","Wireheading"],"picked":"FearNoEvil","floor":1.0},{"not_picked":["FollowUp","Evaluate"],"picked":"CrushJoints","floor":4.0},{"not_picked":["FollowUp","Nirvana"],"picked":"Tantrum","floor":4.0},{"not_picked":["PathToVictory","CarveReality"],"picked":"CutThroughFate","floor":4.0},{"not_picked":["PathToVictory","FlyingSleeves"],"picked":"FollowUp","floor":4.0},{"not_picked":["JustLucky","Consecrate"],"picked":"Tantrum","floor":5.0},{"not_picked":["SashWhip","FlyingSleeves","Vengeance"],"picked":"SKIP","floor":7.0},{"not_picked":["Conclude","ForeignInfluence"],"picked":"SashWhip","floor":8.0},{"not_picked":["ForeignInfluence","Perseverance"],"picked":"FollowUp","floor":10.0},{"not_picked":["Swivel","BowlingBash"],"picked":"Halt","floor":11.0},{"not_picked":["PathToVictory","Collect"],"picked":"FollowUp","floor":12.0},{"not_picked":["WheelKick","MentalFortress"],"picked":"DeusExMachina","floor":13.0},{"not_picked":["FlyingSleeves","Judgement","Establishment"],"picked":"SKIP","floor":14.0},{"not_picked":["ConjureBlade","Wish"],"picked":"LessonLearned","floor":16.0},{"not_picked":["BattleHymn","BowlingBash+1"],"picked":"TalkToTheHand","floor":18.0},{"not_picked":["EmptyFist","SandsOfTime"],"picked":"FollowUp","floor":20.0},{"not_picked":["Pray+1","PathToVictory","EmptyBody"],"picked":"SKIP","floor":23.0},{"not_picked":["Alpha","Protect"],"picked":"Crescendo+1","floor":24.0},{"not_picked":["EmptyFist","ReachHeaven"],"picked":"Halt+1","floor":28.0},{"not_picked":["FollowUp","FlurryOfBlows"],"picked":"ClearTheMind","floor":29.0},{"not_picked":["Crescendo","JustLucky"],"picked":"ThirdEye","floor":30.0},{"not_picked":["Brilliance","Consecrate"],"picked":"Weave","floor":31.0},{"not_picked":["Perseverance+1","JustLucky"],"picked":"InnerPeace","floor":35.0},{"not_picked":["Evaluate","Wallop+1"],"picked":"WaveOfTheHand+1","floor":37.0},{"not_picked":["Conclude+1","Consecrate"],"picked":"ThirdEye","floor":38.0},{"not_picked":["WreathOfFlame","Pray"],"picked":"Nirvana+1","floor":41.0},{"not_picked":["Sanctity","CrushJoints","Crescendo+1"],"picked":"SKIP","floor":44.0},{"not_picked":["CrushJoints","CarveReality+1"],"picked":"Weave+1","floor":45},{"not_picked":["WreathOfFlame","SpiritShield"],"picked":"JustLucky+1","floor":48}],"player_experience":3669793,"relics_obtained":[{"floor":8.0,"key":"MealTicket"},{"floor":9.0,"key":"Bag of Preparation"},{"floor":14.0,"key":"Smiling Mask"},{"floor":17.0,"key":"Ancient Tea Set"},{"floor":17.0,"key":"Mummified Hand"},{"floor":17.0,"key":"Mango"},{"floor":20.0,"key":"Red Mask"},{"floor":23.0,"key":"Bottled Tornado"},{"floor":26.0,"key":"Lantern"},{"floor":28.0,"key":"Tiny Chest"},{"floor":41.0,"key":"Toy Ornithopter"},{"floor":44.0,"key":"Bronze Scales"}],"event_choices":[{"damage_healed":0.0,"max_hp_gain":5.0,"max_hp_loss":0.0,"gold_gain":0.0,"event_name":"Big Fish","player_choice":"Donut","floor":3.0,"gold_loss":0.0,"damage_taken":0.0},{"damage_healed":0.0,"max_hp_gain":0.0,"max_hp_loss":0.0,"gold_gain":0.0,"event_name":"Dead Adventurer","player_choice":"Searched \u00272\u0027 times","floor":13.0,"gold_loss":0.0,"damage_taken":0.0,"relics_obtained":["Juzu Bracelet"]},{"damage_healed":0.0,"max_hp_gain":0.0,"max_hp_loss":0.0,"gold_gain":0.0,"event_name":"Masked Bandits","player_choice":"Fought Bandits","floor":20.0,"gold_loss":0.0,"damage_taken":0.0},{"damage_healed":0.0,"max_hp_gain":0.0,"max_hp_loss":0.0,"gold_gain":0.0,"event_name":"NoteForYourself","player_choice":"Ignored","floor":21.0,"gold_loss":0.0,"damage_taken":0.0},{"damage_healed":0.0,"max_hp_gain":0.0,"max_hp_loss":0.0,"gold_gain":0.0,"event_name":"Back to Basics","player_choice":"Simplicity","floor":25.0,"gold_loss":0.0,"damage_taken":0.0,"cards_upgraded":["Strike_P","Strike_P","Strike_P","Strike_P","Defend_P","Defend_P","Defend_P"]},{"cards_removed":["FearNoEvil"],"damage_healed":0,"gold_gain":0,"player_choice":"Removed Attack","damage_taken":0,"max_hp_gain":0,"max_hp_loss":0,"event_name":"Falling","floor":46,"gold_loss":0}],"is_beta":false,"boss_relics":[{"not_picked":["Runic Dome","Velvet Choker"],"picked":"Calling Bell"},{"not_picked":["Busted Crown","Philosopher\u0027s Stone"],"picked":"HolyWater"}],"items_purged_floors":[2,19,36,39],"is_endless":false,"potions_floor_spawned":[5,8,10,11,18,23,24,30,33,37,38,41,44],"killed_by":"Time Eater","ascension_level":0}}