{"host":"sav7uxregyirlf69","time":1609421360,"event":{"mods":["AchievementEnabler","BaseMod","Colored Map","DeckTracker","Keyboard Shortcuts","Minty Spire (QoL Compilation)","READ ME - Guardian Mod","StSLib","SuperFastMode"],"gold_per_floor":[119,269,269,289,159,192,192,211,238,238,269,288,288,300,300,375,375,388,212,1,14,24,74,74,74],"floor_reached":24,"playtime":485,"items_purged":["Strike_G","Strike_G"],"score":462,"play_id":"baaa289f-c13f-478c-81ab-8932cec3dc99","local_time":"20201231222920","is_ascension_mode":true,"campfire_choices":[{"data":"Noxious Fumes","floor":7,"key":"SMITH"},{"data":"Crippling Poison","floor":10,"key":"SMITH"},{"data":"Neutralize","floor":13,"key":"SMITH"},{"data":"Blade Dance","floor":15,"key":"SMITH"}],"circlet_count":0,"master_deck":["AscendersBane","Strike_G","Strike_G","Strike_G","Defend_G","Defend_G","Defend_G","Defend_G","Defend_G","Survivor","Neutralize+1","Noxious Fumes+1","Crippling Poison+1","Flying Knee","Masterful Stab","Tactician","Blade Dance+1","PiercingWail","Well Laid Plans","Malaise","Deadly Poison+1"],"relics":["Ring of the Snake","NeowsBlessing","Strawberry","Orichalcum","Pantograph","Cursed Key","Potion Belt"],"acts_visited":["Exordium","TheCity"],"potions_floor_usage":[11,14,16,22,24,24,24],"damage_taken":[{"damage":0,"enemies":"Cultist","floor":1,"turns":1},{"damage":0,"enemies":"Jaw Worm","floor":4,"turns":1},{"damage":0,"enemies":"3 Sentries","floor":6,"turns":2},{"damage":3,"enemies":"Small Slimes","floor":8,"turns":4},{"damage":7,"enemies":"Lagavulin","floor":11,"turns":5},{"damage":1,"enemies":"Looter","floor":12,"turns":4},{"damage":0,"enemies":"Lots of Slimes","floor":14,"turns":2},{"damage":72,"enemies":"Slime Boss","floor":16,"turns":11},{"damage":12,"enemies":"Chosen","floor":18,"turns":5},{"damage":7,"enemies":"Spheric Guardian","floor":21,"turns":5},{"damage":8,"enemies":"Chosen and Byrds","floor":22,"turns":6},{"damage":28,"enemies":"Slavers","floor":24,"turns":4}],"seed_played":"7593470114396423598","potions_obtained":[{"floor":1,"key":"DuplicationPotion"},{"floor":11,"key":"Strength Potion"},{"floor":16,"key":"Dexterity Potion"},{"floor":18,"key":"CultistPotion"},{"floor":21,"key":"LiquidMemories"}],"is_trial":false,"path_per_floor":["M","?","?","M","$","E","R","M","T","R","E","M","R","M","R","B",null,"M","$","$","M","M","?","E"],"character_chosen":"THE_SILENT","items_purchased":["Energy Potion","Well Laid Plans","Potion Belt","Swift Potion"],"campfire_rested":0,"item_purchase_floors":[5,19,20,20],"current_hp_per_floor":[59,59,59,59,59,66,66,63,63,63,56,55,55,55,55,1,55,43,43,43,36,28,28,0,0],"gold":74,"neow_bonus":"THREE_ENEMY_KILL","is_daily":false,"chose_seed":false,"campfire_upgraded":4,"win_rate":0.0,"timestamp":1609421360,"path_taken":["M","?","?","M","$","E","R","M","T","R","E","M","R","M","R","BOSS","M","$","$","M","M","?","E"],"items_purchased_type":["Potion","Card","Relic","Potion"],"build_version":"2020-12-22","purchased_purges":2,"victory":false,"max_hp_per_floor":[66,66,66,66,66,73,73,73,73,73,73,73,73,73,73,73,73,73,73,73,73,73,73,73,73],"card_choices":[{"not_picked":["Riddle With Holes","All Out Attack"],"picked":"Noxious Fumes","floor":1},{"not_picked":["Finisher","Caltrops"],"picked":"Crippling Poison","floor":4},{"not_picked":["Blur","Distraction"],"picked":"Flying Knee","floor":6},{"not_picked":["Crippling Poison","Prepared"],"picked":"Masterful Stab","floor":8},{"not_picked":["Sucker Punch","Slice","Calculated Gamble"],"picked":"SKIP","floor":11},{"not_picked":["Distraction","Cloak And Dagger"],"picked":"Tactician","floor":12},{"not_picked":["Deadly Poison","Calculated Gamble"],"picked":"Blade Dance","floor":14},{"not_picked":["Backflip","Sucker Punch"],"picked":"PiercingWail","floor":18},{"not_picked":["Prepared","Bane+1"],"picked":"Malaise","floor":21},{"not_picked":["Expertise","Flying Knee"],"picked":"Deadly Poison+1","floor":22}],"player_experience":1079651,"relics_obtained":[{"floor":6,"key":"Strawberry"},{"floor":9,"key":"Orichalcum"},{"floor":11,"key":"Pantograph"}],"event_choices":[{"damage_healed":0,"gold_gain":150,"player_choice":"AGREE","damage_taken":0,"max_hp_gain":0,"max_hp_loss":0,"event_name":"Liars Game","floor":2,"gold_loss":0,"cards_obtained":["Doubt"]},{"cards_removed":["Doubt"],"damage_healed":0,"gold_gain":0,"player_choice":"Purged","damage_taken":0,"max_hp_gain":0,"max_hp_loss":0,"event_name":"Purifier","floor":3,"gold_loss":0},{"damage_healed":0,"gold_gain":50,"player_choice":"Stole From Cult","damage_taken":0,"max_hp_gain":0,"max_hp_loss":0,"event_name":"Nest","floor":23,"gold_loss":0}],"is_beta":false,"boss_relics":[{"not_picked":["Black Star","SacredBark"],"picked":"Cursed Key"}],"items_purged_floors":[5,19],"is_endless":false,"potions_floor_spawned":[1,8,11,16,18,21],"killed_by":"Slavers","ascension_level":20}}