{"host":"w1xj5yb993x94b3l","time":1609425767,"event":{"mods":["AchievementEnabler","Act Like it!","Aspiration","BaseMod","Beaked The Cultist","BetterRewards","CCEM","Clockwork Mod","Colored Powertips","Conspire","Downfall","Energized Spire","Friendly Minions","GifTheSpireLib","Glutton Mod","Halation","Hubris","Infinite Spire","Lobotomy","LobotomyExtend","Mad Scientist","Marisa????????","Minty Spire (QoL Compilation)","Relic Sorter","Replay The Spire","Slumbering Mod","Spikes Relics","StSLib","Stuff the Spire","The Bladedancer","The Construct","The Disciple","The Jungle","The Mystic","The Runesmith","The Sage","The Servant 0.9.4","Trackpad","vexMod"],"gold_per_floor":[116,116,116,135,149,149,183,183,183,198,128,152,152,210,210,289,289],"floor_reached":16,"playtime":910,"items_purged":[],"score":127,"play_id":"5296f4c8-8110-47df-b71e-e9a10d9e5487","local_time":"20201231154247","is_ascension_mode":true,"campfire_choices":[{"data":"construct:PowerUp","floor":6,"key":"SMITH"},{"data":"construct:PowerUp+1","floor":15,"key":"SMITH"}],"circlet_count":0,"master_deck":["construct:ForceCore+2","construct:Strike_Gold","construct:Strike_Gold","construct:Strike_Gold","construct:Strike_Gold","construct:Defend_Gold","construct:Defend_Gold","construct:Defend_Gold","construct:Defend_Gold","construct:Defend_Gold","construct:AttackMode","construct:DefenseMode","construct:PowerUp+2","construct:SyphonStrike","construct:VentSteam","construct:SuppressiveFire","construct:Accumulate","construct:Stasis","construct:OmegaCannon","construct:Reinforce"],"relics":["construct:ClockworkPhoenix","hubris:Icosahedron","construct:Challenge1","aspiration:Nostalgia","beaked:MendingPlumage","LetterFromLob","Iron Hammer","vexMod:ConsolationPrize","Rawhide","Blue Doll"],"acts_visited":["Exordium"],"potions_floor_usage":[7,7,14],"damage_taken":[{"damage":5,"enemies":"Cultist","floor":1,"turns":6},{"damage":0,"enemies":"2 Louse","floor":4,"turns":3},{"damage":0,"enemies":"Small Slimes","floor":5,"turns":3},{"damage":23,"enemies":"Lagavulin","floor":7,"turns":7},{"damage":3,"enemies":"2 Fungi Beasts","floor":10,"turns":4},{"damage":5,"enemies":"Exordium Wildlife","floor":12,"turns":5},{"damage":24,"enemies":"3 Sentries","floor":14,"turns":9},{"damage":93,"enemies":"Fading Forest","floor":16,"turns":7}],"seed_played":"-4326346047657338500","potions_obtained":[{"floor":1,"key":"PowerPotion"},{"floor":5,"key":"SkillPotion"},{"floor":10,"key":"Dexterity Potion"}],"is_trial":false,"path_per_floor":["M","$","?","M","M","R","E","?","T","M","$","M","?","E","R","B"],"character_chosen":"THE_CONSTRUCT_MOD","items_purchased":["Iron Hammer","construct:Stasis"],"campfire_rested":0,"item_purchase_floors":[2,11],"current_hp_per_floor":[85,69,81,85,85,85,68,68,68,74,74,84,84,77,77,0,0],"gold":289,"neow_bonus":"NOSTALGIA","is_daily":false,"chose_seed":false,"campfire_upgraded":2,"win_rate":0.0,"timestamp":1609425767,"path_taken":["M","?","?","M","M","R","E","?","T","M","$","M","?","E","R","BOSS"],"items_purchased_type":["Relic","Card"],"build_version":"2020-12-22","purchased_purges":0,"victory":false,"max_hp_per_floor":[85,85,85,85,85,85,85,85,85,85,85,85,85,85,85,85,85],"card_choices":[{"not_picked":["construct:Anticipate","construct:Analyze"],"picked":"construct:PowerUp","floor":1},{"not_picked":["construct:Reinforce","construct:Antimatter"],"picked":"construct:SyphonStrike","floor":4},{"not_picked":["construct:Backfire","construct:HyperBeam"],"picked":"construct:VentSteam","floor":5},{"not_picked":["construct:ChargeShot","construct:QuickAttack"],"picked":"construct:SuppressiveFire","floor":7},{"not_picked":["construct:FlameCore","construct:SyphonStrike"],"picked":"construct:Accumulate","floor":10},{"not_picked":["construct:ShiftStrike","construct:VentSteam"],"picked":"construct:OmegaCannon","floor":12},{"not_picked":["construct:Analyze","construct:OmegaCannon"],"picked":"construct:Reinforce","floor":14}],"player_experience":230650,"relics_obtained":[{"floor":1,"key":"LetterFromLob"},{"floor":7,"key":"vexMod:ConsolationPrize"},{"floor":9,"key":"Rawhide"},{"floor":14,"key":"Blue Doll"}],"event_choices":[],"is_beta":false,"boss_relics":[],"items_purged_floors":[],"is_endless":false,"potions_floor_spawned":[1,5,10],"killed_by":"Fading Forest","ascension_level":3}}