{"host":"344lv32hnei0mdhu","time":1609374785,"event":{"mods":["Act Like it!","BaseMod","Better Match","Better Sensory Stone","Better Skull","Better Third Choice","Better Vampires","Colored Powertips","Highlight Path","Minty Spire (QoL Compilation)","Quick Restart","Random Character Button","Rare Cards Sparkle","StSLib"],"gold_per_floor":[111,111,111,25,25,57,57,72,72,104,124,184,47,47,47,148,148,166,166,181,181,198,198,198],"floor_reached":23,"playtime":762,"items_purged":[],"score":322,"play_id":"c710fab3-c2df-4310-8b5f-ef99c65d4c60","local_time":"20201230183305","is_ascension_mode":true,"campfire_choices":[{"data":"WheelKick","floor":7,"key":"SMITH"},{"floor":15,"key":"REST"}],"circlet_count":0,"master_deck":["Strike_P","Strike_P","Defend_P","Defend_P","Defend_P","Defend_P","Eruption","Vigilance","Protect","ClearTheMind","WheelKick+1","BattleHymn","LikeWater","BowlingBash","Consecrate","TalkToTheHand","DeceiveReality","Swivel","Scrawl","Judgement","Halt","Consecrate","PathToVictory+1"],"relics":["PureWater","NeowsBlessing","Mercury Hourglass","Nunchaku","Girya","Strawberry","Cursed Key"],"acts_visited":["Exordium","TheCity"],"potions_floor_usage":[11],"damage_taken":[{"damage":0,"enemies":"Cultist","floor":1,"turns":1},{"damage":0,"enemies":"Lagavulin","floor":6,"turns":1},{"damage":0,"enemies":"2 Louse","floor":8,"turns":1},{"damage":16,"enemies":"Gremlin Nob","floor":10,"turns":3},{"damage":4,"enemies":"Jaw Worm","floor":11,"turns":2},{"damage":12,"enemies":"3 Sentries","floor":12,"turns":5},{"damage":22,"enemies":"The Guardian","floor":16,"turns":10},{"damage":0,"enemies":"Spheric Guardian","floor":18,"turns":1},{"damage":0,"enemies":"Chosen","floor":20,"turns":4},{"damage":23,"enemies":"Snake Plant","floor":22,"turns":5},{"damage":55,"enemies":"Gremlin Leader","floor":23,"turns":5}],"seed_played":"8111334418523811390","potions_obtained":[{"floor":1,"key":"Energy Potion"},{"floor":11,"key":"FearPotion"}],"is_trial":false,"path_per_floor":["M","?","?","$","?","E","R","M","T","E","M","?","$","?","R","B",null,"M","?","M","?","M","E"],"character_chosen":"WATCHER","items_purchased":["ClearTheMind","WheelKick","DeceiveReality","Swivel"],"campfire_rested":1,"item_purchase_floors":[4,4,13,13],"current_hp_per_floor":[65,65,70,70,70,70,70,70,70,54,50,45,45,45,70,48,75,75,75,75,75,52,0,0],"gold":198,"neow_bonus":"THREE_ENEMY_KILL","is_daily":false,"chose_seed":false,"campfire_upgraded":1,"win_rate":0.0,"timestamp":1609374785,"path_taken":["M","?","?","?","?","E","R","?","T","E","M","?","$","?","R","BOSS","M","?","M","?","?","E"],"items_purchased_type":["Card","Card","Card","Card"],"build_version":"2020-12-22","purchased_purges":0,"victory":false,"max_hp_per_floor":[72,72,77,77,77,77,77,77,77,77,77,84,84,84,84,84,84,84,84,84,84,84,84,84],"card_choices":[{"not_picked":["Weave","PathToVictory"],"picked":"Protect","floor":1},{"not_picked":["Prostrate","SashWhip"],"picked":"BattleHymn","floor":6},{"not_picked":["EmptyFist","Evaluate"],"picked":"LikeWater","floor":8},{"not_picked":["Consecrate","Wireheading"],"picked":"BowlingBash","floor":10},{"not_picked":["ClearTheMind","PathToVictory"],"picked":"Consecrate","floor":11},{"not_picked":["Halt","FlyingSleeves"],"picked":"TalkToTheHand","floor":12},{"not_picked":["DevaForm","Scrawl"],"picked":"Judgement","floor":16},{"not_picked":["Perseverance","Meditate"],"picked":"Halt","floor":18},{"not_picked":["Swivel","Crescendo"],"picked":"Prostrate","floor":20},{"not_picked":["FlurryOfBlows","Halt"],"picked":"PathToVictory+1","floor":22}],"player_experience":290439,"relics_obtained":[{"floor":6,"key":"Mercury Hourglass"},{"floor":9,"key":"Nunchaku"},{"floor":10,"key":"Girya"}],"event_choices":[{"damage_healed":0,"gold_gain":0,"player_choice":"Leave","damage_taken":0,"max_hp_gain":0,"max_hp_loss":0,"event_name":"The Cleric","floor":2,"gold_loss":0},{"damage_healed":0,"gold_gain":0,"player_choice":"Donut","damage_taken":0,"max_hp_gain":5,"max_hp_loss":0,"event_name":"Big Fish","floor":3,"gold_loss":0},{"cards_removed":["Strike_P"],"damage_healed":0,"gold_gain":0,"player_choice":"Offered Basic","damage_taken":0,"max_hp_gain":0,"max_hp_loss":0,"event_name":"Bonfire Elementals","floor":5,"gold_loss":0},{"damage_healed":0,"gold_gain":0,"player_choice":"Searched \u00273\u0027 times","damage_taken":0,"relics_obtained":["Strawberry"],"max_hp_gain":0,"max_hp_loss":0,"event_name":"Dead Adventurer","floor":12,"gold_loss":0},{"damage_healed":0,"gold_gain":0,"cards_transformed":["Strike_P"],"player_choice":"Transformed","damage_taken":0,"max_hp_gain":0,"max_hp_loss":0,"event_name":"Transmorgrifier","floor":14,"gold_loss":0,"cards_obtained":["Scrawl"]},{"damage_healed":0,"gold_gain":0,"player_choice":"Ignored","damage_taken":0,"max_hp_gain":0,"max_hp_loss":0,"event_name":"Ghosts","floor":19,"gold_loss":0},{"damage_healed":0,"gold_gain":0,"cards_transformed":["Prostrate"],"player_choice":"Transformed","damage_taken":0,"max_hp_gain":0,"max_hp_loss":0,"event_name":"Transmorgrifier","floor":21,"gold_loss":0,"cards_obtained":["Consecrate"]}],"is_beta":false,"boss_relics":[{"not_picked":["Fusion Hammer","Calling Bell"],"picked":"Cursed Key"}],"items_purged_floors":[],"is_endless":false,"potions_floor_spawned":[1,11],"killed_by":"Gremlin Leader","ascension_level":9}}