{"host":"waq1ashgqt0tulkv","time":1609377271,"event":{"mods":["BaseMod","Downfall","Hermit","Infinite Spire","Minty Spire (QoL Compilation)","Replay The Spire","StSLib","The Servant 0.9.4"],"gold_per_floor":[111,111,111,128,203,232,247,247,247,263,263,291,216,216,216,345,345,364,58,58,72,72,91,125,143,143,143,220,232,232,260,260,359,359,378,82,82,82,82,82,92,107,186,198,198,198,227,227,227,227],"floor_reached":51,"playtime":2268,"items_purged":["Strike_S"],"score":771,"play_id":"501a55ee-bd42-482d-9c2a-dac51442a425","local_time":"20201230181431","is_ascension_mode":false,"campfire_choices":[{"data":"Ricochet","floor":8.0,"key":"SMITH"},{"data":"SilverBlades","floor":11.0,"key":"SMITH"},{"floor":15.0,"key":"DIG"},{"floor":30,"key":"REST"},{"floor":32,"key":"REST"},{"data":"MurderousAura","floor":40,"key":"SMITH"},{"data":"Barrier","floor":45,"key":"SMITH"}],"circlet_count":0,"master_deck":["Strike_S+1","Strike_S+1","Strike_S+1","Defend_S+1","Defend_S+1","Defend_S+1","KidneyShot+1","Exchange+1","BottledTime+1","Rewind+1","Alleviate+1","Ricochet+1","ShatteredReality+1","SilverBlades+1","MurderousAura+1","MurderousAura+1","Barrier+1","Misdirection+1","Moonlight+1","Luminosity+1","Starlight+1","BestPractice+1","KillingDoll+1","Replace+1","RealityMarble+1"],"relics":["Uniform","NeowsBlessing","infinitespire:ShieldingShard","Vajra","infinitespire:Eraser","Bloody Idol","Bronze Scales","Ring of Chaos","Pantograph","Frozen Egg 2","Pen Nib","ReplayTheSpireMod:Ninjato","Mango","Coffee Dripper","Strawberry","TheAbacus","Divine Protection","ReplayFunnel","Mark of the Bloom"],"acts_visited":["Exordium","TheCity","TheBeyond"],"potions_floor_usage":[24,31],"damage_taken":[{"damage":0.0,"enemies":"2 Louse","floor":1.0,"turns":1.0},{"damage":0.0,"enemies":"Jaw Worm","floor":4.0,"turns":1.0},{"damage":0.0,"enemies":"Gremlin Nob","floor":6.0,"turns":1.0},{"damage":0.0,"enemies":"Cultist","floor":7.0,"turns":3.0},{"damage":0.0,"enemies":"Large Slime","floor":10.0,"turns":7.0},{"damage":3.0,"enemies":"Lagavulin","floor":12.0,"turns":4.0},{"damage":27.0,"enemies":"Slime Boss","floor":16.0,"turns":7.0},{"damage":0.0,"enemies":"3 Byrds","floor":18.0,"turns":2.0},{"damage":0.0,"enemies":"Chosen","floor":21.0,"turns":6.0},{"damage":9,"enemies":"Snake Plant","floor":23,"turns":5},{"damage":11,"enemies":"Book of Stabbing","floor":24,"turns":5},{"damage":0,"enemies":"3 Cultists","floor":25,"turns":6},{"damage":15,"enemies":"Sentry and Sphere","floor":29,"turns":4},{"damage":12,"enemies":"Gremlin Leader","floor":31,"turns":5},{"damage":12,"enemies":"Champ","floor":33,"turns":10},{"damage":22,"enemies":"3 Shapes","floor":35,"turns":4},{"damage":3,"enemies":"3 Darklings","floor":41,"turns":4},{"damage":3,"enemies":"4 Shapes","floor":42,"turns":4},{"damage":0,"enemies":"Sphere and 2 Shapes","floor":44,"turns":6},{"damage":8,"enemies":"Nemesis","floor":47,"turns":7},{"damage":44,"enemies":"Awakened One","floor":50,"turns":11}],"seed_played":"-4756754501787796528","potions_obtained":[{"floor":4.0,"key":"SmokeBomb"},{"floor":10.0,"key":"AttackPotion"},{"floor":12.0,"key":"BlessingOfTheForge"},{"floor":21.0,"key":"Guardian:BlockOnCardUsePotion"},{"floor":25,"key":"PowerPotion"},{"floor":42,"key":"EntropicBrew"}],"is_trial":false,"path_per_floor":["M","?","?","M","?","E","M","R","T","M","R","E","$","?","R","B",null,"M","$","?","M","?","M","E","M","T","?","T","M","R","E","R","B",null,"M","$","?","AVR","?","R","M","M","T","M","R","?","E","?","R","B",null],"character_chosen":"THE_SERVANT","items_purchased":["Pantograph","Barrier","Strawberry","TheAbacus"],"campfire_rested":2,"item_purchase_floors":[19,19,36,36],"current_hp_per_floor":[65,65,65,65,54,54,54,54,54,54,54,51,51,35,35,8,65,65,65,65,65,65,56,45,45,45,45,50,40,59,66,79,72,79,62,69,69,69,69,69,71,73,78,83,83,83,80,80,80,36],"gold":227,"neow_bonus":"THREE_ENEMY_KILL","is_daily":false,"chose_seed":false,"campfire_upgraded":4,"win_rate":0.0,"timestamp":1609377271,"path_taken":["M","?","?","?","?","E","M","R","T","M","R","E","$","?","R","BOSS","M","$","?","M","?","M","E","M","T","?","?","?","R","E","R","BOSS","M","$","?","AVR","?","R","M","M","T","M","R","?","E","?","R","BOSS"],"items_purchased_type":["Relic","Card","Relic","Relic"],"build_version":"2020-12-13","purchased_purges":1,"victory":true,"max_hp_per_floor":[65,65,65,65,65,65,65,65,65,65,65,65,65,65,65,65,65,65,65,65,65,65,65,65,65,65,65,65,65,65,79,79,79,79,79,86,86,86,86,86,86,86,86,86,86,86,86,86,86,86],"card_choices":[{"not_picked":["ShiftingGears","DualDimension"],"picked":"BottledTime","floor":1.0},{"not_picked":["Replace","ShatteredReality"],"picked":"Alleviate","floor":4.0},{"not_picked":["ReturningBlade","Potential"],"picked":"Ricochet","floor":6.0},{"not_picked":["Spin","DoubleEdge"],"picked":"ShatteredReality","floor":7.0},{"not_picked":["FastForward","Starlight"],"picked":"SilverBlades","floor":10.0},{"not_picked":["BottledTime","FanOfKnives"],"picked":"MurderousAura","floor":12.0},{"not_picked":["PendulumOfEternity","LightFlow"],"picked":"MurderousAura","floor":16.0},{"not_picked":["Alleviate","Potential","DoubleEdge"],"picked":"SKIP","floor":18.0},{"not_picked":["Spin","FanOfKnives"],"picked":"TimeWarp","floor":21.0},{"not_picked":["Hightail+1","Defy+1"],"picked":"Misdirection+1","floor":23},{"not_picked":["Barrier","FastForward"],"picked":"Moonlight","floor":24},{"not_picked":["Potential","TimeWarp+1"],"picked":"Luminosity+1","floor":25},{"not_picked":["FastForward","Unruled"],"picked":"Starlight","floor":29},{"not_picked":["Replace+1","ShiftingGears"],"picked":"BestPractice+1","floor":31},{"not_picked":["Sunlight","PendulumOfEternity"],"picked":"KillingDoll","floor":33},{"not_picked":["Comet","Unruled+1","Spin"],"picked":"SKIP","floor":35},{"not_picked":["ShatteredReality","Potential+1"],"picked":"Replace+1","floor":41},{"not_picked":["BestPractice+1","Starlight+1"],"picked":"RealityMarble+1","floor":42},{"not_picked":["Spin","TimeWarp+1","Revamp+1"],"picked":"SKIP","floor":44},{"not_picked":["Shuttle","Rearm","Collapse"],"picked":"SKIP","floor":47}],"player_experience":8120,"relics_obtained":[{"floor":6.0,"key":"infinitespire:ShieldingShard"},{"floor":9.0,"key":"Vajra"},{"floor":12.0,"key":"infinitespire:Eraser"},{"floor":15.0,"key":"Bronze Scales"},{"floor":24,"key":"Frozen Egg 2"},{"floor":26,"key":"Pen Nib"},{"floor":28,"key":"ReplayTheSpireMod:Ninjato"},{"floor":31,"key":"Mango"},{"floor":43,"key":"Divine Protection"},{"floor":47,"key":"ReplayFunnel"}],"event_choices":[{"damage_healed":0.0,"max_hp_gain":0.0,"max_hp_loss":0.0,"gold_gain":0.0,"cards_transformed":["Defend_S"],"event_name":"Living Wall","player_choice":"Change","floor":2.0,"gold_loss":0.0,"damage_taken":0.0,"cards_obtained":["Rewind"]},{"damage_healed":0.0,"max_hp_gain":0.0,"max_hp_loss":0.0,"gold_gain":0.0,"event_name":"Upgrade Shrine","player_choice":"Upgraded","floor":3.0,"gold_loss":0.0,"damage_taken":0.0,"cards_upgraded":["KidneyShot"]},{"damage_healed":0.0,"max_hp_gain":0.0,"max_hp_loss":0.0,"gold_gain":75.0,"event_name":"World of Goop","player_choice":"Gather Gold","floor":5.0,"gold_loss":0.0,"damage_taken":11.0},{"damage_healed":0.0,"max_hp_gain":0.0,"max_hp_loss":0.0,"gold_gain":0.0,"event_name":"Golden Idol","player_choice":"Take Damage","floor":14.0,"gold_loss":0.0,"damage_taken":16.0,"relics_obtained":["Golden Idol"]},{"damage_healed":0.0,"max_hp_gain":0.0,"max_hp_loss":0.0,"gold_gain":0.0,"event_name":"Ghosts","player_choice":"Ignored","floor":22.0,"gold_loss":0.0,"damage_taken":0.0},{"damage_healed":0,"gold_gain":0,"player_choice":"Gave Idol","damage_taken":0,"relics_obtained":["Bloody Idol"],"max_hp_gain":0,"max_hp_loss":0,"event_name":"Forgotten Altar","floor":27,"relics_lost":["Golden Idol"],"gold_loss":0},{"cards_removed":["TimeWarp"],"damage_healed":0,"gold_gain":0,"player_choice":"Removed Attack","damage_taken":0,"max_hp_gain":0,"max_hp_loss":0,"event_name":"Falling","floor":39,"gold_loss":0},{"damage_healed":0,"gold_gain":0,"player_choice":"Upgrade","damage_taken":0,"relics_obtained":["Mark of the Bloom"],"max_hp_gain":0,"max_hp_loss":0,"event_name":"MindBloom","floor":48,"gold_loss":0,"cards_upgraded":["Strike_S","Strike_S","Strike_S","Defend_S","Defend_S","Defend_S","Exchange","BottledTime","Rewind","Alleviate","ShatteredReality","MurderousAura","Moonlight","Starlight","KillingDoll"]}],"is_beta":false,"boss_relics":[{"not_picked":["ReplayTheSpireMod:SealedPack","ReplayTheSpireMod:DimensionalGlitch"],"picked":"Ring of Chaos"},{"not_picked":["Honey Jar","SacredBark"],"picked":"Coffee Dripper"}],"items_purged_floors":[13],"is_endless":false,"potions_floor_spawned":[4,10,12,21,23,25,42],"ascension_level":0}}