{"host":"wfkvcf4y4vkrpwe0","time":1609454192,"event":{"mods":["BaseMod","Conspire","Downfall","Hermit","Minty Spire (QoL Compilation)","Replay The Spire","StSLib","The Construct","The Cursed","The Disciple","The Hierophant","The Necromancer"],"gold_per_floor":[149,164,180,16,28,28,28,38,38,51,51,65,65,50,64,167,167,92,105,206,225,225,150,175,287,299,326,353,365,392,404,404,404],"floor_reached":31,"playtime":1588,"items_purged":[],"score":279,"play_id":"ae92132d-4a09-4b90-bef9-1c9b371ad841","local_time":"20201231223632","is_ascension_mode":false,"campfire_choices":[{"floor":9,"key":"REST"},{"floor":11,"key":"REST"},{"floor":18,"key":"RECALL"},{"floor":23,"key":"REST"},{"data":"hexamod:Incineration","floor":26,"key":"SMITH"}],"circlet_count":0,"master_deck":["hexamod:Strike","hexamod:Strike","hexamod:Strike","hexamod:Defend","hexamod:Defend","hexamod:Defend","hexamod:Defend","hexamod:Sear","hexamod:Float","hexamod:BurningTouch","hexamod:ChargedBarrage","hexamod:EmpoweredFlame","hexamod:PhantomCloak","hexamod:FlamesFromBeyond","hexamod:SoulSteal","hexamod:TimeOfNeed","hexamod:SearingWound","hexamod:HeatShield","hexamod:PowerFromBeyond+1","hexamod:DynamicBlow+1","hexamod:Incineration+1","hexamod:ChargedBarrage+1","Shame"],"relics":["hexamod:SpiritBrand","conspire:TreasureMap","Incense Burner","SlaversCollar","downfall:HeartBlessingBlue","MealTicket","downfall:HeartBlessingRed","MawBank","Omamori"],"acts_visited":["Exordium","TheCity"],"potions_floor_usage":[16,16,16,31,31],"damage_taken":[{"damage":0,"enemies":"Jaw Worm","floor":2,"turns":3},{"damage":0,"enemies":"Cultist","floor":3,"turns":3},{"damage":0,"enemies":"downfall:FleeingMerchant","floor":4,"turns":4},{"damage":12,"enemies":"2 Louse","floor":5,"turns":3},{"damage":10,"enemies":"Large Slime","floor":8,"turns":3},{"damage":58,"enemies":"Gremlin Gang","floor":10,"turns":4},{"damage":16,"enemies":"Exordium Wildlife","floor":12,"turns":4},{"damage":2,"enemies":"downfall:FleeingMerchant","floor":14,"turns":4},{"damage":7,"enemies":"Gremlin Gang","floor":15,"turns":3},{"damage":13,"enemies":"downfall:Watcher","floor":16,"turns":7},{"damage":4,"enemies":"Spheric Guardian","floor":19,"turns":3},{"damage":15,"enemies":"Snake Plant","floor":21,"turns":4},{"damage":0,"enemies":"Snecko","floor":27,"turns":3},{"damage":9,"enemies":"Cultist and Chosen","floor":28,"turns":5},{"damage":45,"enemies":"Centurion and Healer","floor":30,"turns":6},{"damage":45,"enemies":"conspire:HollyBat","floor":31,"turns":8}],"seed_played":"4931804697236590896","potions_obtained":[{"floor":2,"key":"Elixir"},{"floor":5,"key":"SneckoOil"},{"floor":10,"key":"SneckoOil"},{"floor":15,"key":"Dexterity Potion"},{"floor":16,"key":"hexamod:EctoCoolerPotion"},{"floor":19,"key":"SneckoOil"},{"floor":21,"key":"Doom Potion"},{"floor":30,"key":"Reflective Coating"}],"is_trial":false,"path_per_floor":["R","M","M","$","M","?","T","M","R","M","R","M","?","$","M","B",null,"R","M","?","M","?","R","T","?","R","M","M","T","M","M"],"character_chosen":"THE_SPIRIT","items_purchased":["conspire:TreasureMap"],"campfire_rested":3,"item_purchase_floors":[4],"current_hp_per_floor":[77,77,77,77,65,65,65,55,77,19,42,26,26,24,17,4,77,87,83,83,68,68,87,87,87,87,87,78,78,33,0,0,0],"gold":404,"neow_bonus":"TEN_PERCENT_HP_BONUS","is_daily":false,"chose_seed":false,"campfire_upgraded":1,"win_rate":0.0,"timestamp":1609454192,"path_taken":["R","M","M","$","M","?","T","M","R","M","R","?","?","?","M","BOSS","R","M","?","M","?","R","T","?","R","M","?","?","M","M"],"items_purchased_type":["Relic"],"build_version":"2020-12-22","purchased_purges":0,"victory":false,"max_hp_per_floor":[77,77,77,77,77,77,77,77,77,77,77,77,77,77,77,77,77,87,87,87,87,87,87,87,87,87,87,87,87,87,87,87,87],"card_choices":[{"not_picked":["hexamod:GhostOfSpireFuture","hexamod:ThermalTransfer"],"picked":"hexamod:BurningTouch","floor":2},{"not_picked":["hexamod:EtherealExpedition","hexamod:ThermalTransfer"],"picked":"hexamod:ChargedBarrage","floor":3},{"not_picked":["hexamod:RainOfEmbers","hexamod:ShieldOfDarkness"],"picked":"hexamod:EmpoweredFlame","floor":4},{"not_picked":["hexamod:NightmareStrike","hexamod:NightmareGuise"],"picked":"hexamod:PhantomCloak","floor":5},{"not_picked":["hexamod:GhostLash","hexamod:NightmareGuise"],"picked":"hexamod:FlamesFromBeyond","floor":8},{"not_picked":["hexamod:Hexaguard","hexamod:RadiantFlame"],"picked":"hexamod:SoulSteal","floor":10},{"not_picked":["hexamod:GhostOfSpireFuture","hexamod:FastForward"],"picked":"hexamod:TimeOfNeed","floor":12},{"not_picked":["hexamod:SpectersWail","hexamod:SoulSteal","hexamod:GhostOfSpirePresent"],"picked":"SKIP","floor":14},{"not_picked":["hexamod:HauntingEcho","hexamod:StepThrough","hexamod:BacktrackSmack"],"picked":"SKIP","floor":15},{"not_picked":["hexamod:SixthSeal","hexamod:GhostflameInferno"],"picked":"hexamod:SearingWound","floor":16},{"not_picked":["hexamod:SwordOfDarkness","hexamod:Again"],"picked":"hexamod:HeatShield","floor":19},{"not_picked":["hexamod:StepThrough+1","hexamod:SpectersWail"],"picked":"hexamod:PowerFromBeyond+1","floor":20},{"not_picked":["hexamod:RainOfEmbers","hexamod:AdvancingGuard"],"picked":"hexamod:DynamicBlow+1","floor":20},{"not_picked":["hexamod:EtherealExpedition","hexamod:NightmareStrike"],"picked":"hexamod:Incineration","floor":20},{"not_picked":["hexamod:ShieldOfDarkness","hexamod:SpectralAdrenaline"],"picked":"hexamod:ChargedBarrage+1","floor":21},{"not_picked":["hexamod:GhostLash","hexamod:BurningTouch","hexamod:ShieldOfDarkness"],"picked":"SKIP","floor":27},{"not_picked":["hexamod:GhostOfSpireFuture+1","hexamod:GhostLash","hexamod:HauntingEcho"],"picked":"SKIP","floor":28},{"not_picked":["hexamod:TimeWarp","hexamod:RetreatToShadows+1","hexamod:Hexaguard+1"],"picked":"SKIP","floor":30}],"player_experience":554028,"relics_obtained":[{"floor":24,"key":"MawBank"},{"floor":29,"key":"Omamori"}],"event_choices":[{"cards_removed":["hexamod:Strike"],"damage_healed":0,"gold_gain":0,"player_choice":"Offered Basic","damage_taken":0,"max_hp_gain":0,"max_hp_loss":0,"event_name":"Bonfire Elementals","floor":6,"gold_loss":0},{"damage_healed":0,"gold_gain":0,"player_choice":"Stole Relic","damage_taken":0,"relics_obtained":["MealTicket"],"max_hp_gain":0,"max_hp_loss":0,"event_name":"Addict","floor":22,"gold_loss":0,"cards_obtained":["Shame"]}],"is_beta":false,"boss_relics":[{"not_picked":["ReplayTheSpireMod:DimensionalGlitch","Painkiller Herb"],"picked":"SlaversCollar"}],"items_purged_floors":[],"is_endless":false,"potions_floor_spawned":[2,5,10,15,16,19,21,30],"killed_by":"conspire:HollyBat","ascension_level":0}}