{"host":"kpyoctgc7jne3jiy","time":1609439006,"event":{"mods":["AchievementEnabler","BaseMod","Minty Spire (QoL Compilation)","Relic Stats"],"gold_per_floor":[117,192,46,66,66,101,113,113,113,144,156,156,156,166,166,263,263,277,277,26,40,60,93,93,43,66,79,106,116,132,148,148,245,245,263,18,36,86,96,130,130,230,285,297,350,350,365,391,391,391],"floor_reached":51,"playtime":2962,"items_purged":["Strike_B","Strike_B"],"score":869,"play_id":"f6d9cb48-9970-43a7-a52d-b3ba10134fd5","local_time":"20201231192326","is_ascension_mode":true,"campfire_choices":[{"floor":8.0,"key":"REST"},{"floor":13.0,"key":"REST"},{"floor":15.0,"key":"REST"},{"floor":24,"key":"REST"},{"floor":32,"key":"REST"},{"data":"Defend_B","floor":41,"key":"PURGE"},{"floor":49,"key":"REST"}],"circlet_count":0,"master_deck":["Strike_B+1","Strike_B","Defend_B","Defend_B","Defend_B","Zap","Dualcast","Go for the Eyes","Doom and Gloom","Conserve Battery","Undo","Sweeping Beam","Streamline","Buffer+1","Steam+1","Ball Lightning","Cold Snap+1","Rainbow","Capacitor+1","Compile Driver+1","White Noise","Electrodynamics","BootSequence+1","Coolheaded+1","Beam Cell+1","Defragment+1","Fusion","FTL+1","Go for the Eyes+1","Conserve Battery+1"],"relics":["Fusion Hammer","StrikeDummy","Bottled Flame","Calipers","SacredBark","Letter Opener","Ancient Tea Set","Pen Nib","DataDisk","Black Star","Whetstone","Peace Pipe","Dream Catcher","CaptainsWheel","Orichalcum","Ginger","PreservedInsect","Question Card"],"acts_visited":["Exordium","TheCity","TheBeyond"],"potions_floor_usage":[23,23,28,39,40,50,50,50,50,50],"damage_taken":[{"damage":6.0,"enemies":"Cultist","floor":1.0,"turns":4.0},{"damage":7.0,"enemies":"Small Slimes","floor":4.0,"turns":3.0},{"damage":31.0,"enemies":"Gremlin Nob","floor":6.0,"turns":4.0},{"damage":0.0,"enemies":"2 Louse","floor":7.0,"turns":2.0},{"damage":20.0,"enemies":"3 Sentries","floor":10.0,"turns":4.0},{"damage":0.0,"enemies":"Blue Slaver","floor":11.0,"turns":3.0},{"damage":8.0,"enemies":"Lots of Slimes","floor":14.0,"turns":3.0},{"damage":31.0,"enemies":"Hexaghost","floor":16.0,"turns":9.0},{"damage":1.0,"enemies":"Chosen","floor":18.0,"turns":3.0},{"damage":7.0,"enemies":"Shell Parasite","floor":21.0,"turns":6.0},{"damage":0.0,"enemies":"Centurion and Healer","floor":22.0,"turns":6.0},{"damage":21,"enemies":"Slavers","floor":23,"turns":4},{"damage":7,"enemies":"Snake Plant","floor":27,"turns":4},{"damage":29,"enemies":"Book of Stabbing","floor":28,"turns":6},{"damage":0,"enemies":"3 Cultists","floor":29,"turns":4},{"damage":12,"enemies":"Centurion and Healer","floor":30,"turns":7},{"damage":0,"enemies":"Chosen and Byrds","floor":31,"turns":4},{"damage":7,"enemies":"Collector","floor":33,"turns":10},{"damage":12,"enemies":"Orb Walker","floor":35,"turns":5},{"damage":1,"enemies":"3 Shapes","floor":37,"turns":4},{"damage":0,"enemies":"Mind Bloom Boss Battle","floor":38,"turns":8},{"damage":8,"enemies":"Transient","floor":39,"turns":5},{"damage":0,"enemies":"Reptomancer","floor":40,"turns":9},{"damage":0,"enemies":"Maw","floor":44,"turns":8},{"damage":52,"enemies":"2 Orb Walkers","floor":45,"turns":6},{"damage":0,"enemies":"Sphere and 2 Shapes","floor":47,"turns":7},{"damage":36,"enemies":"Giant Head","floor":48,"turns":10},{"damage":20,"enemies":"Time Eater","floor":50,"turns":14}],"seed_played":"-1621125820897577675","potions_obtained":[{"floor":6.0,"key":"PotionOfCapacity"},{"floor":7.0,"key":"ColorlessPotion"},{"floor":10.0,"key":"Swift Potion"},{"floor":18.0,"key":"LiquidBronze"},{"floor":29,"key":"Swift Potion"},{"floor":30,"key":"FearPotion"},{"floor":33,"key":"ColorlessPotion"},{"floor":35,"key":"Fire Potion"},{"floor":38,"key":"PowerPotion"},{"floor":47,"key":"AttackPotion"},{"floor":48,"key":"EntropicBrew"}],"is_trial":false,"path_per_floor":["M","?","$","M","$","E","M","R","T","E","M","?","R","M","R","B",null,"M","?","$","M","M","E","R","$","T","M","E","M","M","M","R","B",null,"M","$","M","?","M","E","R","?","T","M","?","?","M","E","R","B",null],"character_chosen":"DEFECT","items_purchased":["Doom and Gloom","Letter Opener","Fire Potion","Whetstone"],"campfire_rested":6,"item_purchase_floors":[3,20,25,36],"current_hp_per_floor":[69,62,62,55,55,24,24,46,46,26,26,31,55,47,71,40,80,79,79,79,72,72,51,75,75,75,68,39,39,27,27,51,44,80,68,68,67,67,59,59,59,59,59,59,7,70,70,34,55,35],"gold":391,"neow_bonus":"BOSS_RELIC","is_daily":false,"chose_seed":false,"campfire_upgraded":0,"win_rate":0.0,"timestamp":1609439006,"path_taken":["M","?","$","M","?","E","M","R","T","E","M","?","R","M","R","BOSS","M","?","$","M","M","E","R","?","T","?","E","M","M","M","R","BOSS","M","$","M","?","M","E","R","?","T","?","?","?","M","E","R","BOSS"],"items_purchased_type":["Card","Relic","Potion","Relic"],"build_version":"2020-12-22","purchased_purges":2,"victory":true,"max_hp_per_floor":[75,75,75,75,75,75,75,75,75,75,75,80,80,80,80,80,80,80,80,80,80,80,80,80,80,80,80,80,80,80,80,80,80,80,80,80,80,80,80,80,80,80,80,80,80,70,70,70,70,70],"relic_stats":{"Peace Pipe":1,"Dream Catcher":1,"counters":[28,162],"Pen Nib":[19],"PreservedInsect":0,"Black Star":2,"Letter Opener":[276],"Whetstone":["Compile Driver","Strike_B"],"Ginger":[5],"Orichalcum":[42],"Question Card":1,"obtain_stats":[{"Calipers":10,"SacredBark":17,"Pen Nib":26,"PreservedInsect":48,"Letter Opener":20,"Whetstone":36,"Ginger":45,"Orichalcum":43,"Ancient Tea Set":23,"Question Card":48,"Peace Pipe":38,"Bottled Flame":9,"DataDisk":28,"Dream Catcher":40,"CaptainsWheel":40,"Fusion Hammer":0,"Black Star":34,"Cracked Core":0,"StrikeDummy":6},{"Calipers":5,"SacredBark":8,"Pen Nib":12,"PreservedInsect":27,"Letter Opener":9,"Whetstone":19,"Ginger":25,"Orichalcum":23,"Ancient Tea Set":12,"Question Card":27,"Peace Pipe":21,"Bottled Flame":4,"DataDisk":14,"Dream Catcher":23,"CaptainsWheel":23,"Fusion Hammer":0,"Black Star":18,"Cracked Core":0,"StrikeDummy":3},{"Calipers":17,"SacredBark":32,"Pen Nib":51,"PreservedInsect":148,"Letter Opener":35,"Whetstone":91,"Ginger":131,"Orichalcum":117,"Ancient Tea Set":51,"Question Card":148,"Peace Pipe":103,"Bottled Flame":13,"DataDisk":61,"Dream Catcher":117,"CaptainsWheel":117,"Fusion Hammer":0,"Black Star":86,"Cracked Core":0,"StrikeDummy":11}]},"card_choices":[{"not_picked":["Hologram","Rebound"],"picked":"Go for the Eyes","floor":1.0},{"not_picked":["Biased Cognition","Leap"],"picked":"Conserve Battery","floor":4.0},{"not_picked":["Gash","Core Surge"],"picked":"Undo","floor":6.0},{"not_picked":["Double Energy","Stack"],"picked":"Sweeping Beam","floor":7.0},{"not_picked":["Turbo","Conserve Battery","Go for the Eyes"],"picked":"SKIP","floor":10.0},{"not_picked":["Steam","Stack"],"picked":"Streamline","floor":11.0},{"not_picked":["Streamline","Aggregate","Lockon"],"picked":"SKIP","floor":14.0},{"not_picked":["Amplify","Core Surge"],"picked":"Buffer","floor":16.0},{"not_picked":["Hologram","Sweeping Beam+1"],"picked":"Steam+1","floor":18.0},{"not_picked":["Compile Driver","Hologram"],"picked":"Ball Lightning","floor":21.0},{"not_picked":["BootSequence","Sweeping Beam"],"picked":"Cold Snap+1","floor":22.0},{"not_picked":["Heatsinks","BootSequence+1"],"picked":"Rainbow","floor":23},{"not_picked":["Chaos","Leap"],"picked":"Capacitor+1","floor":27},{"not_picked":["Barrage","Heatsinks"],"picked":"Compile Driver","floor":28},{"not_picked":["Steam","Barrage+1","Redo"],"picked":"SKIP","floor":29},{"not_picked":["Sweeping Beam+1","Compile Driver"],"picked":"White Noise","floor":30},{"not_picked":["Streamline","Scrape","Turbo"],"picked":"SKIP","floor":31},{"not_picked":["Rainbow","Hyperbeam"],"picked":"Electrodynamics","floor":33},{"not_picked":["Leap","Steam"],"picked":"BootSequence+1","floor":35},{"not_picked":["Reprogram","Beam Cell"],"picked":"Coolheaded+1","floor":37},{"not_picked":["Gash+1","Streamline+1"],"picked":"Beam Cell+1","floor":39},{"not_picked":["Loop","Undo+1"],"picked":"Defragment+1","floor":40},{"not_picked":["BootSequence","Redo","Conserve Battery"],"picked":"SKIP","floor":44},{"not_picked":["Turbo+1","Loop"],"picked":"Fusion","floor":45},{"not_picked":["Turbo","Cold Snap+1"],"picked":"FTL+1","floor":47},{"not_picked":["Hyperbeam","Melter"],"picked":"Go for the Eyes+1","floor":48},{"not_picked":["Streamline+1","Leap","Cold Snap+1"],"picked":"Conserve Battery+1","floor":49}],"player_experience":272409,"relics_obtained":[{"floor":6.0,"key":"StrikeDummy"},{"floor":9.0,"key":"Bottled Flame"},{"floor":10.0,"key":"Calipers"},{"floor":23,"key":"Ancient Tea Set"},{"floor":26,"key":"Pen Nib"},{"floor":28,"key":"DataDisk"},{"floor":38,"key":"Peace Pipe"},{"floor":40,"key":"Dream Catcher"},{"floor":40,"key":"CaptainsWheel"},{"floor":43,"key":"Orichalcum"},{"floor":45,"key":"Ginger"},{"floor":48,"key":"PreservedInsect"},{"floor":48,"key":"Question Card"}],"event_choices":[{"damage_healed":0.0,"max_hp_gain":0.0,"max_hp_loss":0.0,"gold_gain":75.0,"event_name":"FaceTrader","player_choice":"Touch","floor":2.0,"gold_loss":0.0,"damage_taken":7.0},{"damage_healed":0.0,"max_hp_gain":5.0,"max_hp_loss":0.0,"gold_gain":0.0,"event_name":"Big Fish","player_choice":"Donut","floor":12.0,"gold_loss":0.0,"damage_taken":0.0},{"damage_healed":0.0,"max_hp_gain":0.0,"max_hp_loss":0.0,"gold_gain":0.0,"event_name":"Upgrade Shrine","player_choice":"Upgraded","floor":19.0,"gold_loss":0.0,"damage_taken":0.0,"cards_upgraded":["Buffer"]},{"damage_healed":0,"gold_gain":0,"player_choice":"Fight","damage_taken":0,"max_hp_gain":0,"max_hp_loss":0,"event_name":"MindBloom","floor":38,"gold_loss":0},{"damage_healed":0,"gold_gain":100,"player_choice":"Pray","damage_taken":0,"max_hp_gain":0,"max_hp_loss":0,"event_name":"Golden Shrine","floor":42,"gold_loss":0},{"damage_healed":0,"gold_gain":0,"player_choice":"Fight","damage_taken":0,"max_hp_gain":0,"max_hp_loss":0,"event_name":"Mysterious Sphere","floor":45,"gold_loss":0},{"damage_healed":70,"gold_gain":0,"player_choice":"Heal","damage_taken":0,"max_hp_gain":0,"max_hp_loss":10,"event_name":"The Moai Head","floor":46,"gold_loss":0}],"is_beta":false,"boss_relics":[{"not_picked":["Runic Pyramid","Sozu"],"picked":"SacredBark"},{"not_picked":["Busted Crown","Runic Dome"],"picked":"Black Star"}],"items_purged_floors":[3,36],"is_endless":false,"potions_floor_spawned":[6,7,10,18,21,29,30,33,35,38,47,48],"ascension_level":3}}