{"host":"51qmnr9isyv85d0p","time":1609415678,"event":{"mods":["AchievementEnabler","BaseMod","Colored Map","Colored Powertips","Curses Come First","Downfall","Minty Spire (QoL Compilation)","Relic Stats","StSLib","TestMod","vexMod"],"gold_per_floor":[99,109,109,8974,8987,8023,8023,8041,8067,8082,8101,8112,8112,8146,8158,8254,8254,8254,8270,8270,8282,7364,7364,7390,7390,7427,7427,6766,6766,6766,6766,6788,6788,6788,6788],"floor_reached":33,"playtime":1953,"items_purged":["hexamod:Strike","hexamod:Defend","hexamod:Strike"],"score":374,"play_id":"ed4ba417-9551-4e94-b428-1b3a26b6711c","local_time":"20201231195438","is_ascension_mode":true,"campfire_choices":[{"data":"hexamod:Strike","floor":1,"key":"SMITH"},{"data":"hexamod:TimeOfNeed","floor":18,"key":"SMITH"},{"data":"hexamod:CouncilsJustice","floor":27,"key":"SMITH"},{"data":"hexamod:CouncilsJustice","floor":29,"key":"SMITH"}],"circlet_count":0,"master_deck":["hexamod:Sear","hexamod:Float","Trip","Secret Weapon+1","hexamod:PowerFromBeyond+1","hexamod:PowerFromBeyond","hexamod:SoulSteal","hexamod:SpectersWail+1","hexamod:TimeOfNeed+1","Sadistic Nature","hexamod:TimeOfNeed+1","hexamod:CouncilsJustice+1","hexamod:CouncilsJustice+1","hexamod:CouncilsJustice","Ghostly","Ghostly","Ghostly"],"relics":["hexamod:SpiritBrand","testmod-TestBox","testmod-InjuryResistance","testmod-CasingShield","Meat on the Bone","hexamod:RecyclingMachine","TungstenRod","White Beast Statue","testmod-Faith","testmod-ArcanaOfDestiny","Juzu Bracelet","Anchor","testmod-Justice","testmod-IncinerationGenerator","Matryoshka","Bag of Marbles","DollysMirror","hexamod:MatchstickCase","Vajra","Kunai","Pocketwatch","Bronze Scales","Chemical X","hexamod:TheBrokenSeal"],"acts_visited":["Exordium","TheCity"],"potions_floor_usage":[6,9,9,9,11,14,16,16,16,21,21,22,26,26,32,32,33],"damage_taken":[{"damage":0,"enemies":"Small Slimes","floor":2,"turns":2},{"damage":0,"enemies":"downfall:FleeingMerchant","floor":4,"turns":4},{"damage":2,"enemies":"2 Louse","floor":5,"turns":2},{"damage":2,"enemies":"downfall:FleeingMerchant","floor":6,"turns":4},{"damage":0,"enemies":"Cultist","floor":8,"turns":2},{"damage":0,"enemies":"3 Sentries","floor":9,"turns":6},{"damage":2,"enemies":"2 Fungi Beasts","floor":10,"turns":3},{"damage":0,"enemies":"Blue Slaver","floor":11,"turns":1},{"damage":0,"enemies":"Lots of Slimes","floor":12,"turns":2},{"damage":4,"enemies":"Gremlin Nob","floor":14,"turns":3},{"damage":0,"enemies":"Large Slime","floor":15,"turns":3},{"damage":17,"enemies":"downfall:Defect","floor":16,"turns":6},{"damage":12,"enemies":"3 Byrds","floor":19,"turns":4},{"damage":0,"enemies":"3 Cultists","floor":21,"turns":4},{"damage":3,"enemies":"downfall:FleeingMerchant","floor":22,"turns":4},{"damage":0,"enemies":"Slavers","floor":26,"turns":6},{"damage":0,"enemies":"downfall:FleeingMerchant","floor":28,"turns":3},{"damage":12,"enemies":"Snake Plant","floor":32,"turns":3},{"damage":27,"enemies":"downfall:Watcher","floor":33,"turns":6}],"seed_played":"6350705416374671950","potions_obtained":[{"floor":8,"key":"Fire Potion"},{"floor":9,"key":"testmod-SpacePotion"},{"floor":10,"key":"Fire Potion"},{"floor":11,"key":"EssenceOfSteel"},{"floor":12,"key":"testmod-EscapePotion"},{"floor":14,"key":"Weak Potion"},{"floor":15,"key":"Ancient Potion"},{"floor":16,"key":"DuplicationPotion"},{"floor":19,"key":"Regen Potion"},{"floor":19,"key":"Swift Potion"},{"floor":21,"key":"Strength Potion"},{"floor":21,"key":"ColorlessPotion"},{"floor":22,"key":"ColorlessPotion"},{"floor":22,"key":"Ancient Potion"},{"floor":26,"key":"Ancient Potion"},{"floor":28,"key":"Swift Potion"},{"floor":32,"key":"Energy Potion"}],"is_trial":false,"path_per_floor":["R","M","?","$","M","$","T","M","E","M","M","M","?","E","M","B",null,"R","M","?","M","$","?","T","?","E","R","$","R","?","?","M","B"],"character_chosen":"THE_SPIRIT","items_purchased":["testmod-CasingShield","Meat on the Bone","hexamod:RecyclingMachine","Trip","DistilledChaos","AttackPotion","SteroidPotion","TungstenRod","White Beast Statue","testmod-Faith","Secret Weapon","hexamod:PowerFromBeyond","LiquidBronze","Sadistic Nature","Matryoshka","Bag of Marbles","DollysMirror","Fire Potion","Pocketwatch","Bronze Scales","Chemical X","hexamod:UnleashSpirits"],"campfire_rested":0,"item_purchase_floors":[4,4,4,4,4,4,4,6,6,6,6,6,6,22,22,22,22,22,28,28,28,28],"current_hp_per_floor":[70,70,70,70,68,66,66,66,66,64,64,64,52,48,48,43,70,70,58,58,70,67,67,67,35,35,35,35,35,35,33,45,18,18,18],"gold":6788,"neow_bonus":"REMOVE_CARD","is_daily":false,"chose_seed":false,"campfire_upgraded":4,"win_rate":0.0,"timestamp":1609415678,"path_taken":["R","M","?","$","M","$","T","M","E","M","M","M","?","E","M","BOSS","R","M","?","M","$","?","T","?","E","R","$","R","?","?","M","BOSS"],"items_purchased_type":["Relic","Relic","Relic","Card","Potion","Potion","Potion","Relic","Relic","Relic","Card","Card","Potion","Card","Relic","Relic","Relic","Potion","Relic","Relic","Relic","Card"],"build_version":"2020-12-22","purchased_purges":3,"victory":false,"max_hp_per_floor":[70,70,70,70,70,70,70,70,70,70,70,70,70,70,70,70,70,70,70,70,70,70,70,70,35,35,35,35,35,35,40,50,50,50,50],"relic_stats":{"counters":[19,68],"Bronze Scales":[21],"Juzu Bracelet":1,"Kunai":[0],"Chemical X":[1],"obtain_stats":[{"testmod-TestBox":0,"Vajra":24,"hexamod:TheBrokenSeal":32,"testmod-IncinerationGenerator":17,"Juzu Bracelet":9,"testmod-Justice":14,"testmod-CasingShield":4,"White Beast Statue":6,"hexamod:MatchstickCase":24,"Anchor":13,"testmod-InjuryResistance":0,"Matryoshka":22,"DollysMirror":22,"Bronze Scales":28,"testmod-Faith":6,"Bag of Marbles":22,"hexamod:RecyclingMachine":4,"Kunai":26,"Chemical X":28,"hexamod:SpiritBrand":0,"TungstenRod":6,"testmod-ArcanaOfDestiny":7,"Meat on the Bone":4,"Pocketwatch":28},{"testmod-TestBox":0,"Vajra":15,"hexamod:TheBrokenSeal":18,"testmod-IncinerationGenerator":12,"Juzu Bracelet":6,"testmod-Justice":10,"testmod-CasingShield":2,"White Beast Statue":4,"hexamod:MatchstickCase":15,"Anchor":9,"testmod-InjuryResistance":0,"Matryoshka":15,"DollysMirror":15,"Bronze Scales":17,"testmod-Faith":4,"Bag of Marbles":15,"hexamod:RecyclingMachine":2,"Kunai":16,"Chemical X":17,"hexamod:SpiritBrand":0,"TungstenRod":4,"testmod-ArcanaOfDestiny":4,"Meat on the Bone":2,"Pocketwatch":17},{"testmod-TestBox":0,"Vajra":50,"hexamod:TheBrokenSeal":61,"testmod-IncinerationGenerator":38,"Juzu Bracelet":20,"testmod-Justice":29,"testmod-CasingShield":6,"White Beast Statue":12,"hexamod:MatchstickCase":50,"Anchor":26,"testmod-InjuryResistance":0,"Matryoshka":50,"DollysMirror":50,"Bronze Scales":59,"testmod-Faith":12,"Bag of Marbles":50,"hexamod:RecyclingMachine":6,"Kunai":56,"Chemical X":59,"hexamod:SpiritBrand":0,"TungstenRod":12,"testmod-ArcanaOfDestiny":12,"Meat on the Bone":6,"Pocketwatch":59}],"TungstenRod":48,"Meat on the Bone":12,"Pocketwatch":[0]},"card_choices":[{"not_picked":["hexamod:Firestarter","hexamod:GhostOfSpireFuture","hexamod:EmpoweredFlame"],"picked":"SKIP","floor":2},{"not_picked":["hexamod:HauntingEcho","hexamod:ShieldOfDarkness","hexamod:SkipABeat"],"picked":"SKIP","floor":4},{"not_picked":["hexamod:ThermalTransfer","hexamod:ChargedBarrage","hexamod:BurningTouch"],"picked":"SKIP","floor":5},{"not_picked":["hexamod:NightmareStrike","hexamod:NightmareGuise","hexamod:Hexaguard"],"picked":"SKIP","floor":6},{"not_picked":["hexamod:FirstSeal","hexamod:GhostShield"],"picked":"hexamod:PowerFromBeyond","floor":8},{"not_picked":["hexamod:DynamicBlow","hexamod:GhostShield","hexamod:Incineration"],"picked":"SKIP","floor":9},{"not_picked":["hexamod:SpectersWail","hexamod:RetreatToShadows"],"picked":"hexamod:SoulSteal","floor":10},{"not_picked":["hexamod:FastForward","hexamod:Hexaguard"],"picked":"hexamod:SpectersWail","floor":11},{"not_picked":["hexamod:GhostOfSpirePresent","hexamod:HauntingEcho","hexamod:FourthSeal"],"picked":"SKIP","floor":12},{"not_picked":["hexamod:ThermalTransfer","hexamod:HeatCrush","hexamod:DynamicBlow"],"picked":"SKIP","floor":14},{"not_picked":["hexamod:SwordOfDarkness","hexamod:SuperheatedStrike"],"picked":"hexamod:FifthSeal","floor":15},{"not_picked":["hexamod:SecondSeal","hexamod:ThirdSeal"],"picked":"hexamod:FourthSeal","floor":16},{"not_picked":["hexamod:SearingWound","hexamod:ParanormalForm"],"picked":"hexamod:TimeOfNeed","floor":16},{"not_picked":["hexamod:SecondSeal","hexamod:FirstSeal"],"picked":"hexamod:SixthSeal","floor":19},{"not_picked":["hexamod:HauntingEcho","hexamod:GhostShield","hexamod:RecurringNightmare"],"picked":"SKIP","floor":19},{"not_picked":["hexamod:FourthSeal","hexamod:SixthSeal"],"picked":"hexamod:SecondSeal","floor":21},{"not_picked":["hexamod:StepThrough","hexamod:BacktrackSmack+1","hexamod:SwordOfDarkness+1"],"picked":"SKIP","floor":21},{"not_picked":["hexamod:SixthSeal","hexamod:FourthSeal"],"picked":"hexamod:ThirdSeal","floor":22},{"not_picked":["hexamod:HeatCrush+1","hexamod:NightmareGuise","hexamod:PhantomCloak"],"picked":"SKIP","floor":22},{"not_picked":["hexamod:CatchUp","hexamod:EmpoweredFlame","hexamod:ShieldOfDarkness"],"picked":"SKIP","floor":26},{"not_picked":["hexamod:BacktrackSmack","hexamod:GhostShield","hexamod:GhostLash"],"picked":"SKIP","floor":26},{"not_picked":["hexamod:ThirdSeal","hexamod:FourthSeal"],"picked":"hexamod:FirstSeal","floor":28},{"not_picked":["hexamod:NightmareGuise","hexamod:ThermalTransfer","hexamod:BacktrackSmack+1"],"picked":"SKIP","floor":28},{"not_picked":["hexamod:SuperheatedStrike+1","hexamod:GhostLash","hexamod:Firestarter"],"picked":"SKIP","floor":28},{"not_picked":["hexamod:ThirdSeal","hexamod:TurnItUp","hexamod:NightmareStrike"],"picked":"SKIP","floor":32}],"player_experience":43026,"relics_obtained":[{"floor":7,"key":"testmod-ArcanaOfDestiny"},{"floor":9,"key":"Juzu Bracelet"},{"floor":14,"key":"testmod-Justice"},{"floor":24,"key":"hexamod:MatchstickCase"},{"floor":24,"key":"Vajra"},{"floor":26,"key":"Kunai"}],"event_choices":[{"damage_healed":0,"gold_gain":0,"player_choice":"Success","damage_taken":25,"relics_obtained":["Anchor"],"max_hp_gain":0,"max_hp_loss":0,"event_name":"Scrap Ooze","floor":13,"gold_loss":0},{"damage_healed":0,"gold_gain":0,"player_choice":"Ignored","damage_taken":0,"max_hp_gain":0,"max_hp_loss":0,"event_name":"Vampires","floor":23,"gold_loss":0},{"cards_removed":["hexamod:UnleashSpirits"],"damage_healed":0,"gold_gain":0,"player_choice":"Card Removal","damage_taken":0,"max_hp_gain":0,"max_hp_loss":0,"event_name":"Wheel of Change","floor":30,"gold_loss":0}],"is_beta":false,"boss_relics":[{"not_picked":["Runic Pyramid","Calling Bell"],"picked":"testmod-IncinerationGenerator"}],"items_purged_floors":[4,6,22],"is_endless":false,"potions_floor_spawned":[5,8,9,10,11,12,14,15,16,19,21,22,28,32],"killed_by":"downfall:Watcher","ascension_level":3}}