{"host":"i2ir6b55gxkcwpt4","time":1609448964,"event":{"mods":["BaseMod","Colored Map","Colored Powertips","KinomotoSakuraMod(ƒæ÷Æ±æ”£)","Lobotomy","LobotomyExtend","Marisa£®ÏF”Í°°ƒß¿Ì…≥£©","Minty Spire (QoL Compilation)","Reimu£®≤©¿ˆ¡È√Œ£©","Remilia£®¿Ÿ√◊¿Ú—«£©"],"gold_per_floor":[117,117,132,148,148,148,148],"floor_reached":6,"playtime":1107,"items_purged":[],"score":36,"play_id":"06d9ff89-85b4-4502-bc51-e962d792c1ba","local_time":"20210101050924","is_ascension_mode":false,"campfire_choices":[],"circlet_count":0,"master_deck":["ClowCardTheSword","ClowCardTheSword","ClowCardTheSword","ClowCardTheSword","ClowCardTheShield","ClowCardTheShield","ClowCardTheShield","ClowCardTheShield","SpellCardSeal","SpellCardRelease","Rudolta","ClowCardTheDream+1","Scarecrow","ClowCardTheShot","OSAHOGD","ClowCardTheRain"],"relics":["KSMOD_SealedBook","KSMOD_SealedWand","CogitoBucket","LetterFromLob","Golden Idol"],"acts_visited":["Exordium"],"potions_floor_usage":[],"damage_taken":[{"damage":0,"enemies":"Jaw Worm","floor":1,"turns":4},{"damage":6,"enemies":"Cultist","floor":3,"turns":3},{"damage":0,"enemies":"Small Slimes","floor":4,"turns":2},{"damage":67,"enemies":"Gremlin Nob","floor":6,"turns":4}],"seed_played":"60187404774287731","potions_obtained":[],"is_trial":false,"path_per_floor":["M","?","M","M","?","E"],"character_chosen":"KINOMOTOSAKURA","items_purchased":[],"campfire_rested":0,"item_purchase_floors":[],"current_hp_per_floor":[70,70,64,68,51,0,0],"gold":148,"neow_bonus":"","is_daily":false,"chose_seed":false,"campfire_upgraded":0,"win_rate":0.0,"timestamp":1609448964,"path_taken":["M","?","M","?","?","E"],"items_purchased_type":[],"build_version":"2020-12-22","purchased_purges":0,"victory":false,"max_hp_per_floor":[70,70,70,70,70,70,70],"card_choices":[{"not_picked":["SingingMachine","RedShoes"],"picked":"Rudolta","floor":1},{"not_picked":["ClowCardTheStorm","ClowCardTheBubbles"],"picked":"ClowCardTheDream","floor":1},{"not_picked":["Mercenary","Funeral"],"picked":"Scarecrow","floor":3},{"not_picked":["ClowCardTheJump","ClowCardTheIllusion"],"picked":"ClowCardTheShot","floor":3},{"not_picked":["CrumblingArmor","Mercenary"],"picked":"OSAHOGD","floor":4},{"not_picked":["ClowCardTheMist","ClowCardTheCreate"],"picked":"ClowCardTheRain","floor":4}],"player_experience":57121,"relics_obtained":[{"floor":1,"key":"LetterFromLob"}],"event_choices":[{"damage_healed":0,"gold_gain":0,"player_choice":"Upgraded","damage_taken":0,"max_hp_gain":0,"max_hp_loss":0,"event_name":"Upgrade Shrine","floor":2,"gold_loss":0,"cards_upgraded":["ClowCardTheDream"]},{"damage_healed":0,"gold_gain":0,"player_choice":"Take Damage","damage_taken":17,"relics_obtained":["Golden Idol"],"max_hp_gain":0,"max_hp_loss":0,"event_name":"Golden Idol","floor":5,"gold_loss":0}],"is_beta":false,"boss_relics":[],"items_purged_floors":[],"is_endless":false,"potions_floor_spawned":[],"killed_by":"Gremlin Nob","ascension_level":0}}