{"host":"w4b7hmige5bnqipq","time":1609382239,"event":{"mods":["2.2 Compatiblity","BaseMod","Colored Map","DeckTracker","Keyboard Shortcuts","Minty Spire (QoL Compilation)","Permanent Neow","Rare Cards Sparkle","SuperFastMode","everything is the same but u backflip on backflip","slay the spire mod where everything is the same but ironclad has a cowboy hat"],"gold_per_floor":[116,136,136,136,61,61,73,86,113,113,123,140,140,153,153,230,230,240,240,240,140,140,140,120,120,120,120,120],"floor_reached":27,"playtime":541,"items_purged":["Strike_R","Decay"],"score":396,"play_id":"faa62de8-0e69-40ba-a53d-152a44625536","local_time":"20201231113719","is_ascension_mode":true,"campfire_choices":[{"data":"Searing Blow","floor":6.0,"key":"SMITH"},{"data":"Searing Blow+1","floor":10.0,"key":"SMITH"},{"data":"Searing Blow+2","floor":13.0,"key":"SMITH"},{"data":"Searing Blow+3","floor":15.0,"key":"SMITH"},{"data":"Searing Blow+4","floor":23,"key":"SMITH"},{"data":"Searing Blow+5","floor":25,"key":"SMITH"}],"circlet_count":0,"master_deck":["AscendersBane","Strike_R","Defend_R","Defend_R","Defend_R","Bash","Searing Blow+6","Bloodletting","Shrug It Off","Armaments","Corruption","Offering","Writhe","Entrench","Warcry"],"relics":["Black Blood","MealTicket","Lantern","White Beast Statue"],"acts_visited":["Exordium","TheCity"],"potions_floor_usage":[16,24,27,27],"damage_taken":[{"damage":12.0,"enemies":"Cultist","floor":1.0,"turns":4.0},{"damage":12.0,"enemies":"Small Slimes","floor":2.0,"turns":3.0},{"damage":0.0,"enemies":"2 Louse","floor":7.0,"turns":3.0},{"damage":38.0,"enemies":"Exordium Wildlife","floor":8.0,"turns":7.0},{"damage":3.0,"enemies":"Blue Slaver","floor":11.0,"turns":2.0},{"damage":10.0,"enemies":"3 Louse","floor":12.0,"turns":3.0},{"damage":3.0,"enemies":"Looter","floor":14.0,"turns":3.0},{"damage":33,"enemies":"Slime Boss","floor":16,"turns":10},{"damage":21,"enemies":"Shell Parasite","floor":18,"turns":3},{"damage":19,"enemies":"2 Thieves","floor":24,"turns":4},{"damage":79,"enemies":"Slavers","floor":27,"turns":4}],"seed_played":"-3961214922305093408","potions_obtained":[{"floor":2.0,"key":"PowerPotion"},{"floor":8.0,"key":"BlessingOfTheForge"},{"floor":14.0,"key":"AttackPotion"},{"floor":18,"key":"PowerPotion"},{"floor":24,"key":"Fruit Juice"}],"is_trial":false,"path_per_floor":["M","M","?","?","$","R","M","M","T","R","M","M","R","M","R","B",null,"M","?","?","$","?","R","M","R","T","E"],"character_chosen":"IRONCLAD","items_purchased":[],"campfire_rested":0,"item_purchase_floors":[],"current_hp_per_floor":[62,56,61,61,61,61,67,35,35,35,38,34,34,37,37,10,63,54,54,54,69,69,69,62,62,62,0,0],"gold":120,"neow_bonus":"TRANSFORM_CARD","is_daily":false,"chose_seed":false,"campfire_upgraded":6,"win_rate":0.0,"timestamp":1609382239,"path_taken":["M","M","?","?","$","R","?","M","T","R","M","M","R","M","R","BOSS","M","?","?","$","?","R","M","R","T","E"],"items_purchased_type":[],"build_version":"2020-12-22","purchased_purges":2,"victory":false,"max_hp_per_floor":[75,75,80,80,80,80,80,80,80,80,80,80,80,80,80,80,80,80,80,80,80,80,80,80,80,80,85,85],"card_choices":[{"not_picked":["Thunderclap","Reckless Charge"],"picked":"Bloodletting","floor":1.0},{"not_picked":["Thunderclap","Iron Wave","Flex"],"picked":"SKIP","floor":2.0},{"not_picked":["Iron Wave","Clothesline","Twin Strike"],"picked":"SKIP","floor":7.0},{"not_picked":["Wild Strike","Combust"],"picked":"Shrug It Off","floor":8.0},{"not_picked":["Sword Boomerang","Fire Breathing","Spot Weakness"],"picked":"SKIP","floor":11.0},{"not_picked":["Heavy Blade","Twin Strike"],"picked":"Armaments","floor":12.0},{"not_picked":["Twin Strike","Cleave"],"picked":"Corruption","floor":14.0},{"not_picked":["Barricade","Reaper"],"picked":"Offering","floor":16},{"not_picked":["Armaments","Headbutt","Body Slam"],"picked":"SKIP","floor":18},{"not_picked":["Wild Strike","Twin Strike","True Grit"],"picked":"SKIP","floor":24}],"player_experience":444806,"relics_obtained":[{"floor":9.0,"key":"MealTicket"},{"floor":26,"key":"White Beast Statue"}],"event_choices":[{"damage_healed":0.0,"max_hp_gain":5.0,"max_hp_loss":0.0,"gold_gain":0.0,"event_name":"Big Fish","player_choice":"Donut","floor":3.0,"gold_loss":0.0,"damage_taken":0.0},{"cards_removed":["Strike_R"],"damage_healed":0.0,"max_hp_gain":0.0,"max_hp_loss":0.0,"gold_gain":0.0,"event_name":"Wheel of Change","player_choice":"Card Removal","floor":4.0,"gold_loss":0.0,"damage_taken":0.0},{"damage_healed":0,"gold_gain":0,"player_choice":"Smashed Altar","damage_taken":0,"max_hp_gain":0,"max_hp_loss":0,"event_name":"Forgotten Altar","floor":19,"gold_loss":0,"cards_obtained":["Decay"]},{"damage_healed":0,"gold_gain":0,"player_choice":"Opened","damage_taken":0,"relics_obtained":["Lantern"],"max_hp_gain":0,"max_hp_loss":0,"event_name":"The Mausoleum","floor":20,"gold_loss":0,"cards_obtained":["Writhe"]},{"damage_healed":0,"gold_gain":0,"cards_transformed":["Strike_R","Defend_R"],"player_choice":"Became Test Subject","damage_taken":0,"max_hp_gain":0,"max_hp_loss":0,"event_name":"Drug Dealer","floor":22,"gold_loss":0,"cards_obtained":["Entrench","Warcry"]}],"is_beta":false,"boss_relics":[{"not_picked":["Philosopher\u0027s Stone","SacredBark"],"picked":"Black Blood"}],"items_purged_floors":[5,21],"is_endless":false,"potions_floor_spawned":[2,8,14,18,24],"killed_by":"Slavers","ascension_level":19}}