{"host":"Alvar","time":1609398014,"event":{"mods":["AchievementEnabler","Aspiration","BaseMod","Minty Spire (QoL Compilation)","StSLib"],"gold_per_floor":[117,117,117,192,217,250,274,317,342,351,245,296,336,387,399,514,526,561,573,585,621,677,732,753,815,827,839,874,786,786,827,827,939,939,965,983,572,572,617,677,723,789,789,789,403,447,482,531,531,531,531,531,49,78,78],"floor_reached":56,"playtime":2651,"items_purged":["Injury","Strike_P","Strike_P","Strike_P"],"score":2375,"play_id":"4af8dd3e-92f6-4cb2-bdd3-3b45f8d2ff80","local_time":"20201231140014","is_ascension_mode":true,"campfire_choices":[{"data":"Vigilance","floor":15,"key":"SMITH"},{"data":"Wish","floor":27,"key":"SMITH"},{"data":"Omniscience","floor":30,"key":"SMITH"},{"data":"MentalFortress","floor":32,"key":"SMITH"},{"floor":49,"key":"RECALL"},{"data":"Defend_P","floor":52,"key":"PURGE"}],"circlet_count":0,"master_deck":["AscendersBane","Defend_P","Defend_P","Defend_P","Eruption","Vigilance+1","EmptyFist","WheelKick+1","BowlingBash+1","TalkToTheHand+1","FearNoEvil+1","SandsOfTime+1","Wallop+1","Wish+1","FlurryOfBlows+1","WaveOfTheHand+1","Tantrum+1","Omniscience+1","TalkToTheHand+1","MentalFortress+1","CutThroughFate+1","ClearTheMind+1","Vault+1","Protect+1","CutThroughFate+1","Meditate+1","Master of Strategy+1"],"relics":["PureWater","NeowsBlessing","Molten Egg 2","Bloody Idol","Blood Vial","aspiration:Lifesprig","CeramicFish","Orichalcum","MawBank","Gremlin Horn","SlaversCollar","Art of War","Toxic Egg 2","aspiration:Stabinomicon","Busted Crown","Kunai","Peace Pipe","Toy Ornithopter","Lantern","Bag of Marbles","Potion Belt","Pen Nib","Torii"],"acts_visited":["Exordium","TheCity","TheBeyond","TheEnding"],"potions_floor_usage":[8,55],"damage_taken":[{"damage":0,"enemies":"Jaw Worm","floor":1,"turns":1},{"damage":0,"enemies":"Gremlin Nob","floor":6,"turns":1},{"damage":0,"enemies":"2 Louse","floor":7,"turns":1},{"damage":17,"enemies":"3 Sentries","floor":8,"turns":7},{"damage":0,"enemies":"Small Slimes","floor":13,"turns":2},{"damage":14,"enemies":"Gremlin Nob","floor":14,"turns":5},{"damage":0,"enemies":"Slime Boss","floor":16,"turns":4},{"damage":17,"enemies":"2 Thieves","floor":18,"turns":3},{"damage":6,"enemies":"3 Byrds","floor":21,"turns":4},{"damage":1,"enemies":"Cultist and Chosen","floor":22,"turns":7},{"damage":19,"enemies":"Slavers","floor":23,"turns":4},{"damage":39,"enemies":"Snake Plant","floor":25,"turns":7},{"damage":13,"enemies":"Chosen and Byrds","floor":28,"turns":4},{"damage":5,"enemies":"Book of Stabbing","floor":31,"turns":5},{"damage":4,"enemies":"Automaton","floor":33,"turns":5},{"damage":22,"enemies":"3 Darklings","floor":35,"turns":4},{"damage":2,"enemies":"Orb Walker","floor":36,"turns":3},{"damage":0,"enemies":"2 Orb Walkers","floor":39,"turns":7},{"damage":0,"enemies":"Giant Head","floor":40,"turns":6},{"damage":16,"enemies":"Writhing Mass","floor":41,"turns":6},{"damage":5,"enemies":"Nemesis","floor":42,"turns":4},{"damage":0,"enemies":"Maw","floor":46,"turns":5},{"damage":12,"enemies":"Reptomancer","floor":47,"turns":3},{"damage":0,"enemies":"Sphere and 2 Shapes","floor":48,"turns":5},{"damage":19,"enemies":"Time Eater","floor":50,"turns":11},{"damage":10,"enemies":"Shield and Spear","floor":54,"turns":4},{"damage":26,"enemies":"The Heart","floor":55,"turns":9}],"seed_played":"5636903574882776703","potions_obtained":[{"floor":6,"key":"AttackPotion"},{"floor":7,"key":"Strength Potion"},{"floor":8,"key":"Energy Potion"},{"floor":46,"key":"Swift Potion"},{"floor":47,"key":"LiquidMemories"}],"is_trial":false,"path_per_floor":["M","?","?","?","T","E","M","E","T","?","$","T","M","E","R","B",null,"M","?","$","M","M","E","?","M","T","R","M","$","R","E","R","B",null,"M","M","$","?","?","E","M","E","T","?","$","M","E","M","R","B",null,"R","$","E","B",null],"character_chosen":"WATCHER","items_purchased":["SandsOfTime+1","Kunai","Bag of Marbles","Meditate+1","Pen Nib","Master of Strategy+1","Weak Potion","Dexterity Potion"],"campfire_rested":0,"item_purchase_floors":[11,37,45,45,53,53,53,53],"current_hp_per_floor":[61,61,61,50,50,52,54,39,39,39,39,39,41,29,29,31,54,39,39,44,55,62,53,62,38,43,48,52,57,57,62,62,62,62,50,55,55,58,62,62,56,62,62,62,62,62,55,62,62,43,57,57,62,57,36],"gold":78,"neow_bonus":"THREE_ENEMY_KILL","is_daily":false,"chose_seed":false,"campfire_upgraded":4,"win_rate":0.0,"timestamp":1609398014,"path_taken":["M","?","?","?","?","E","?","E","T","?","$","?","?","E","R","BOSS","M","?","$","M","M","E","?","?","T","R","M","?","R","E","R","BOSS","M","M","$","?","?","E","M","E","T","?","$","M","E","M","R","BOSS","R","$","E","BOSS"],"items_purchased_type":["Card","Relic","Relic","Card","Relic","Card","Potion","Potion"],"build_version":"2020-12-18","purchased_purges":4,"victory":true,"max_hp_per_floor":[68,68,62,62,62,62,62,62,62,62,62,62,62,62,62,62,62,62,62,62,62,62,62,62,62,62,62,62,62,62,62,62,62,62,62,62,62,62,62,62,62,62,62,62,62,62,62,62,62,62,62,62,62,62,62],"card_choices":[{"not_picked":["WindmillStrike","Consecrate"],"picked":"EmptyFist","floor":1},{"not_picked":["MasterReality","FearNoEvil+1"],"picked":"WheelKick+1","floor":6},{"not_picked":["DeceiveReality","FlurryOfBlows+1"],"picked":"BowlingBash+1","floor":7},{"not_picked":["FlurryOfBlows+1","ThirdEye"],"picked":"TalkToTheHand+1","floor":8},{"not_picked":["CrushJoints+1","EmptyBody"],"picked":"Wallop+1","floor":13},{"not_picked":["InnerPeace","CrushJoints+1","WaveOfTheHand"],"picked":"SKIP","floor":14},{"not_picked":["ConjureBlade","Brilliance+1"],"picked":"Wish","floor":16},{"not_picked":["FlyingSleeves+1","ClearTheMind"],"picked":"FlurryOfBlows+1","floor":18},{"not_picked":["FlurryOfBlows+1","FollowUp+1"],"picked":"WaveOfTheHand+1","floor":21},{"not_picked":["ThirdEye","SignatureMove+1"],"picked":"Tantrum+1","floor":22},{"not_picked":["CrushJoints+1","Protect"],"picked":"Omniscience","floor":23},{"not_picked":["FlyingSleeves+1","Protect"],"picked":"MentalFortress","floor":25},{"not_picked":["Consecrate+1","PathToVictory+1"],"picked":"CutThroughFate+1","floor":28},{"not_picked":["SashWhip+1","Halt+1"],"picked":"ClearTheMind+1","floor":31},{"not_picked":["ConjureBlade+1","Scrawl+1"],"picked":"Vault+1","floor":33},{"not_picked":[],"picked":"Protect+1","floor":35},{"not_picked":["FlyingSleeves+1"],"picked":"SKIP","floor":36},{"not_picked":["Establishment"],"picked":"SKIP","floor":40},{"not_picked":["ForeignInfluence+1"],"picked":"SKIP","floor":41},{"not_picked":[],"picked":"CutThroughFate+1","floor":42},{"not_picked":["ThirdEye+1"],"picked":"SKIP","floor":46},{"not_picked":["ThirdEye+1"],"picked":"SKIP","floor":46},{"not_picked":["Prostrate+1"],"picked":"SKIP","floor":47},{"not_picked":["Halt+1"],"picked":"SKIP","floor":48},{"not_picked":["FearNoEvil+1"],"picked":"SKIP","floor":54}],"player_experience":759402,"relics_obtained":[{"floor":5,"key":"Blood Vial"},{"floor":6,"key":"aspiration:Lifesprig"},{"floor":8,"key":"CeramicFish"},{"floor":9,"key":"Orichalcum"},{"floor":12,"key":"MawBank"},{"floor":14,"key":"Gremlin Horn"},{"floor":23,"key":"Art of War"},{"floor":26,"key":"Toxic Egg 2"},{"floor":31,"key":"aspiration:Stabinomicon"},{"floor":39,"key":"Peace Pipe"},{"floor":40,"key":"Toy Ornithopter"},{"floor":42,"key":"Lantern"},{"floor":47,"key":"Potion Belt"},{"floor":54,"key":"Torii"}],"event_choices":[{"damage_healed":0,"gold_gain":0,"player_choice":"Lose Max HP","damage_taken":0,"relics_obtained":["Golden Idol"],"max_hp_gain":0,"max_hp_loss":6,"event_name":"Golden Idol","floor":3,"gold_loss":0},{"damage_healed":0,"gold_gain":75,"player_choice":"Gather Gold","damage_taken":11,"max_hp_gain":0,"max_hp_loss":0,"event_name":"World of Goop","floor":4,"gold_loss":0},{"damage_healed":0,"gold_gain":0,"cards_transformed":["Strike_P"],"player_choice":"Transformed","damage_taken":0,"max_hp_gain":0,"max_hp_loss":0,"event_name":"Transmorgrifier","floor":10,"gold_loss":0,"cards_obtained":["FearNoEvil"]},{"damage_healed":0,"gold_gain":0,"player_choice":"Gave Idol","damage_taken":0,"relics_obtained":["Bloody Idol"],"max_hp_gain":0,"max_hp_loss":0,"event_name":"Forgotten Altar","floor":19,"relics_lost":["Golden Idol"],"gold_loss":0},{"damage_healed":0,"gold_gain":0,"player_choice":"Copied","damage_taken":0,"max_hp_gain":0,"max_hp_loss":0,"event_name":"Duplicator","floor":24,"gold_loss":0,"cards_obtained":["TalkToTheHand"]},{"damage_healed":0,"gold_gain":0,"player_choice":"Fight","damage_taken":0,"max_hp_gain":0,"max_hp_loss":0,"event_name":"Mysterious Sphere","floor":39,"gold_loss":0},{"damage_healed":0,"gold_gain":0,"player_choice":"Ignored","damage_taken":0,"max_hp_gain":0,"max_hp_loss":0,"event_name":"Tomb of Lord Red Mask","floor":44,"gold_loss":0}],"is_beta":true,"boss_relics":[{"not_picked":["VioletLotus","Pandora\u0027s Box"],"picked":"SlaversCollar"},{"not_picked":["aspiration:PoetsPen_weak","Velvet Choker"],"picked":"Busted Crown"}],"items_purged_floors":[11,29,37,45],"is_endless":false,"potions_floor_spawned":[6,7,8,13,18,23,28,39,41,46,47],"ascension_level":18}}