{"host":"nzq3d31h1j2g5t95","time":1609383297,"event":{"mods":["BaseMod","Hubris","KinomotoSakuraMod(Ä¾Ö®±¾Ó£)","Minty Spire (QoL Compilation)","StSLib","[IsaacMod]ÒÔÈö¼âËþ"],"gold_per_floor":[117,136,148,148,148,148,182,182,257,257,274,302,83,83,83,186,186,206,106,106,84,84,112,112,141,165,177,221,252,280,318,330,342,342],"floor_reached":33,"playtime":990,"items_purged":["Strike_R","Defend_R","Defend_R"],"score":579,"play_id":"01f1e602-e32c-4a76-afd7-7ce0b0c099f4","local_time":"20201231105457","is_ascension_mode":true,"campfire_choices":[{"floor":6,"key":"REST"},{"data":"Whirlwind","floor":8,"key":"SMITH"},{"floor":10,"key":"REST"},{"data":"Bloodletting","floor":15,"key":"SMITH"},{"floor":27,"key":"REST"},{"floor":32,"key":"REST"}],"circlet_count":0,"master_deck":["Strike_R","Strike_R+1","Strike_R","Strike_R","Defend_R","Defend_R","Bash","Armaments","Exhume+1","Bloodletting+1","Whirlwind+1","Second Wind","Inflame","Clash","Heavy Blade"],"relics":["Black Blood","HushsDoor","Ice Cream","Unceasing Top","Singing Bowl","hubris:Metronome","OrangePellets","BloodBag","hubris:ChampionShield","SatanicBible","MutagenicStrength","SharpPlug","Pear","MawBank","Potion Belt","hubris:DeckOfHolding"],"acts_visited":["TheCity"],"potions_floor_usage":[12,16,18,28,33],"damage_taken":[{"damage":9,"enemies":"2 Louse","floor":1,"turns":4},{"damage":2,"enemies":"Jaw Worm","floor":2,"turns":6},{"damage":16,"enemies":"Small Slimes","floor":3,"turns":6},{"damage":28,"enemies":"3 Sentries","floor":7,"turns":4},{"damage":9,"enemies":"2 Fungi Beasts","floor":11,"turns":3},{"damage":3,"enemies":"Gremlin Nob","floor":12,"turns":2},{"damage":3,"enemies":"Slime Boss","floor":16,"turns":7},{"damage":10,"enemies":"Spheric Guardian","floor":18,"turns":4},{"damage":36,"enemies":"Gremlin Leader","floor":23,"turns":4},{"damage":44,"enemies":"Slavers","floor":25,"turns":3},{"damage":3,"enemies":"Gremlin Leader","floor":28,"turns":3},{"damage":5,"enemies":"Chosen","floor":29,"turns":3},{"damage":31,"enemies":"Centurion and Healer","floor":30,"turns":4},{"damage":42,"enemies":"Slavers","floor":31,"turns":3},{"damage":87,"enemies":"hubris:MusketHawk","floor":33,"turns":6}],"seed_played":"-773954676966831037","potions_obtained":[{"floor":2,"key":"SteroidPotion"},{"floor":7,"key":"Weak Potion"},{"floor":11,"key":"Block Potion"},{"floor":12,"key":"Explosive Potion"},{"floor":25,"key":"BloodPotion"},{"floor":31,"key":"Energy Potion"}],"is_trial":false,"path_per_floor":["M","M","M","?","?","R","E","R","T","R","M","E","$","?","R","B",null,"M","$","?","$","?","E","$","E","T","R","E","M","M","E","R","B"],"character_chosen":"IRONCLAD","items_purchased":["OrangePellets","Inflame","SatanicBible","Clash"],"campfire_rested":4,"item_purchase_floors":[13,13,17,21],"current_hp_per_floor":[69,72,62,48,48,69,47,47,47,68,67,72,73,66,66,71,70,72,72,72,72,72,50,50,30,30,55,66,73,56,28,55,0,0],"gold":342,"neow_bonus":"ONE_RARE_RELIC","is_daily":false,"chose_seed":false,"campfire_upgraded":2,"win_rate":0.0,"timestamp":1609383297,"path_taken":["M","M","M","?","?","R","E","R","T","R","M","E","$","?","R","BOSS","M","$","?","?","?","E","?","E","T","R","E","?","M","E","R","BOSS"],"items_purchased_type":["Relic","Card","Relic","Card"],"build_version":"2020-12-22","purchased_purges":3,"victory":false,"max_hp_per_floor":[72,72,72,72,72,72,72,72,72,72,74,76,83,83,83,85,70,72,72,72,72,72,74,74,86,86,86,88,88,90,92,92,92,92],"card_choices":[{"not_picked":["Perfected Strike","Clothesline"],"picked":"Armaments","floor":1},{"not_picked":["True Grit","Clothesline"],"picked":"Exhume","floor":2},{"not_picked":["Carnage","Pommel Strike"],"picked":"Bloodletting","floor":3},{"not_picked":["Flex","Ghostly Armor"],"picked":"Second Wind","floor":7},{"not_picked":["Uppercut","Havoc","Clash"],"picked":"Singing Bowl","floor":11},{"not_picked":["Cleave","Second Wind","Anger"],"picked":"Singing Bowl","floor":12},{"not_picked":["Corruption","Fiend Fire","Brutality"],"picked":"Singing Bowl","floor":16},{"not_picked":["Heavy Blade","Rupture+1","True Grit"],"picked":"Singing Bowl","floor":18},{"not_picked":["Body Slam","Twin Strike","Pommel Strike"],"picked":"Singing Bowl","floor":23},{"not_picked":["Warcry","Second Wind","Flame Barrier+1"],"picked":"Singing Bowl","floor":25},{"not_picked":["Shockwave","Cleave","Spot Weakness"],"picked":"Singing Bowl","floor":28},{"not_picked":["Flex+1","Armaments"],"picked":"Heavy Blade","floor":29},{"not_picked":["Clothesline","Thunderclap","Warcry"],"picked":"Singing Bowl","floor":30},{"not_picked":["Body Slam","Warcry","Ghostly Armor"],"picked":"Singing Bowl","floor":31}],"player_experience":149855,"relics_obtained":[{"floor":7,"key":"Unceasing Top"},{"floor":9,"key":"Singing Bowl"},{"floor":12,"key":"hubris:Metronome"},{"floor":23,"key":"SharpPlug"},{"floor":25,"key":"Pear"},{"floor":26,"key":"MawBank"},{"floor":28,"key":"Potion Belt"},{"floor":31,"key":"hubris:DeckOfHolding"}],"event_choices":[{"damage_healed":0,"gold_gain":0,"player_choice":"Entered Light","damage_taken":14,"max_hp_gain":0,"max_hp_loss":0,"event_name":"Shining Light","floor":4,"gold_loss":0,"cards_upgraded":["Exhume","Strike_R"]},{"damage_healed":0,"gold_gain":0,"player_choice":"Success","damage_taken":7,"relics_obtained":["hubris:ChampionShield"],"max_hp_gain":0,"max_hp_loss":0,"event_name":"Scrap Ooze","floor":14,"gold_loss":0},{"damage_healed":0,"gold_gain":0,"player_choice":"Inject Mutagens","damage_taken":0,"relics_obtained":["MutagenicStrength"],"max_hp_gain":0,"max_hp_loss":0,"event_name":"Drug Dealer","floor":20,"gold_loss":0},{"damage_healed":0,"gold_gain":0,"player_choice":"Ignored","damage_taken":0,"max_hp_gain":0,"max_hp_loss":0,"event_name":"Ghosts","floor":22,"gold_loss":0}],"is_beta":false,"boss_relics":[{"not_picked":["Empty Cage","Astrolabe"],"picked":"Black Blood"},{"not_picked":[]}],"items_purged_floors":[13,17,19],"is_endless":false,"potions_floor_spawned":[2,7,11,12,25,31],"killed_by":"hubris:MusketHawk","ascension_level":7}}