{"host":"jzjaw782v8gfe8gb","time":1609380557,"event":{"mods":["BaseMod","Better Match","Better Note","Better Third Choice","Minty Spire (QoL Compilation)","StSLib","The Marked"],"gold_per_floor":[109,157,177,197,211,211,211,211,237,264,279,296,296,246,246,246,246],"floor_reached":16,"playtime":942,"items_purged":[],"score":102,"play_id":"27edd6d8-7a14-412e-818b-14c6bfb6ff8c","local_time":"20201230180917","is_ascension_mode":false,"campfire_choices":[{"data":"theMarked:StartUp","floor":6,"key":"SMITH"},{"data":"theMarked:Improvise","floor":8,"key":"SMITH"},{"data":"theMarked:Frustration","floor":13,"key":"SMITH"},{"floor":15,"key":"REST"}],"circlet_count":0,"master_deck":["theMarked:Strike","theMarked:Strike","theMarked:Strike+1","theMarked:Defend","theMarked:Defend","theMarked:Defend","theMarked:SoldierOfQuellstein","theMarked:StartUp+1","theMarked:Improvise+1","theMarked:Parkour+1","theMarked:Frustration+1"],"relics":["theMarked:ArtifactOfAir","MealTicket","Anchor","Du-Vu Doll"],"acts_visited":["Exordium"],"potions_floor_usage":[16,16],"damage_taken":[{"damage":0,"enemies":"Cultist","floor":1,"turns":3},{"damage":2,"enemies":"Small Slimes","floor":3,"turns":3},{"damage":2,"enemies":"Jaw Worm","floor":4,"turns":4},{"damage":4,"enemies":"Looter","floor":5,"turns":3},{"damage":15,"enemies":"Lagavulin","floor":10,"turns":5},{"damage":0,"enemies":"Red Slaver","floor":11,"turns":2},{"damage":0,"enemies":"3 Louse","floor":12,"turns":3},{"damage":50,"enemies":"Hexaghost","floor":16,"turns":10}],"seed_played":"-5894783531437377302","potions_obtained":[{"floor":1,"key":"ColorlessPotion"},{"floor":4,"key":"Ancient Potion"},{"floor":10,"key":"GamblersBrew"}],"is_trial":false,"path_per_floor":["M","T","M","M","M","R","?","R","T","E","M","M","R","?","R","B"],"character_chosen":"THE_DEFAULT","items_purchased":[],"campfire_rested":1,"item_purchase_floors":[],"current_hp_per_floor":[63,63,61,59,55,55,42,42,42,27,27,27,27,27,45,0,0],"gold":246,"neow_bonus":"REMOVE_TWO","is_daily":false,"chose_seed":false,"campfire_upgraded":3,"win_rate":0.0,"timestamp":1609380557,"path_taken":["M","?","M","M","M","R","?","R","T","E","M","M","R","?","R","BOSS"],"items_purchased_type":[],"build_version":"2020-12-22","purchased_purges":0,"victory":false,"max_hp_per_floor":[63,63,63,63,63,63,63,63,63,63,63,63,63,63,63,63,63],"card_choices":[{"not_picked":["theMarked:Overcharge","theMarked:ParalyzingBlade"],"picked":"theMarked:StartUp","floor":1},{"not_picked":["theMarked:ElectricStrings","theMarked:ComboAttacks"],"picked":"theMarked:Improvise","floor":3},{"not_picked":["theMarked:ResourceFulStrike","theMarked:RepellingDischarge","theMarked:WastefulAttack"],"picked":"SKIP","floor":4},{"not_picked":["theMarked:MuscleMemory","theMarked:Aftermath"],"picked":"theMarked:Parkour","floor":5},{"not_picked":["theMarked:MaelstromOfLightning","theMarked:CreepingChasm","theMarked:Static"],"picked":"SKIP","floor":10},{"not_picked":["theMarked:TunnelVision","theMarked:Electrocute"],"picked":"theMarked:Frustration","floor":11},{"not_picked":["theMarked:GodGivenPower","theMarked:EmpowerWeapon","theMarked:WastefulDefense"],"picked":"SKIP","floor":12}],"player_experience":1967571,"relics_obtained":[{"floor":2,"key":"MealTicket"},{"floor":9,"key":"Anchor"},{"floor":10,"key":"Du-Vu Doll"}],"event_choices":[{"damage_healed":55,"gold_gain":0,"player_choice":"Upgrade","damage_taken":13,"max_hp_gain":0,"max_hp_loss":63,"event_name":"betterThird:BetterShining","floor":7,"gold_loss":0,"cards_upgraded":["theMarked:Strike","theMarked:Parkour"]},{"cards_removed":["theMarked:Strike"],"damage_healed":0,"gold_gain":0,"player_choice":"Card Removal","damage_taken":0,"max_hp_gain":0,"max_hp_loss":0,"event_name":"The Cleric","floor":14,"gold_loss":50}],"is_beta":false,"boss_relics":[],"items_purged_floors":[],"is_endless":false,"potions_floor_spawned":[1,4,10],"killed_by":"Hexaghost","ascension_level":0}}