{"host":"1bnrkmg0bmhwam8n","time":1609449461,"event":{"mods":["2.2 Compatiblity","BaseMod","Colored Map","Hermit","Infinite Spire","Minty Spire (QoL Compilation)","Quick Restart","StSLib"],"gold_per_floor":[115,115,125,125,144,175,191,191,191,191,220,238,254,273,273,377,377,397,409,409,436,436,436,165,165,165,185,185,197,197,216,216,216,216],"floor_reached":33,"playtime":1444,"items_purged":["hermit:Strike_Hermit"],"score":259,"play_id":"584f7eef-3075-4614-8aee-a88fe9189094","local_time":"20201231151741","is_ascension_mode":false,"campfire_choices":[{"floor":8,"key":"REST"},{"data":"hermit:HeroicBravado","floor":10,"key":"SMITH"},{"floor":15,"key":"REST"},{"floor":23,"key":"REST"},{"floor":28,"key":"REST"},{"floor":30,"key":"REST"},{"data":"hermit:EternalForm","floor":32,"key":"SMITH"}],"circlet_count":0,"master_deck":["hermit:Strike_Hermit+1","hermit:Strike_Hermit+1","hermit:Defend_Hermit","hermit:Defend_Hermit","hermit:Defend_Hermit","hermit:Defend_Hermit","hermit:Snapshot","hermit:Covet","hermit:GoldenBullet","hermit:TakeAim","hermit:Headshot","hermit:HeroicBravado+1","hermit:Malice","hermit:RoundhouseKick","hermit:Dive+1","Writhe","Apotheosis","hermit:Purgatory","hermit:EternalForm+1"],"relics":["hermit:Momento","NeowsBlessing","Ginger","infinitespire:Satchel","hermit:Horseshoe","Shuriken","Busted Crown","Boot","Red Mask","Membership Card","Matryoshka"],"acts_visited":["Exordium","TheCity"],"potions_floor_usage":[18,21,29,33,33,33],"damage_taken":[{"damage":0,"enemies":"Small Slimes","floor":1,"turns":2},{"damage":0,"enemies":"Cultist","floor":3,"turns":1},{"damage":0,"enemies":"Jaw Worm","floor":5,"turns":1},{"damage":20,"enemies":"Gremlin Nob","floor":6,"turns":4},{"damage":2,"enemies":"2 Fungi Beasts","floor":7,"turns":3},{"damage":21,"enemies":"3 Sentries","floor":11,"turns":10},{"damage":11,"enemies":"Looter","floor":12,"turns":3},{"damage":2,"enemies":"Blue Slaver","floor":13,"turns":2},{"damage":3,"enemies":"3 Louse","floor":14,"turns":4},{"damage":1,"enemies":"Slime Boss","floor":16,"turns":7},{"damage":5,"enemies":"2 Thieves","floor":18,"turns":3},{"damage":6,"enemies":"Chosen","floor":19,"turns":4},{"damage":19,"enemies":"Masked Bandits","floor":21,"turns":5},{"damage":36,"enemies":"3 Cultists","floor":27,"turns":3},{"damage":16,"enemies":"Centurion and Healer","floor":29,"turns":6},{"damage":6,"enemies":"Snecko","floor":31,"turns":5},{"damage":74,"enemies":"Champ","floor":33,"turns":18}],"seed_played":"33535704946023337","potions_obtained":[{"floor":11,"key":"hermit:BlackBile"},{"floor":13,"key":"SteroidPotion"},{"floor":14,"key":"SteroidPotion"},{"floor":18,"key":"DuplicationPotion"},{"floor":21,"key":"Fire Potion"},{"floor":29,"key":"SkillPotion"}],"is_trial":false,"path_per_floor":["M","?","M","T","M","E","M","R","T","R","E","M","M","M","R","B",null,"M","M","?","?","?","R","$","?","T","M","R","M","R","M","R","B"],"character_chosen":"HERMIT","items_purchased":["Membership Card","Apotheosis"],"campfire_rested":5,"item_purchase_floors":[24,24],"current_hp_per_floor":[75,60,60,60,60,40,38,60,60,60,39,28,26,23,45,44,75,70,64,64,45,45,67,67,67,67,31,53,37,59,53,53,0,0],"gold":216,"neow_bonus":"THREE_ENEMY_KILL","is_daily":false,"chose_seed":false,"campfire_upgraded":2,"win_rate":0.0,"timestamp":1609449461,"path_taken":["M","?","M","?","M","E","M","R","T","R","E","M","M","M","R","BOSS","M","M","?","?","?","R","$","?","T","M","R","?","R","M","R","BOSS"],"items_purchased_type":["Relic","Card"],"build_version":"2020-12-22","purchased_purges":1,"victory":false,"max_hp_per_floor":[75,75,75,75,75,75,75,75,75,75,75,75,75,75,75,75,75,75,75,75,75,75,75,75,75,75,75,75,75,75,75,75,75,75],"card_choices":[{"not_picked":["hermit:Determination","hermit:Vantage"],"picked":"hermit:GoldenBullet","floor":1},{"not_picked":["hermit:Manifest","hermit:SprayPray"],"picked":"hermit:TakeAim","floor":3},{"not_picked":["hermit:Roulette","hermit:WideOpen"],"picked":"hermit:Headshot","floor":5},{"not_picked":["hermit:Showdown","hermit:DeadMansHand"],"picked":"hermit:Determination","floor":6},{"not_picked":["hermit:GoldenBullet","hermit:TrackingShot"],"picked":"hermit:HeroicBravado","floor":7},{"not_picked":["hermit:GoldenBullet","hermit:Feint"],"picked":"hermit:Malice","floor":11},{"not_picked":["hermit:LowProfile","hermit:ItchyTrigger","hermit:SprayPray"],"picked":"SKIP","floor":12},{"not_picked":["hermit:Deadeye","hermit:BodyArmor","hermit:Ricochet"],"picked":"SKIP","floor":13},{"not_picked":["hermit:GoldenBullet","hermit:Snipe","hermit:Roulette"],"picked":"SKIP","floor":14},{"not_picked":["hermit:EternalForm","hermit:HighNoon"],"picked":"hermit:RoundhouseKick","floor":16},{"not_picked":["hermit:ItchyTrigger"],"picked":"SKIP","floor":18},{"not_picked":[],"picked":"hermit:Dive+1","floor":19},{"not_picked":["hermit:GoldenBullet"],"picked":"SKIP","floor":27},{"not_picked":["hermit:BodyArmor"],"picked":"SKIP","floor":29},{"not_picked":["hermit:Coalescence"],"picked":"SKIP","floor":31}],"player_experience":395856,"relics_obtained":[{"floor":4,"key":"Ginger"},{"floor":6,"key":"infinitespire:Satchel"},{"floor":9,"key":"hermit:Horseshoe"},{"floor":11,"key":"Shuriken"},{"floor":21,"key":"Red Mask"},{"floor":26,"key":"Matryoshka"}],"event_choices":[{"damage_healed":0,"gold_gain":0,"player_choice":"Entered Light","damage_taken":15,"max_hp_gain":0,"max_hp_loss":0,"event_name":"Shining Light","floor":2,"gold_loss":0,"cards_upgraded":["hermit:Strike_Hermit","hermit:Strike_Hermit"]},{"damage_healed":0,"gold_gain":0,"player_choice":"Opened","damage_taken":0,"relics_obtained":["Boot"],"max_hp_gain":0,"max_hp_loss":0,"event_name":"The Mausoleum","floor":20,"gold_loss":0,"cards_obtained":["Writhe"]},{"damage_healed":0,"gold_gain":0,"player_choice":"Fought Bandits","damage_taken":0,"max_hp_gain":0,"max_hp_loss":0,"event_name":"Masked Bandits","floor":21,"gold_loss":0},{"damage_healed":0,"gold_gain":0,"player_choice":"Ignored","damage_taken":0,"max_hp_gain":0,"max_hp_loss":0,"event_name":"Ghosts","floor":22,"gold_loss":0},{"damage_healed":0,"gold_gain":0,"cards_transformed":["hermit:Strike_Hermit","hermit:Determination"],"player_choice":"Became Test Subject","damage_taken":0,"max_hp_gain":0,"max_hp_loss":0,"event_name":"Drug Dealer","floor":25,"gold_loss":0,"cards_obtained":["hermit:Purgatory","hermit:EternalForm"]}],"is_beta":false,"boss_relics":[{"not_picked":["Velvet Choker","Philosopher\u0027s Stone"],"picked":"Busted Crown"}],"items_purged_floors":[24],"is_endless":false,"potions_floor_spawned":[11,13,14,16,18,21,29,31],"killed_by":"Champ","ascension_level":0}}