{"host":"hkfd27larxvbrzdx","time":1609416058,"event":{"mods":["AchievementEnabler","BaseMod","Colored Map","Colored Powertips","DeckTracker","Minty Spire (QoL Compilation)"],"gold_per_floor":[115,126,126,143,157,157,192,192,216,229,229,255,255,265,265,366,366,379,329,74,94,193,220,220,16,16,43,43,43,43,71,71,173,173,188,34,34,34,53,87,87,0,0,0,0,14,14,14,14,14,14,14,14,14,14],"floor_reached":54,"playtime":6130,"items_purged":["Strike_B","Strike_B"],"score":762,"play_id":"68c415b8-7ef7-43c2-81df-589bbac99d5c","local_time":"20201231200058","is_ascension_mode":true,"campfire_choices":[{"data":"Zap","floor":6.0,"key":"SMITH"},{"data":"Chill","floor":8.0,"key":"SMITH"},{"floor":13.0,"key":"REST"},{"data":"Redo","floor":15.0,"key":"SMITH"},{"data":"Hologram","floor":24.0,"key":"SMITH"},{"floor":29.0,"key":"REST"},{"floor":32.0,"key":"REST"},{"floor":41,"key":"RECALL"},{"data":"Rainbow","floor":45,"key":"SMITH"},{"data":"Go for the Eyes","floor":47,"key":"SMITH"},{"floor":49,"key":"REST"},{"floor":52,"key":"REST"}],"circlet_count":0,"master_deck":["Strike_B+1","Defend_B+1","Defend_B+1","Defend_B+1","Defend_B+1","Zap+1","Dualcast+1","Ball Lightning+1","Go for the Eyes+1","Steam+1","Chill+1","Sweeping Beam+1","Redo+1","Melter+1","All For One+1","Conserve Battery+1","Leap+1","Hologram+1","Rainbow+1","Loop+1","Seek+1"],"relics":["FrozenCore","Vajra","Smiling Mask","Pen Nib","HandDrill","Bottled Lightning","Peace Pipe","Omamori","Mango","Snecko Eye","PreservedInsect","Anchor","Red Mask","Shuriken","Mark of the Bloom"],"acts_visited":["Exordium","TheCity","TheBeyond","TheEnding"],"potions_floor_usage":[50],"damage_taken":[{"damage":3.0,"enemies":"Small Slimes","floor":1.0,"turns":3.0},{"damage":1.0,"enemies":"Cultist","floor":2.0,"turns":3.0},{"damage":3.0,"enemies":"Jaw Worm","floor":4.0,"turns":3.0},{"damage":3.0,"enemies":"2 Fungi Beasts","floor":5.0,"turns":3.0},{"damage":8.0,"enemies":"3 Sentries","floor":7.0,"turns":9.0},{"damage":0.0,"enemies":"Gremlin Gang","floor":10.0,"turns":4.0},{"damage":17.0,"enemies":"Lagavulin","floor":12.0,"turns":8.0},{"damage":0.0,"enemies":"Looter","floor":14.0,"turns":2.0},{"damage":33.0,"enemies":"The Guardian","floor":16.0,"turns":11.0},{"damage":4.0,"enemies":"Chosen","floor":18.0,"turns":5.0},{"damage":1.0,"enemies":"Shell Parasite","floor":21.0,"turns":5.0},{"damage":29.0,"enemies":"Book of Stabbing","floor":23.0,"turns":8.0},{"damage":11.0,"enemies":"Slavers","floor":27.0,"turns":7.0},{"damage":22.0,"enemies":"Book of Stabbing","floor":31.0,"turns":8.0},{"damage":12.0,"enemies":"Champ","floor":33.0,"turns":13.0},{"damage":13,"enemies":"Orb Walker","floor":35,"turns":5},{"damage":22,"enemies":"3 Darklings","floor":39,"turns":9},{"damage":3,"enemies":"Giant Head","floor":40,"turns":8},{"damage":0,"enemies":"Maw","floor":46,"turns":8},{"damage":45,"enemies":"Awakened One","floor":50,"turns":19},{"damage":26,"enemies":"Shield and Spear","floor":54,"turns":3}],"seed_played":"7810919361778489777","potions_obtained":[{"floor":3.0,"key":"BlessingOfTheForge"},{"floor":3.0,"key":"Dexterity Potion"},{"floor":3.0,"key":"EntropicBrew"},{"floor":4.0,"key":"Dexterity Potion"},{"floor":31.0,"key":"EssenceOfSteel"},{"floor":39,"key":"SpeedPotion"}],"is_trial":false,"path_per_floor":["M","M","?","M","M","R","E","R","T","M","?","E","R","M","R","B",null,"M","?","$","M","?","E","R","$","T","E","?","R","?","E","R","B",null,"M","$","?","?","M","E","R","?","T","?","R","M","R","?","R","B",null,"R","$","E"],"character_chosen":"DEFECT","items_purchased":["HandDrill","Leap","Rainbow","PreservedInsect"],"campfire_rested":5,"item_purchase_floors":[20,20,25,36],"current_hp_per_floor":[72,71,71,68,65,65,57,57,57,57,50,33,55,55,55,22,75,71,71,71,70,70,41,41,41,41,30,30,52,52,44,70,58,89,76,76,76,76,54,51,51,51,51,51,51,51,51,51,51,6,6,6,6,0,0],"gold":14,"neow_bonus":"RANDOM_COMMON_RELIC","is_daily":false,"chose_seed":false,"campfire_upgraded":6,"win_rate":0.0,"timestamp":1609416058,"path_taken":["M","M","?","?","M","R","E","R","T","?","?","E","R","M","R","BOSS","M","?","$","?","?","E","R","?","T","E","?","R","?","E","R","BOSS","M","$","?","?","M","E","R","?","T","?","R","M","R","?","R","BOSS","R","$","E"],"items_purchased_type":["Relic","Card","Card","Relic"],"build_version":"2020-12-22","purchased_purges":2,"victory":false,"max_hp_per_floor":[75,75,75,75,75,75,75,75,75,75,75,75,75,75,75,75,75,75,75,75,75,75,75,75,75,75,75,75,75,75,89,89,89,89,89,89,89,89,89,89,89,89,89,89,89,89,89,89,89,89,89,89,89,89,89],"card_choices":[{"not_picked":["Cold Snap","FTL"],"picked":"Ball Lightning","floor":1.0},{"not_picked":["Compile Driver","Streamline"],"picked":"Go for the Eyes","floor":2.0},{"not_picked":["Ball Lightning","Redo"],"picked":"Steam","floor":4.0},{"not_picked":["Cold Snap","Reinforced Body"],"picked":"Chill","floor":5.0},{"not_picked":["Thunder Strike","Aggregate"],"picked":"Sweeping Beam","floor":7.0},{"not_picked":["Beam Cell","Steam","Sweeping Beam"],"picked":"SKIP","floor":10.0},{"not_picked":["Streamline","Scrape"],"picked":"Redo","floor":12.0},{"not_picked":["Doom and Gloom","Force Field"],"picked":"Melter","floor":14.0},{"not_picked":["Seek","Multi-Cast"],"picked":"All For One","floor":16.0},{"not_picked":["Cold Snap","Sweeping Beam+1"],"picked":"Conserve Battery","floor":18.0},{"not_picked":["Conserve Battery","Rip and Tear"],"picked":"Hologram","floor":21.0},{"not_picked":["Skim+1","Sweeping Beam","Blizzard"],"picked":"SKIP","floor":23.0},{"not_picked":["Static Discharge","Reinforced Body"],"picked":"Loop+1","floor":27.0},{"not_picked":["Stack","Conserve Battery"],"picked":"Undo","floor":31.0},{"not_picked":["Meteor Strike","All For One"],"picked":"Seek","floor":33.0},{"not_picked":["Rebound+1","Beam Cell+1","Rip and Tear+1"],"picked":"SKIP","floor":35},{"not_picked":["Capacitor+1","Go for the Eyes","Stack"],"picked":"SKIP","floor":39},{"not_picked":["Reboot","Compile Driver+1","Fission"],"picked":"SKIP","floor":40},{"not_picked":["Conserve Battery+1","Compile Driver","Gash+1"],"picked":"SKIP","floor":46}],"player_experience":172144,"relics_obtained":[{"floor":7.0,"key":"Smiling Mask"},{"floor":12.0,"key":"Pen Nib"},{"floor":23.0,"key":"Bottled Lightning"},{"floor":26.0,"key":"Peace Pipe"},{"floor":27.0,"key":"Omamori"},{"floor":31.0,"key":"Mango"},{"floor":40,"key":"Anchor"},{"floor":43,"key":"Shuriken"}],"event_choices":[{"damage_healed":0.0,"max_hp_gain":0.0,"max_hp_loss":0.0,"gold_gain":0.0,"event_name":"Lab","player_choice":"Got Potions","floor":3.0,"gold_loss":0.0,"damage_taken":0.0},{"cards_removed":["Strike_B"],"damage_healed":0.0,"max_hp_gain":0.0,"max_hp_loss":0.0,"gold_gain":0.0,"event_name":"Golden Wing","player_choice":"Card Removal","floor":11.0,"gold_loss":0.0,"damage_taken":7.0},{"damage_healed":0.0,"max_hp_gain":0.0,"max_hp_loss":0.0,"gold_gain":0.0,"event_name":"The Joust","player_choice":"Bet on Owner","floor":19.0,"gold_loss":50.0,"damage_taken":0.0},{"damage_healed":0.0,"max_hp_gain":0.0,"max_hp_loss":0.0,"gold_gain":99.0,"event_name":"Nest","player_choice":"Stole From Cult","floor":22.0,"gold_loss":0.0,"damage_taken":0.0},{"damage_healed":0.0,"max_hp_gain":0.0,"max_hp_loss":0.0,"gold_gain":0.0,"event_name":"Back to Basics","player_choice":"Simplicity","floor":30.0,"gold_loss":0.0,"damage_taken":0.0,"cards_upgraded":["Strike_B","Defend_B","Defend_B","Defend_B","Defend_B"]},{"cards_removed":["Undo"],"damage_healed":0,"gold_gain":0,"player_choice":"Removed Skill","damage_taken":0,"max_hp_gain":0,"max_hp_loss":0,"event_name":"Falling","floor":37,"gold_loss":0},{"damage_healed":0,"gold_gain":0,"player_choice":"Memory 1","damage_taken":0,"max_hp_gain":0,"max_hp_loss":0,"event_name":"SensoryStone","floor":38,"gold_loss":0},{"damage_healed":0,"gold_gain":0,"player_choice":"Paid","damage_taken":0,"relics_obtained":["Red Mask"],"max_hp_gain":0,"max_hp_loss":0,"event_name":"Tomb of Lord Red Mask","floor":42,"gold_loss":87},{"damage_healed":0,"gold_gain":0,"player_choice":"Ignored","damage_taken":0,"max_hp_gain":0,"max_hp_loss":0,"event_name":"Mysterious Sphere","floor":44,"gold_loss":0},{"damage_healed":0,"gold_gain":0,"player_choice":"Upgrade","damage_taken":0,"relics_obtained":["Mark of the Bloom"],"max_hp_gain":0,"max_hp_loss":0,"event_name":"MindBloom","floor":48,"gold_loss":0,"cards_upgraded":["Dualcast","Ball Lightning","Steam","Sweeping Beam","Melter","All For One","Conserve Battery","Leap","Seek"]}],"is_beta":false,"boss_relics":[{"not_picked":["Ectoplasm","Inserter"],"picked":"FrozenCore"},{"not_picked":["Nuclear Battery","Busted Crown"],"picked":"Snecko Eye"}],"items_purged_floors":[20,25],"is_endless":false,"potions_floor_spawned":[4,5,10,31,39],"killed_by":"Shield and Spear","ascension_level":1}}