{"host":"yfdtuf6ojcxn06xg","time":1609400832,"event":{"mods":["2.2 Compatiblity","AchievementEnabler","BaseMod","Colored Map","Colored Powertips","Downfall","Hermit","JesterMod","Jorbs\u0027s Wanderer Trilogy","Minty Spire (QoL Compilation)","Quick Restart","Rare Cards Sparkle","Relic Stats","Replay The Spire","StSLib","The Cursed","The Disciple","The Hierophant","The Jungle","The Necromancer","The Servant 0.9.4"],"gold_per_floor":[109,384,396,410,430,430,464,85,112,112,128,128,146,163,163,268,268,283,382,382,392,408,439,439,474,522,539,539,539],"floor_reached":28,"playtime":2332,"items_purged":["hermit:Snapshot"],"score":275,"play_id":"b51379a0-7edd-4380-bbf9-670801b6e10e","local_time":"20201231024712","is_ascension_mode":true,"campfire_choices":[{"data":"hermit:Maintenance","floor":6.0,"key":"SMITH"},{"data":"hermit:TakeCover","floor":10,"key":"SMITH"},{"data":"hermit:Maintenance","floor":12,"key":"SMITH"},{"floor":15,"key":"REST"},{"data":"hermit:BodyArmor","floor":24,"key":"SMITH"}],"circlet_count":0,"master_deck":["hermit:Strike_Hermit","hermit:Strike_Hermit","hermit:Strike_Hermit","hermit:Strike_Hermit","hermit:Defend_Hermit","hermit:Defend_Hermit","hermit:Defend_Hermit","hermit:Defend_Hermit","hermit:Covet","expansioncontent:DecasProtection","hermit:Maintenance+1","Regret","hermit:FlashPowder","hermit:TakeCover+1","hermit:Deadeye","hermit:Maintenance+1","hermit:Gambit","hermit:Shortfuse","hermit:Gestalt","hermit:BodyArmor+1","Pot Of Greed","Pot Of Greed","hermit:Glare","hermit:TakeCover"],"relics":["hermit:Momento","Replay:Mystery Machine","Replay:Baseball","Boot","Centennial Puzzle","hermit:BartenderGlass","Grinning Jar","Omamori","Bag of Preparation"],"acts_visited":["Exordium","TheCity"],"potions_floor_usage":[11,16,21,23,23,23,25,25,25,25,28],"damage_taken":[{"damage":1.0,"enemies":"Jaw Worm","floor":1.0,"turns":4.0},{"damage":0.0,"enemies":"Cultist","floor":3.0,"turns":4.0},{"damage":0.0,"enemies":"2 Louse","floor":4.0,"turns":3.0},{"damage":2.0,"enemies":"Looter","floor":5.0,"turns":3.0},{"damage":15.0,"enemies":"3 Sentries","floor":7.0,"turns":12.0},{"damage":9,"enemies":"Lots of Slimes","floor":11,"turns":7},{"damage":4,"enemies":"Red Slaver","floor":13,"turns":6},{"damage":2,"enemies":"3 Louse","floor":14,"turns":4},{"damage":22,"enemies":"Fading Forest","floor":16,"turns":11},{"damage":3,"enemies":"Spheric Guardian","floor":18,"turns":7},{"damage":5,"enemies":"Shell Parasite","floor":21,"turns":9},{"damage":3,"enemies":"Cultist and Chosen","floor":22,"turns":9},{"damage":2,"enemies":"Replay:Snechameleon","floor":23,"turns":9},{"damage":30,"enemies":"Slavers","floor":25,"turns":10},{"damage":18,"enemies":"Snake Plant","floor":27,"turns":6},{"damage":18,"enemies":"Sentry and Sphere","floor":28,"turns":7}],"seed_played":"-5515860109158754024","potions_obtained":[{"floor":4.0,"key":"EssenceOfSteel"},{"floor":5.0,"key":"Energy Potion"},{"floor":14,"key":"LiquidMemories"},{"floor":16,"key":"Swift Potion"},{"floor":18,"key":"Flashbang"},{"floor":22,"key":"Energy Potion"},{"floor":25,"key":"DuplicationPotion"}],"is_trial":false,"path_per_floor":["M","?","M","M","M","R","E","$","T","R","M","R","M","M","R","B",null,"M","?","?","M","M","E","R","E","T","M","M"],"character_chosen":"HERMIT","items_purchased":["Replay:Baseball","Boot"],"campfire_rested":1,"item_purchase_floors":[8,8],"current_hp_per_floor":[74,74,74,74,72,72,57,57,57,57,48,48,44,42,64,42,75,72,72,72,67,64,62,62,32,32,14,0,0],"gold":539,"neow_bonus":"RANDOM_COLORLESS","is_daily":false,"chose_seed":false,"campfire_upgraded":4,"win_rate":0.0,"timestamp":1609400832,"path_taken":["M","?","M","M","?","R","E","?","T","R","M","R","M","M","R","BOSS","M","?","?","M","M","E","R","E","T","?","M"],"items_purchased_type":["Relic","Relic"],"build_version":"2020-12-22","purchased_purges":1,"victory":false,"max_hp_per_floor":[75,75,75,75,75,75,75,75,75,75,75,75,75,75,75,75,75,75,75,75,75,75,75,75,75,75,75,75,75],"relic_stats":{"Centennial Puzzle":[33],"counters":[16,111],"Bag of Preparation":[4],"Boot":[9],"obtain_stats":[{"Replay:Baseball":8,"Centennial Puzzle":9,"hermit:BartenderGlass":17,"Omamori":25,"Bag of Preparation":26,"Replay:Mystery Machine":7,"Grinning Jar":23,"Boot":8,"hermit:Momento":0},{"Replay:Baseball":5,"Centennial Puzzle":5,"hermit:BartenderGlass":9,"Omamori":14,"Bag of Preparation":14,"Replay:Mystery Machine":5,"Grinning Jar":13,"Boot":5,"hermit:Momento":0},{"Replay:Baseball":26,"Centennial Puzzle":26,"hermit:BartenderGlass":54,"Omamori":98,"Bag of Preparation":98,"Replay:Mystery Machine":26,"Grinning Jar":88,"Boot":26,"hermit:Momento":0}]},"card_choices":[{"not_picked":["Impatience","Swift Strike"],"picked":"expansioncontent:DecasProtection","floor":0.0},{"not_picked":["hermit:Dive","hermit:Enervate"],"picked":"hermit:Maintenance","floor":1.0},{"not_picked":["hermit:PistolWhip","hermit:WideOpen","hermit:Ricochet"],"picked":"SKIP","floor":3.0},{"not_picked":["hermit:TrackingShot","hermit:WideOpen"],"picked":"hermit:FlashPowder","floor":4.0},{"not_picked":["hermit:GoldenBullet","hermit:Snipe"],"picked":"hermit:TakeCover","floor":5.0},{"not_picked":["hermit:CalledShot","hermit:HoleUp"],"picked":"hermit:Deadeye","floor":7},{"not_picked":["hermit:Glare","hermit:Vantage"],"picked":"hermit:Maintenance","floor":11},{"not_picked":["hermit:Virtue","hermit:BigShot","hermit:LowProfile"],"picked":"SKIP","floor":13},{"not_picked":["hermit:Snipe","hermit:Cheat","hermit:SprayPray"],"picked":"SKIP","floor":14},{"not_picked":["hermit:DeadOrAlive","hermit:BlackWind"],"picked":"hermit:Gambit","floor":16},{"not_picked":["hermit:FlashPowder","hermit:Dive+1"],"picked":"hermit:Shortfuse","floor":18},{"not_picked":["hermit:Combo","hermit:Malice"],"picked":"hermit:Gestalt","floor":21},{"not_picked":["hermit:Dive","hermit:Deadeye"],"picked":"hermit:BodyArmor","floor":22},{"not_picked":["hermit:TrackingShot+1","hermit:Brawl"],"picked":"hermit:Glare","floor":23},{"not_picked":["hermit:LowProfile","hermit:Feint"],"picked":"hermit:TakeCover","floor":25},{"not_picked":["hermit:Brawl+1","hermit:Feint","hermit:LoneWolf+1"],"picked":"SKIP","floor":27}],"player_experience":171743,"relics_obtained":[{"floor":7,"key":"Replay:Mystery Machine"},{"floor":9,"key":"Centennial Puzzle"},{"floor":23,"key":"Grinning Jar"},{"floor":25,"key":"Omamori"},{"floor":26,"key":"Bag of Preparation"}],"event_choices":[{"damage_healed":0.0,"max_hp_gain":0.0,"max_hp_loss":0.0,"gold_gain":275.0,"event_name":"Golden Shrine","player_choice":"Desecrate","floor":2.0,"gold_loss":0.0,"damage_taken":0.0,"cards_obtained":["Regret"]},{"damage_healed":0,"gold_gain":99,"player_choice":"Stole From Cult","damage_taken":0,"max_hp_gain":0,"max_hp_loss":0,"event_name":"Nest","floor":19,"gold_loss":0},{"damage_healed":0,"gold_gain":0,"player_choice":"Bought 0 Potions","damage_taken":0,"max_hp_gain":0,"max_hp_loss":0,"event_name":"The Woman in Blue","floor":20,"gold_loss":0}],"is_beta":false,"boss_relics":[{"not_picked":["SacredBark","Snecko Eye"],"picked":"hermit:BartenderGlass"}],"items_purged_floors":[8],"is_endless":false,"potions_floor_spawned":[4,5,14,16,18,22,25],"killed_by":"Sentry and Sphere","ascension_level":1}}