{"host":"ixqzyafodex1tsi5","time":1609420404,"event":{"mods":["AchievementEnabler","Act Like it!","BaseMod","Gensokyo","GifTheSpireLib","Hallownest","Lobotomy","LobotomyExtend","Minty Spire (QoL Compilation)","Relic Stats","Replay The Spire","RumiaBox-Â¶Ã×æ«µÄÉñÃØºÐ×Ó","Spicy Shops","StSLib","The Cursed","[IsaacMod]ÒÔÈö¼âËþ","¡¾¹¦ÄÜMod¡¿»ìãçÖ®»·ÐÞ¸´²¹¶¡","¡¾ÒÅÎï¿¨ÅÆ¡¿REMEMod"],"gold_per_floor":[109,124,135,135,60,86,86,101,101,132,142,142,155,172,172,277,277,277,277],"floor_reached":18,"playtime":1418,"items_purged":["Sickly"],"score":249,"play_id":"55b0e2d6-ce26-4e63-8f1d-ebe93f0e1d2a","local_time":"20201231211324","is_ascension_mode":false,"campfire_choices":[{"data":"TheCursedMod:ParallelWorld","floor":7,"key":"SMITH"},{"data":"TheCursedMod:NeowsMight","floor":12,"key":"SMITH"},{"data":"TheCursedMod:Mangle","floor":15,"key":"SMITH"}],"circlet_count":0,"master_deck":["TheCursedMod:CursedWand","TheCursedMod:Stigma","TheCursedMod:CircleOfFlame","TheCursedMod:Mangle+1","TheCursedMod:Mangle","TheCursedMod:Mangle","TheCursedMod:AshesToAshes","Flash of Steel","Lamp+17","MHz","PunishingBird","BigBird","Woodsman","Funeral","GreedKing"],"relics":["TheCursedMod:Tack","REME_ComplimentaryCards","HushsDoor","SatanicBible","CogitoBucket","LetterFromLob","PrismaticShard","TheCursedMod:BloodyHarpoon","Quantum Egg","Pen Nib","AdjustmentMirror","Replay:Bronze Core","GuppysHead","LaetitiaHeart","InspiredRelic"],"acts_visited":["Exordium","Gensokyo:Gensokyoer"],"potions_floor_usage":[],"damage_taken":[{"damage":0,"enemies":"2 Louse","floor":1,"turns":1},{"damage":0,"enemies":"Jaw Worm","floor":2,"turns":1},{"damage":0,"enemies":"Cultist","floor":3,"turns":1},{"damage":13,"enemies":"Lagavulin","floor":6,"turns":3},{"damage":0,"enemies":"Blue Slaver","floor":8,"turns":1},{"damage":10,"enemies":"3 Sentries","floor":10,"turns":2},{"damage":1,"enemies":"Exordium Thugs","floor":11,"turns":2},{"damage":3,"enemies":"Exordium Wildlife","floor":13,"turns":2},{"damage":0,"enemies":"Looter","floor":14,"turns":1},{"damage":8,"enemies":"Fading Forest","floor":16,"turns":11},{"damage":0,"enemies":"Gensokyo:2_Gloops","floor":18,"turns":1},{"damage":6,"enemies":"Gensokyo:2_Gloops","floor":18,"turns":3}],"seed_played":"-3260152628104971557","potions_obtained":[{"floor":3,"key":"Regen Potion"},{"floor":6,"key":"LiquidBronze"},{"floor":11,"key":"Block Potion"},{"floor":16,"key":"Fruit Juice"}],"is_trial":false,"path_per_floor":["M","M","M","?","$","E","R","M","T","E","M","R","M","M","R","B",null,"M"],"character_chosen":"THE_CURSED","items_purchased":["GuppysHead"],"campfire_rested":0,"item_purchase_floors":[17],"current_hp_per_floor":[75,75,75,75,75,62,62,62,62,52,51,51,60,66,66,75,65,0,0],"gold":277,"neow_bonus":"","is_daily":false,"chose_seed":false,"campfire_upgraded":3,"win_rate":0.0,"timestamp":1609420404,"path_taken":["M","M","M","?","?","E","R","M","T","E","M","R","M","?","R","BOSS","M"],"items_purchased_type":["Relic"],"build_version":"2020-12-22","purchased_purges":1,"victory":false,"max_hp_per_floor":[75,75,75,75,75,75,75,75,75,75,75,75,75,75,75,75,65,65,65],"relic_stats":{"counters":[13,30],"Pen Nib":[9],"obtain_stats":[{"KeepersGift":0,"TheCursedMod:BloodyHarpoon":6,"TheCursedMod:Tack":0,"Quantum Egg":9,"Pen Nib":10,"AdjustmentMirror":11,"PrismaticShard":4,"SatanicBible":0,"CogitoBucket":0,"LaetitiaHeart":18,"Replay:Bronze Core":17,"LetterFromLob":1,"GuppysHead":17,"HushsDoor":0,"InspiredRelic":18,"REME_ComplimentaryCards":0},{"KeepersGift":0,"TheCursedMod:BloodyHarpoon":4,"TheCursedMod:Tack":0,"Quantum Egg":5,"Pen Nib":6,"AdjustmentMirror":8,"PrismaticShard":3,"SatanicBible":0,"CogitoBucket":0,"LaetitiaHeart":11,"Replay:Bronze Core":11,"LetterFromLob":1,"GuppysHead":11,"HushsDoor":0,"InspiredRelic":12,"REME_ComplimentaryCards":0},{"KeepersGift":0,"TheCursedMod:BloodyHarpoon":6,"TheCursedMod:Tack":0,"Quantum Egg":7,"Pen Nib":9,"AdjustmentMirror":12,"PrismaticShard":3,"SatanicBible":0,"CogitoBucket":0,"LaetitiaHeart":26,"Replay:Bronze Core":26,"LetterFromLob":1,"GuppysHead":26,"HushsDoor":0,"InspiredRelic":27,"REME_ComplimentaryCards":0}]},"card_choices":[{"not_picked":["SingingMachine","HappyTeddy","FairyFestival"],"picked":"Singing Bowl","floor":1},{"not_picked":["TheCursedMod:SoulCrush","TheCursedMod:SmokeScreen","TheCursedMod:CircleOfCorruption"],"picked":"SKIP","floor":1},{"not_picked":["TheCursedMod:SoulCrush","TheCursedMod:SmokeScreen","TheCursedMod:CircleOfCorruption"],"picked":"SKIP","floor":1},{"not_picked":["OldLady","Bloodbath"],"picked":"MHz","floor":2},{"not_picked":["TheCursedMod:LuckyCharm","TheCursedMod:CursedBlade","TheCursedMod:SmokeScreen"],"picked":"SKIP","floor":2},{"not_picked":["FairyFestival","Scorched","MeatLantern"],"picked":"Singing Bowl","floor":3},{"not_picked":["VoidDream","FieryBird"],"picked":"PunishingBird","floor":3},{"not_picked":["TheCursedMod:Stretching","TheCursedMod:DarkBarrier","TheCursedMod:CircleOfCorruption"],"picked":"SKIP","floor":3},{"not_picked":["Freischutz","CherryBlossoms","OldLady"],"picked":"Singing Bowl","floor":6},{"not_picked":["TheCursedMod:SoulCrush","Second Wind","Soda"],"picked":"SKIP","floor":6},{"not_picked":["CherryBlossoms","LittlePrince","Wellcheers"],"picked":"Singing Bowl","floor":8},{"not_picked":["UniverseFragment","Laetitia"],"picked":"BigBird","floor":8},{"not_picked":["Aggregate","Backflip","Compile Driver"],"picked":"SKIP","floor":8},{"not_picked":["Wellcheers","CherryBlossoms","HeroicMonk"],"picked":"Singing Bowl","floor":10},{"not_picked":["Bloodbath","SpiderBud"],"picked":"DespairKnight","floor":10},{"not_picked":["Madness","Glacier","PiercingWail"],"picked":"SKIP","floor":10},{"not_picked":["SpiderBud","DreamingCurrent","NakedNest"],"picked":"Singing Bowl","floor":11},{"not_picked":["QueenBee","UniverseFragment"],"picked":"Woodsman","floor":11},{"not_picked":["REME_SelfUpgrade","Pommel Strike","Choke"],"picked":"SKIP","floor":11},{"not_picked":["WallGazer","BlackSwan","Murderer"],"picked":"Singing Bowl","floor":13},{"not_picked":["VoidDream","FieryBird"],"picked":"Funeral","floor":13},{"not_picked":["TheCursedMod:RapidMovement","Reinforced Body","Flash of Steel"],"picked":"SKIP","floor":13},{"not_picked":["SingingMachine","OldLady","CherryBlossoms"],"picked":"Singing Bowl","floor":14},{"not_picked":["TheCursedMod:CircleOfCorruption","Protect","Deflect"],"picked":"SKIP","floor":14},{"not_picked":["Bloodbath","SpiderBud","VoidDream"],"picked":"Singing Bowl","floor":16},{"not_picked":["HappyTeddy","Wellcheers"],"picked":"GreedKing","floor":16}],"player_experience":157202,"relics_obtained":[{"floor":1,"key":"LetterFromLob"},{"floor":6,"key":"TheCursedMod:BloodyHarpoon"},{"floor":9,"key":"Quantum Egg"},{"floor":10,"key":"Pen Nib"}],"event_choices":[],"is_beta":false,"boss_relics":[{"not_picked":["Sozu","Calling Bell"],"picked":"Replay:Bronze Core"},{"not_picked":[]}],"items_purged_floors":[5],"is_endless":false,"potions_floor_spawned":[3,6,8,11,16,18],"killed_by":"Gensokyo:2_Gloops","ascension_level":0}}