{"host":"fw947s75r5pnptva","time":1609409085,"event":{"mods":["Act Like it!","Aspiration","BaseMod","BetterRewards","CCEM","CapriCore","Conjunction","Conspire","Custom Start","DeckTracker","Dota2Spire","Downfall","Friendly Minions","Gensokyo","Halation","Hallownest","Highlight Path","Hubris","Infinite Spire","Keyboard Shortcuts","Lobotomy","LobotomyExtend","Mathemortician","Menagerie","Minty Spire (QoL Compilation)","MostiFishMod","Nova Terra(??·??)","Onozuka Komachi Mod","Pale of the Ancients","Permanent Neow","Pikachu Mod","Potionbrewer","Random Character Button","RatMod","Relic Filter","Replay The Spire","Shop Mod","StSLib","SuperFastMode","The Factory","The Jungle","[IsaacMod]????","vexMod"],"gold_per_floor":[115,40,40,58,58,91,91,108,108,135,135,135,147,47,47,148,148,161,181,280,291,291,326,342,353,378,390,406,406,406,435,435,537,537,555,565,619,619,651,651,666,716,741,741,741,757,757,757,776,776,776],"floor_reached":53,"playtime":4026,"items_purged":["MortAttackStrike","Hallownest:curseDreamersLament"],"score":1067,"play_id":"d2cd7c8a-0c94-497c-8faf-57cc090a0455","local_time":"20201231110445","is_ascension_mode":false,"campfire_choices":[{"data":"MortSkillSummonDefender","floor":7,"key":"SMITH"},{"data":"MortAttackDecrescendo","floor":15,"key":"SMITH"},{"data":"MortPowerIgnite","floor":29,"key":"SMITH"},{"data":"MortSkillVigil","floor":32,"key":"SMITH"},{"data":"MortPowerEnvenom","floor":41,"key":"SMITH"},{"data":"MortPowerSiphon","floor":51,"key":"PURGE"}],"circlet_count":0,"master_deck":["MortAttackMaim","MortSkillVigil+1","Calculated Gamble","MortAttackDecrescendo+1","conspire:Purge","MortAttackCrescendo+1","MortPowerIgnite+1","MortPowerEnvenom+1","MortPowerSharpen+1","Rage","Madness","Madness"],"relics":["GuardianSpirit","DaveBox","HushsDoor","KeepersGift","BionicSphere","SynthV:TestCard","LetterFromLob","Pen Nib","PlushBunny","PreservedInsect","hubris:DisguiseKit","Replay:Drink Me","vexMod:BarristanHead","aspiration:HiddenCompartment","BookOfRevelations","SlaversCollar","hubris:Teleporter","vexMod:HeadHunter","halation:AfternoonTea","Dota2Spire:LotusOrb"],"acts_visited":["Exordium","TheCity","TheBeyond"],"potions_floor_usage":[],"damage_taken":[{"damage":0.0,"enemies":"2 Louse","floor":1.0,"turns":3.0},{"damage":0.0,"enemies":"Small Slimes","floor":4.0,"turns":3.0},{"damage":0,"enemies":"3 Sentries","floor":6,"turns":11},{"damage":0,"enemies":"Jaw Worm","floor":8,"turns":4},{"damage":0,"enemies":"Replay:BlueRogue","floor":10,"turns":8},{"damage":1,"enemies":"Exordium Wildlife","floor":13,"turns":4},{"damage":0,"enemies":"Hexaghost","floor":16,"turns":13},{"damage":5,"enemies":"Shell Parasite","floor":18,"turns":8},{"damage":5,"enemies":"Spheric Guardian","floor":19,"turns":4},{"damage":0,"enemies":"Centurion and Healer","floor":21,"turns":9},{"damage":0,"enemies":"Replay:Snechameleon","floor":23,"turns":6},{"damage":5,"enemies":"Snake Plant","floor":24,"turns":4},{"damage":5,"enemies":"Sentry and Sphere","floor":25,"turns":4},{"damage":5,"enemies":"Shelled Parasite and Fungi","floor":27,"turns":4},{"damage":5,"enemies":"Centurion and Healer","floor":28,"turns":3},{"damage":0,"enemies":"Slavers","floor":31,"turns":3},{"damage":0,"enemies":"Automaton","floor":33,"turns":5},{"damage":0,"enemies":"3 Shapes","floor":35,"turns":3},{"damage":0,"enemies":"Orb Walker","floor":36,"turns":2},{"damage":0,"enemies":"2 Orb Walkers","floor":37,"turns":3},{"damage":0,"enemies":"R_Hoarder","floor":40,"turns":7},{"damage":0,"enemies":"Transient","floor":42,"turns":5},{"damage":0,"enemies":"Reptomancer","floor":44,"turns":2},{"damage":0,"enemies":"Sphere and 2 Shapes","floor":47,"turns":3},{"damage":0,"enemies":"3 Darklings","floor":50,"turns":4},{"damage":0,"enemies":"hubris:GrandSnecko","floor":52,"turns":5}],"seed_played":"1482886213395077331","potions_obtained":[{"floor":1.0,"key":"potionbrewer:CleansingPotion"},{"floor":4.0,"key":"ColorlessPotion"},{"floor":8,"key":"Strength Potion"},{"floor":23,"key":"FairyPotion"},{"floor":24,"key":"potionbrewer:EndurancePotion"},{"floor":47,"key":"Adrenaline Potion"}],"is_trial":false,"path_per_floor":["M","$","?","M","?","E","R","M","T","E","?","?","M","$","R","B",null,"M","M","?","M","?","E","M","M","T","M","M","R","?","E","R","B",null,"M","M","?","?","E","R","M","T","E","PTL","PTL","M","AVR","?","M","R","B",null],"character_chosen":"MORT","items_purchased":["MortPowerEnvenom"],"campfire_rested":0,"item_purchase_floors":[34],"current_hp_per_floor":[35,35,35,35,35,35,35,35,35,35,35,35,34,34,34,34,38,33,28,28,28,23,23,18,13,13,8,3,3,19,19,19,19,40,40,40,40,40,40,40,40,40,40,40,40,40,40,35,40,40,40],"gold":776,"neow_bonus":"ONE_RARE_RELIC","is_daily":false,"chose_seed":false,"campfire_upgraded":5,"win_rate":0.0,"timestamp":1609409085,"path_taken":["M","$","?","M","?","E","R","M","T","E","?","?","M","$","R","BOSS","M","M","?","M","?","E","M","M","T","M","?","R","?","E","R","BOSS","M","M","?","?","E","R","M","T","E","PTL","PTL","M","AVR","?","M","R","BOSS"],"items_purchased_type":["Card"],"build_version":"2020-12-22","purchased_purges":2,"victory":true,"max_hp_per_floor":[50,50,50,50,50,50,50,50,50,50,50,50,50,50,50,50,38,38,38,38,38,43,43,43,43,43,43,43,43,43,43,43,43,40,40,40,40,40,40,40,40,40,40,40,40,40,40,40,40,40,40],"card_choices":[{"not_picked":["MortAttackLacerate","MortAttackShove"],"picked":"MortAttackSuckerPunch","floor":1.0},{"not_picked":["MortPowerIgnite","MortAttackCleave","MortAttackGash","MortSkillSummonArcher"],"picked":"MortSkillVigil","floor":4.0},{"not_picked":["MortAttackCrescendo","MortSkillProjection","MortAttackDecrescendo","MortSkillAmplify"],"picked":"MortSkillSummonDefender","floor":6},{"not_picked":["MortSkillConjureFamiliar","MortAttackWretch","MortSkillFireBreath","MortSkillSacrifice"],"picked":"MortSkillVigil","floor":8},{"not_picked":["MortSkillDiplomacy","MortPowerIgnite","MortSkillHeal","MortAttackSuckerPunch"],"picked":"MortSkillVigil","floor":10},{"not_picked":["MortAttackWretch","MortSkillConjureFamiliar","MortAttackBurn","MortSkillRally","Rage"],"picked":"MortAttackDecrescendo","floor":13},{"not_picked":["MortSkillCull","MortSkillResurrection","MortPowerSiphon","MortAttackExtractSpirit","MortSkillReincarnate"],"picked":"conspire:Purge","floor":16},{"not_picked":["MortSkillFireWall","MortSkillShelter","MortSkillFireBreath","MortSkillDiplomacy","Clash"],"picked":"MortSkillCastAside+1","floor":18},{"not_picked":["MortSkillSmokeScreen","MortAttackBruiser+1","MortAttackDecrescendo","MortAttackAdvancingStrike","MortAttackExtractSpirit","Cleave"],"picked":"SKIP","floor":19},{"not_picked":["MortAttackCleave","MortSkillSummonFighter","MortSkillAmplify+1","MortSkillRally","Pommel Strike"],"picked":"MortSkillSummonDefender","floor":21},{"not_picked":["MortSkillTaunt","MortSkillInfection","MortAttackAdvancingStrike+1","MortSkillRally+1","Ghostly Armor"],"picked":"MortAttackCrescendo+1","floor":23},{"not_picked":["MortAttackBurn","MortAttackConquer","MortSkillSummonArcher","MortSkillHex","MortSkillDiplomacy+1","Hemokinesis"],"picked":"SKIP","floor":24},{"not_picked":["MortSkillAsh","MortSkillHeal","MortAttackCleave","MortSkillRemorse","MortSkillConjureFamiliar","Feel No Pain"],"picked":"SKIP","floor":25},{"not_picked":["MortSkillShelter","MortAttackFeint","MortAttackSideKick","MortAttackFlurry","ReplayTheSpireMod:Strike From Hell"],"picked":"MortPowerIgnite","floor":27},{"not_picked":["MortAttackWretch","MortSkillSummonGuardianAngel","MortSkillShelter","MortAttackGash","MortSkillInfection","Headbutt"],"picked":"SKIP","floor":28},{"not_picked":["MortSkillRemorse+1","MortAttackSideKick","MortPowerSharpen","MortSkillHeal","MortAttackWither","rat:Execute"],"picked":"SKIP","floor":31},{"not_picked":["MortAttackHerosFoil","MortPowerImmortality","MortSkillMonster","MortSkillReincarnate","MostiFishMod:OrdinaryWorld"],"picked":"MortPowerSiphon","floor":33},{"not_picked":["MortAttackAdvancingStrike","MortSkillRally+1","MortSkillConjureDamned","MortPowerParty","MortSkillSmokeScreen+1","Headbutt"],"picked":"SKIP","floor":35},{"not_picked":["MortSkillRally+1","MortAttackCrescendo+1","MortAttackKickFlip+1","MortSkillFireBreath+1","MortSkillSmokeScreen","Run Through"],"picked":"SKIP","floor":36},{"not_picked":["MortAttackCleave","MortSkillFireWall+1","MortAttackLacerate+1","MortSkillInfection","Sword Boomerang"],"picked":"MortPowerSharpen+1","floor":37},{"not_picked":["MortSkillSummonFighter+1","MortPowerIgnite+1","MortSkillVigil","MortAttackExtractSpirit","MortAttackCleave","True Grit"],"picked":"SKIP","floor":40},{"not_picked":["MortAttackSuckerPunch","MortAttackKickFlip","MortSkillTaunt+1","MortSkillSacrifice+1","MortSkillDiplomacy+1","Heavy Blade"],"picked":"SKIP","floor":42},{"not_picked":["MortPowerImmortality","MortSkillReincarnate","MortSkillConsume"],"picked":"SKIP","floor":44},{"not_picked":["MortSkillHeal","MortAttackSerpent+1","MortSkillAsh","MortSkillSummonBerserker","MortAttackBetrayal","Twin Strike"],"picked":"SKIP","floor":44},{"not_picked":["MortSkillVigil","MortSkillRally+1","MortAttackBruiser+1","MortSkillAsh+1","MortAttackAdvancingStrike","Rage"],"picked":"SKIP","floor":47},{"not_picked":["MortSkillVigil","MortSkillRally+1","MortAttackBruiser+1","MortSkillAsh+1","MortAttackAdvancingStrike"],"picked":"Rage","floor":47},{"not_picked":["MortSkillFireBreath+1","MortSkillRally","MortSkillSummonHealer+1","MortPowerFaith+1","MortAttackBetrayal","Headbutt"],"picked":"SKIP","floor":50}],"player_experience":130702,"relics_obtained":[{"floor":1.0,"key":"SynthV:TestCard"},{"floor":1.0,"key":"LetterFromLob"},{"floor":6,"key":"Pen Nib"},{"floor":9,"key":"PlushBunny"},{"floor":10,"key":"PreservedInsect"},{"floor":23,"key":"vexMod:BarristanHead"},{"floor":26,"key":"aspiration:HiddenCompartment"},{"floor":31,"key":"BookOfRevelations"},{"floor":37,"key":"hubris:Teleporter"},{"floor":40,"key":"vexMod:HeadHunter"},{"floor":43,"key":"halation:AfternoonTea"},{"floor":44,"key":"Dota2Spire:LotusOrb"}],"event_choices":[{"damage_healed":0.0,"max_hp_gain":0.0,"max_hp_loss":0.0,"gold_gain":0.0,"event_name":"Liars Game","player_choice":"Ignored","floor":3.0,"gold_loss":0.0,"damage_taken":0.0},{"damage_healed":0.0,"max_hp_gain":0.0,"max_hp_loss":0.0,"gold_gain":0.0,"cards_transformed":["MortAttackStrike"],"event_name":"Living Wall","player_choice":"Change","floor":5.0,"gold_loss":0.0,"damage_taken":0.0,"cards_obtained":["MortAttackPlight"]},{"damage_healed":0,"gold_gain":99,"player_choice":"Stole From Cult","damage_taken":0,"max_hp_gain":0,"max_hp_loss":0,"event_name":"Nest","floor":20,"gold_loss":0},{"damage_healed":0,"gold_gain":0,"player_choice":"Shed Blood","damage_taken":10,"max_hp_gain":5,"max_hp_loss":0,"event_name":"Forgotten Altar","floor":22,"gold_loss":0},{"damage_healed":0,"gold_gain":0,"player_choice":"Fight","damage_taken":0,"max_hp_gain":0,"max_hp_loss":0,"event_name":"Mysterious Sphere","floor":37,"gold_loss":0},{"damage_healed":0,"gold_gain":0,"player_choice":"Leave","damage_taken":0,"max_hp_gain":0,"max_hp_loss":0,"event_name":"conspire:Investor","floor":39,"gold_loss":0},{"damage_healed":0,"gold_gain":0,"player_choice":"Embrace Madness","damage_taken":5,"max_hp_gain":0,"max_hp_loss":0,"event_name":"Winding Halls","floor":49,"gold_loss":0,"cards_obtained":["Madness","Madness"]}],"is_beta":false,"boss_relics":[{"not_picked":["Runic Dome","halation:PinkAlligatorPlush"],"picked":"Replay:Drink Me"},{"not_picked":[]},{"not_picked":["hubris:GrandSneckoEye","vexMod:ImprovementManual"],"picked":"SlaversCollar"},{"not_picked":[]}],"items_purged_floors":[2,14],"is_endless":false,"potions_floor_spawned":[1,4,8,10,18,23,24,25,27,35,40,44,47],"ascension_level":0}}