{"host":"xu0zbcebhy6w9mdv","time":1609379173,"event":{"mods":["AchievementEnabler","Act Like it!","Aspiration","BaseMod","Better Match","Better Third Choice","BetterRewards","Colored Powertips","Downfall","Duelist Mod","Friendly Minions","Gensokyo","Hallownest","Hubris","Infinite Spire","Marisa????????","Minty Spire (QoL Compilation)","Potionbrewer","Quick Restart","READ ME - Guardian Mod","READ ME - Snecko Mod","Rare Cards Sparkle","Replay The Spire","Shop Mod","StSLib","The Animator","The Blackbeard","The Bug Knight","The Cursed","The Hierophant","The Necromancer","The Runesmith","The Servant 0.9.4"],"gold_per_floor":[111,121,121,0,0,0,0,0,25,59,94,126,157,208,208,329,329,360,360,360,285,285,285,320,320,320,336,336],"floor_reached":27,"playtime":2170,"items_purged":[],"score":311,"play_id":"18e3fe97-aa2b-4ae6-83ab-ede5cd997ee0","local_time":"20201230204613","is_ascension_mode":false,"campfire_choices":[{"data":"Envenom","floor":6,"key":"SMITH"},{"data":"Enlightenment","floor":8,"key":"SMITH"},{"floor":15,"key":"REST"},{"data":"infinitespire:Neurotoxin","floor":23,"key":"SMITH"},{"floor":25,"key":"REST"}],"circlet_count":0,"master_deck":["Strike_G","Strike_G","Strike_G","Strike_G","Strike_G","Defend_G","Defend_G","Defend_G","Defend_G","Survivor","Neutralize","Envenom+1","Endless Agony","Bane","Outmaneuver","Backflip","Enlightenment+1","Poisoned Stab","PiercingWail","Blade Dance","Flying Knee","infinitespire:Neurotoxin+1","Cloak And Dagger+1"],"relics":["Ring of the Snake","Replay:Bandana","Replay:Rubber Ducky","CaptainsWheel","aspiration:WatcherSkillbook","hubris:Towel","Toxic Egg 2"],"acts_visited":["Exordium","TheCity"],"potions_floor_usage":[14,14,16,24,24],"damage_taken":[{"damage":1,"enemies":"Cultist","floor":1,"turns":4},{"damage":0,"enemies":"Small Slimes","floor":2,"turns":3},{"damage":4,"enemies":"Jaw Worm","floor":10,"turns":3},{"damage":2,"enemies":"Large Slime","floor":11,"turns":5},{"damage":0,"enemies":"Blue Slaver","floor":12,"turns":3},{"damage":5,"enemies":"Looter","floor":13,"turns":3},{"damage":13,"enemies":"3 Sentries","floor":14,"turns":7},{"damage":36,"enemies":"Hexaghost","floor":16,"turns":9},{"damage":23,"enemies":"3 Byrds","floor":18,"turns":7},{"damage":2,"enemies":"Snecko","floor":24,"turns":4},{"damage":89,"enemies":"Cultist and Chosen","floor":27,"turns":8}],"seed_played":"721944909298683293","potions_obtained":[{"floor":12,"key":"PowerPotion"},{"floor":13,"key":"Adrenaline Potion"},{"floor":14,"key":"Block Potion"},{"floor":16,"key":"Poison Potion"},{"floor":18,"key":"potionbrewer:InfectionPotion"}],"is_trial":false,"path_per_floor":["M","M","$","?","?","R","$","R","T","M","M","M","M","E","R","B",null,"M","?","?","?","?","R","M","R","T","M"],"character_chosen":"THE_SILENT","items_purchased":["Envenom","Endless Agony","Bane"],"campfire_rested":2,"item_purchase_floors":[0,0,0],"current_hp_per_floor":[69,69,69,75,75,75,75,75,75,71,69,69,64,51,73,37,76,53,53,53,53,53,53,51,73,73,0,0],"gold":336,"neow_bonus":"","is_daily":false,"chose_seed":false,"campfire_upgraded":3,"win_rate":0.0,"timestamp":1609379173,"path_taken":["M","M","?","?","?","R","?","R","T","M","M","M","M","E","R","BOSS","M","?","?","?","?","R","M","R","T","M"],"items_purchased_type":["Card","Card","Card"],"build_version":"2020-12-22","purchased_purges":0,"victory":false,"max_hp_per_floor":[70,70,70,76,76,76,76,76,76,76,76,76,76,76,76,76,76,76,76,76,76,76,76,76,76,76,76,76],"card_choices":[{"not_picked":["Dagger Throw","Flying Knee"],"picked":"Outmaneuver","floor":1},{"not_picked":["Replay:Poison Smokescreen","Reflex"],"picked":"Backflip","floor":2},{"not_picked":["Deflect","Cloak And Dagger"],"picked":"Poisoned Stab","floor":10},{"not_picked":["Predator","hubris:Sniper","hubris:SlightOfHand"],"picked":"SKIP","floor":11},{"not_picked":["Dodge and Roll","Predator"],"picked":"PiercingWail","floor":12},{"not_picked":["PiercingWail","Bullet Time"],"picked":"Blade Dance","floor":13},{"not_picked":["Eviscerate","Caltrops"],"picked":"Flying Knee","floor":14},{"not_picked":["Poison Darts","Envenom"],"picked":"infinitespire:Neurotoxin","floor":16},{"not_picked":["Prostrate+1","Quick Slash","Replay:BluntJabs"],"picked":"Cloak And Dagger+1","floor":18},{"not_picked":["ReplayTheSpireMod:Scrap Shanks","Replay:Cycle","Replay:Anticipation","Consecrate"],"picked":"SKIP","floor":24}],"player_experience":491747,"relics_obtained":[{"floor":5,"key":"Replay:Bandana"},{"floor":9,"key":"Replay:Rubber Ducky"},{"floor":14,"key":"CaptainsWheel"},{"floor":26,"key":"Toxic Egg 2"}],"event_choices":[{"damage_healed":0,"gold_gain":0,"player_choice":"RENOUNCE","damage_taken":121,"max_hp_gain":0,"max_hp_loss":0,"event_name":"betterThird:BetterSerpent","floor":4,"gold_loss":121,"cards_obtained":["Enlightenment"]},{"cards_removed":["Defend_G"],"damage_healed":0,"gold_gain":0,"player_choice":"Gave Gold","damage_taken":0,"max_hp_gain":0,"max_hp_loss":0,"event_name":"Beggar","floor":21,"gold_loss":75},{"damage_healed":0,"gold_gain":0,"player_choice":"Ignored","damage_taken":0,"max_hp_gain":0,"max_hp_loss":0,"event_name":"Ghosts","floor":22,"gold_loss":0}],"is_beta":false,"boss_relics":[{"not_picked":["Runic Dome","Ectoplasm"],"picked":"aspiration:WatcherSkillbook"}],"items_purged_floors":[],"is_endless":false,"potions_floor_spawned":[12,13,14,16,18],"killed_by":"Cultist and Chosen","ascension_level":0}}