{"host":"z7p9vpu3tdvnhwui","time":1609448175,"event":{"mods":["2.2 Compatiblity","Act Like it!","BaseMod","Better Third Choice","Colored Powertips","DeckTracker","Defuse TimeMaze Blight","Friendly Minions","Hermit","Hubris","Infinite Spire","Marisa????????","Minty Spire (QoL Compilation)","Quick Restart","Rare Cards Sparkle","Replay The Spire","Shop Mod","Somnambulant","Spicy Shops","StSLib","The Cursed","The Forsaken","The Necromancer","The Servant 0.9.4","TheSwordswoman"],"gold_per_floor":[369,1,0,0,0,0,15,15,15,49,49,67,84,99,99,197,197,179,179,194,119,29,29,42,42,88,88,88,114,114,114],"floor_reached":30,"playtime":1753,"items_purged":["hermit:Strike_Hermit"],"score":271,"play_id":"a247d60e-ac83-42e0-aea2-9eaea9825cb6","local_time":"20201231205615","is_ascension_mode":false,"campfire_choices":[{"data":"Accuracy","floor":6.0,"key":"SMITH"},{"data":"Accuracy","floor":8.0,"key":"SMITH"},{"floor":15.0,"key":"REST"},{"data":"Flash of Steel","floor":23,"key":"SMITH"},{"floor":25,"key":"REST"}],"circlet_count":0,"master_deck":["Defend_G","Defend_G","Defend_G","Defend_G","hermit:Snapshot+1","Sucker Punch+1","Accuracy+1","Hidden Blade","Enlightenment","FearNoEvil","Accuracy+1","ReplayTheSpireMod:Shiv Toss","Fluid Movement","Die Die Die","Dagger Spray","Replay:Bag of Tricks","Fluid Movement+1","Bite","Bite","Bite","Bite","Bite","Backstab","Flash of Steel+1","Outmaneuver","hubris:SlightOfHand","Crippling Poison+1"],"relics":["Ring of the Snake","betterThird:SlimedRelic","hubris:Metronome","MealTicket","SacredBark","PreservedInsect","Girya"],"acts_visited":["Exordium","TheCity"],"potions_floor_usage":[16,16,29],"damage_taken":[{"damage":1.0,"enemies":"Cultist","floor":1.0,"turns":3.0},{"damage":13.0,"enemies":"Small Slimes","floor":7.0,"turns":5.0},{"damage":14.0,"enemies":"Gremlin Nob","floor":10.0,"turns":5.0},{"damage":0.0,"enemies":"2 Louse","floor":12.0,"turns":3.0},{"damage":4.0,"enemies":"Red Slaver","floor":13.0,"turns":3.0},{"damage":0.0,"enemies":"3 Louse","floor":14.0,"turns":1.0},{"damage":49,"enemies":"Fading Forest","floor":16,"turns":11},{"damage":19,"enemies":"2 Thieves","floor":18,"turns":4},{"damage":27,"enemies":"Spheric Guardian","floor":20,"turns":5},{"damage":37,"enemies":"Shelled Parasite and Fungi","floor":24,"turns":5},{"damage":30,"enemies":"Book of Stabbing","floor":29,"turns":5},{"damage":12,"enemies":"3 Cultists","floor":30,"turns":3}],"seed_played":"6158883449739976742","potions_obtained":[{"floor":7.0,"key":"LifebloodPotion"},{"floor":12.0,"key":"SkillPotion"},{"floor":13.0,"key":"LiquidBronze"},{"floor":20,"key":"Energy Potion"}],"is_trial":false,"path_per_floor":["M","$","?","?","?","R","M","R","T","E","?","M","M","M","R","B",null,"M","?","M","?","$","R","M","R","T","?","?","E","M"],"character_chosen":"THE_SILENT","items_purchased":["Accuracy","Hidden Blade","Swift Potion","Flash of Steel"],"campfire_rested":2,"item_purchase_floors":[2,2,2,22],"current_hp_per_floor":[69,69,75,64,64,64,51,51,51,37,22,22,18,18,40,11,76,57,53,30,30,45,45,22,37,37,29,29,9,1,1],"gold":114,"neow_bonus":"TWO_FIFTY_GOLD","is_daily":false,"chose_seed":false,"campfire_upgraded":3,"win_rate":0.0,"timestamp":1609448175,"path_taken":["M","$","?","?","?","R","?","R","T","E","?","M","M","M","R","BOSS","M","?","M","?","$","R","M","R","T","?","?","E","?"],"items_purchased_type":["Card","Card","Potion","Card"],"build_version":"2020-12-22","purchased_purges":1,"victory":false,"max_hp_per_floor":[70,70,76,76,76,76,76,76,76,76,76,76,76,76,76,76,76,76,53,53,53,53,53,53,53,53,58,58,58,58,58],"card_choices":[{"not_picked":["Hidden Blade","Deflect"],"picked":"Sucker Punch","floor":1.0},{"not_picked":["Finisher","Quick Slash"],"picked":"Accuracy","floor":7.0},{"not_picked":["Poisoned Stab","Acrobatics"],"picked":"ReplayTheSpireMod:Shiv Toss","floor":10.0},{"not_picked":["Dodge and Roll","Expertise"],"picked":"Fluid Movement","floor":12.0},{"not_picked":["Quick Slash","Concentrate"],"picked":"Die Die Die","floor":13.0},{"not_picked":["Dodge and Roll","Deadly Poison"],"picked":"Dagger Spray","floor":14.0},{"not_picked":["ReplayTheSpireMod:Necrosis","Wraith Form v2"],"picked":"Replay:Bag of Tricks","floor":16},{"not_picked":["Quick Slash+1","Escape Plan+1"],"picked":"Fluid Movement+1","floor":18},{"not_picked":["PiercingWail","Masterful Stab"],"picked":"Backstab","floor":20},{"not_picked":["Acrobatics","Dagger Throw"],"picked":"Outmaneuver","floor":24},{"not_picked":["hubris:Sniper","Hidden Blade"],"picked":"Crippling Poison+1","floor":29}],"player_experience":607435,"relics_obtained":[{"floor":9.0,"key":"hubris:Metronome"},{"floor":10.0,"key":"MealTicket"},{"floor":26,"key":"PreservedInsect"},{"floor":29,"key":"Girya"}],"event_choices":[{"damage_healed":0.0,"max_hp_gain":0.0,"max_hp_loss":0.0,"gold_gain":0.0,"event_name":"betterThird:BetterSerpent","player_choice":"RENOUNCE","floor":3.0,"gold_loss":1.0,"damage_taken":1.0,"cards_obtained":["Enlightenment"]},{"damage_healed":0.0,"max_hp_gain":0.0,"max_hp_loss":0.0,"gold_gain":0.0,"event_name":"betterThird:BetterGoop","player_choice":"Slimed","floor":4.0,"gold_loss":0.0,"damage_taken":11.0},{"cards_removed":["Survivor"],"damage_healed":0.0,"max_hp_gain":0.0,"max_hp_loss":0.0,"gold_gain":0.0,"event_name":"NoteForYourself","player_choice":"Took Card","floor":5.0,"gold_loss":0.0,"damage_taken":0.0,"cards_obtained":["FearNoEvil"]},{"damage_healed":37.0,"max_hp_gain":0.0,"max_hp_loss":76.0,"gold_gain":0.0,"event_name":"betterThird:BetterShining","player_choice":"Upgrade","floor":11.0,"gold_loss":0.0,"damage_taken":15.0,"cards_upgraded":["hermit:Snapshot","Sucker Punch"]},{"damage_healed":0,"gold_gain":0,"player_choice":"Became a vampire","damage_taken":0,"max_hp_gain":0,"max_hp_loss":23,"event_name":"Vampires","floor":19,"gold_loss":0,"cards_obtained":["Bite","Bite","Bite","Bite","Bite"]},{"cards_removed":["Defend_G"],"damage_healed":0,"gold_gain":0,"player_choice":"Gave Gold","damage_taken":0,"max_hp_gain":0,"max_hp_loss":0,"event_name":"Beggar","floor":21,"gold_loss":75},{"damage_healed":0,"gold_gain":0,"player_choice":"Shed Blood","damage_taken":13,"max_hp_gain":5,"max_hp_loss":0,"event_name":"Forgotten Altar","floor":27,"gold_loss":0},{"damage_healed":0,"gold_gain":0,"cards_transformed":["Neutralize"],"player_choice":"Transformed","damage_taken":0,"max_hp_gain":0,"max_hp_loss":0,"event_name":"Transmorgrifier","floor":28,"gold_loss":0,"cards_obtained":["hubris:SlightOfHand"]}],"is_beta":false,"boss_relics":[{"not_picked":["HoveringKite","Cursed Key"],"picked":"SacredBark"}],"items_purged_floors":[2],"is_endless":false,"potions_floor_spawned":[7,12,13,20],"killed_by":"3 Cultists","ascension_level":0}}