{"host":"tzwuiju9jhaz8xpk","time":1609445144,"event":{"mods":["AchievementEnabler","Act Like it!","Ascension Unlocker","BaseMod","Bestiary","Better Altar","Better Match","Better Note","Better Sensory Stone","Better Vampires","Better-Laid Plans","Challenge The Spire","ChefMod","Dio Mod","Displayed Cursed Tome","Dota2Spire","Ekko","Elementarium","GungeonMod","Hallownest","JesterMod","Lobotomy","Minty Spire (QoL Compilation)","Permanent Neow","Pikachu Mod","QueenMod","Quick Restart","RNG Fix","Relic Stats","Replay The Spire","Reworked Bosses","Robot Space Explorer","Spicy Shops","StSLib","SuperFastMode","TestMod","The Blue Laboratory","The Bug Knight","The Forsaken","The Marked","TheLocksmith","TheWitcher","Uncapped","Waifu the Spire","????","????"],"gold_per_floor":[112,112,112,124,124,124,124,124],"floor_reached":6,"playtime":290,"items_purged":[],"score":36,"play_id":"ee1474db-dccb-4f72-b86b-ced9e0bde190","local_time":"20201231150544","is_ascension_mode":true,"campfire_choices":[],"circlet_count":0,"master_deck":["locksmith:Strike","locksmith:Strike","locksmith:Strike","locksmith:Strike","locksmith:Defend","locksmith:Defend","locksmith:Defend","locksmith:Defend","locksmith:KeyMove+1","locksmith:LockCrash","locksmith:KeychainRain","locksmith:PocketKey"],"relics":["locksmith:FreeKey","testmod-TestBox","testmod-Prudence","testmod-EnergyCheck","Ring of Chaos","FaceOfCleric"],"acts_visited":["Exordium"],"potions_floor_usage":[],"damage_taken":[{"damage":41,"enemies":"Cultist","floor":1,"turns":7},{"damage":15,"enemies":"Small Slimes","floor":4,"turns":7},{"damage":16,"enemies":"Lagavulin","floor":6,"turns":6}],"seed_played":"-3225081909765904346","potions_obtained":[],"is_trial":false,"path_per_floor":["M","?","?","M","?","E"],"character_chosen":"THE_LOCKSMITH","items_purchased":[],"campfire_rested":0,"item_purchase_floors":[],"current_hp_per_floor":[38,38,38,24,24,8,8,8],"gold":124,"neow_bonus":"DOUBLE_BOSS_RELIC","is_daily":false,"chose_seed":false,"campfire_upgraded":0,"win_rate":0.0,"timestamp":1609445144,"path_taken":["M","?","?","M","?","E"],"items_purchased_type":[],"build_version":"2020-12-22","purchased_purges":0,"victory":false,"max_hp_per_floor":[79,79,79,80,80,80,80,80],"relic_stats":{"FaceOfCleric":1,"counters":[3,20],"obtain_stats":[{"testmod-TestBox":0,"testmod-Prudence":0,"FaceOfCleric":2,"locksmith:FreeKey":0,"Ring of Chaos":0,"testmod-EnergyCheck":0},{"testmod-TestBox":0,"testmod-Prudence":0,"FaceOfCleric":1,"locksmith:FreeKey":0,"Ring of Chaos":0,"testmod-EnergyCheck":0},{"testmod-TestBox":0,"testmod-Prudence":0,"FaceOfCleric":7,"locksmith:FreeKey":0,"Ring of Chaos":0,"testmod-EnergyCheck":0}]},"card_choices":[{"not_picked":["locksmith:ExplodingDummy","locksmith:Influx"],"picked":"locksmith:KeychainRain","floor":1},{"not_picked":["locksmith:Grab","locksmith:LockedGuard"],"picked":"locksmith:PocketKey","floor":4}],"player_experience":68027,"relics_obtained":[],"event_choices":[{"damage_healed":0,"gold_gain":0,"player_choice":"Trade","damage_taken":0,"relics_obtained":["FaceOfCleric"],"max_hp_gain":0,"max_hp_loss":0,"event_name":"FaceTrader","floor":2,"gold_loss":0},{"damage_healed":0,"gold_gain":0,"player_choice":"Grow","damage_taken":0,"max_hp_gain":0,"max_hp_loss":0,"event_name":"Living Wall","floor":3,"gold_loss":0,"cards_upgraded":["locksmith:KeyMove"]},{"damage_healed":0,"gold_gain":0,"player_choice":"Fled","damage_taken":0,"max_hp_gain":0,"max_hp_loss":0,"event_name":"Scrap Ooze","floor":5,"gold_loss":0}],"is_beta":false,"boss_relics":[],"items_purged_floors":[],"is_endless":false,"potions_floor_spawned":[],"killed_by":"Lagavulin","ascension_level":1}}