{"host":"6999i8eg5ewbhdiq","time":1609420551,"event":{"mods":["AchievementEnabler","BaseMod","Colored Map","Colored Powertips","Highlight Path","Minty Spire (QoL Compilation)"],"gold_per_floor":[112,123,139,156,156,30,30,30,30,56,76,94,94,105,105,210,210,223,223,209,7,27,27,27,27],"floor_reached":24,"playtime":1181,"items_purged":["Strike_G","Defend_G"],"score":230,"play_id":"eea264f7-2f4d-48ae-8c11-5d4223f4ef34","local_time":"20201231141551","is_ascension_mode":true,"campfire_choices":[{"floor":8.0,"key":"REST"},{"floor":13.0,"key":"REST"},{"data":"Corpse Explosion","floor":15,"key":"SMITH"},{"floor":23,"key":"REST"}],"circlet_count":0,"master_deck":["Strike_G","Strike_G","Strike_G","Strike_G","Defend_G","Defend_G","Defend_G","Survivor","Neutralize","Underhanded Strike","Prepared","Underhanded Strike","Prepared","Corpse Explosion+1","Acrobatics"],"relics":["Ring of the Snake","Unceasing Top","The Courier","Potion Belt","Black Star","MutagenicStrength","Anchor"],"acts_visited":["Exordium","TheCity"],"potions_floor_usage":[16,22],"damage_taken":[{"damage":0.0,"enemies":"2 Louse","floor":1.0,"turns":4.0},{"damage":0.0,"enemies":"Cultist","floor":2.0,"turns":4.0},{"damage":7.0,"enemies":"Jaw Worm","floor":3.0,"turns":5.0},{"damage":23.0,"enemies":"Large Slime","floor":4.0,"turns":13.0},{"damage":14.0,"enemies":"Gremlin Nob","floor":10.0,"turns":4.0},{"damage":8.0,"enemies":"Exordium Thugs","floor":11.0,"turns":3.0},{"damage":3.0,"enemies":"Looter","floor":12.0,"turns":2.0},{"damage":0,"enemies":"3 Louse","floor":14,"turns":2},{"damage":36,"enemies":"Hexaghost","floor":16,"turns":11},{"damage":43,"enemies":"Spheric Guardian","floor":18,"turns":6},{"damage":12,"enemies":"2 Thieves","floor":20,"turns":4},{"damage":33,"enemies":"Shelled Parasite and Fungi","floor":22,"turns":4},{"damage":55,"enemies":"Gremlin Leader","floor":24,"turns":6}],"seed_played":"-5825371148324526133","potions_obtained":[{"floor":2.0,"key":"Fruit Juice"},{"floor":4.0,"key":"FairyPotion"},{"floor":11.0,"key":"BlessingOfTheForge"},{"floor":20,"key":"Strength Potion"},{"floor":22,"key":"Ancient Potion"}],"is_trial":false,"path_per_floor":["M","M","M","M","?","$","?","R","T","E","M","M","R","M","R","B",null,"M","?","M","$","M","R","E"],"character_chosen":"THE_SILENT","items_purchased":["Prepared","Anchor"],"campfire_rested":3,"item_purchase_floors":[6,21],"current_hp_per_floor":[77,77,75,52,49,49,49,73,73,59,51,48,72,72,72,36,82,39,39,27,27,24,48,0,0],"gold":27,"neow_bonus":"TEN_PERCENT_HP_BONUS","is_daily":false,"chose_seed":false,"campfire_upgraded":1,"win_rate":0.0,"timestamp":1609420551,"path_taken":["M","M","M","M","?","$","?","R","T","E","M","M","R","?","R","BOSS","M","?","M","$","M","R","E"],"items_purchased_type":["Card","Relic"],"build_version":"2020-12-22","purchased_purges":2,"victory":false,"max_hp_per_floor":[77,77,82,82,82,82,82,82,82,82,82,82,82,82,82,82,82,82,82,82,82,82,82,82,82],"card_choices":[{"not_picked":["Deadly Poison","Leg Sweep"],"picked":"Underhanded Strike","floor":1.0},{"not_picked":["Bane","Flying Knee"],"picked":"Prepared","floor":2.0},{"not_picked":["Outmaneuver","Blade Dance","Dagger Spray"],"picked":"SKIP","floor":3.0},{"not_picked":["Reflex","PiercingWail"],"picked":"Underhanded Strike","floor":4.0},{"not_picked":["Skewer","Choke"],"picked":"Corpse Explosion","floor":10.0},{"not_picked":["Bane","Well Laid Plans","Dodge and Roll"],"picked":"SKIP","floor":11.0},{"not_picked":["Flying Knee","Dodge and Roll"],"picked":"Acrobatics","floor":12.0},{"not_picked":["Setup","PiercingWail","Cloak And Dagger"],"picked":"SKIP","floor":14},{"not_picked":["PiercingWail","Poisoned Stab+1","Acrobatics"],"picked":"SKIP","floor":18},{"not_picked":["Prepared","Blur","Accuracy"],"picked":"SKIP","floor":20},{"not_picked":["Well Laid Plans","Skewer","Dodge and Roll"],"picked":"SKIP","floor":22}],"player_experience":113655,"relics_obtained":[{"floor":9.0,"key":"The Courier"},{"floor":10.0,"key":"Potion Belt"}],"event_choices":[{"damage_healed":0.0,"max_hp_gain":0.0,"max_hp_loss":0.0,"gold_gain":0.0,"event_name":"Scrap Ooze","player_choice":"Success","floor":5.0,"gold_loss":0.0,"damage_taken":3.0,"relics_obtained":["Unceasing Top"]},{"cards_removed":["Defend_G"],"damage_healed":0.0,"max_hp_gain":0.0,"max_hp_loss":0.0,"gold_gain":0.0,"event_name":"Bonfire Elementals","player_choice":"Offered Basic","floor":7.0,"gold_loss":0.0,"damage_taken":0.0},{"damage_healed":0,"gold_gain":0,"player_choice":"Inject Mutagens","damage_taken":0,"relics_obtained":["MutagenicStrength"],"max_hp_gain":0,"max_hp_loss":0,"event_name":"Drug Dealer","floor":19,"gold_loss":0}],"is_beta":false,"boss_relics":[{"not_picked":["Coffee Dripper","Velvet Choker"],"picked":"Black Star"}],"items_purged_floors":[6,21],"is_endless":false,"potions_floor_spawned":[2,4,11,20,22],"killed_by":"Gremlin Leader","ascension_level":3}}