{"host":"flm17o2q7bfjyna6","time":1609429402,"event":{"mods":["2.2 Compatiblity","Act Like it!","BaseMod","Better Altar","Better Match","Better Note","Better Sensory Stone","Better Skull","Better Third Choice","Better Vampires","Colored Map","Colored Powertips","DeckTracker","Hermit","Minty Spire (QoL Compilation)","Quick Restart","Replay The Spire","Reworked Bosses","Spicy Shops","StSLib","Wandering Minibosses"],"gold_per_floor":[119,119,119,30,86,86,118,118,143,143,176,176,80,80,80,195,195,267,335,410,410,5,5,72,72,72,113,13,38,81,153,153,268,318,397,416,326,41,68,68,68,68,68,91,135,167,23,76,76,95],"floor_reached":51,"playtime":3842,"items_purged":["hermit:Strike_Hermit","Voices"],"score":1077,"play_id":"2c0a02e3-4529-40b9-b25d-53496e897c63","local_time":"20201231104322","is_ascension_mode":true,"campfire_choices":[{"data":"hermit:Vantage","floor":6,"key":"SMITH"},{"data":"hermit:BodyArmor","floor":8,"key":"SMITH"},{"data":"hermit:PistolWhip","floor":10,"key":"SMITH"},{"data":"hermit:PistolWhip","floor":12,"key":"SMITH"},{"floor":15,"key":"DIG"},{"data":"hermit:Determination","floor":23,"key":"SMITH"},{"data":"hermit:Roughhouse","floor":25,"key":"SMITH"},{"data":"Enlightenment","floor":32,"key":"SMITH"},{"floor":40,"key":"REST"},{"floor":42,"key":"REST"},{"floor":49,"key":"REST"}],"circlet_count":0,"master_deck":["AscendersBane","hermit:Defend_Hermit","hermit:Snapshot+1","hermit:Covet+1","Writhe","hermit:PistolWhip+1","hermit:PistolWhip+1","hermit:Vantage+1","hermit:FlashPowder","hermit:BodyArmor+1","hermit:FlashPowder","Bandage Up+1","hermit:RoundhouseKick","CommonCold","hermit:Virtue+1","hermit:Quickdraw+1","hermit:Headshot+1","hermit:Roughhouse+1","hermit:Determination+1","Master of Strategy","Master of Strategy","Enlightenment+1","hermit:Feint+1","hermit:Grudge","hermit:Glare+1","hermit:EternalForm+1","hermit:FromBeyond+1","hermit:Dive+1","wanderingMiniBosses:FinaleOfPromise","hermit:TakeCover","hermit:FlashPowder+1","hermit:Scavenge+1","hermit:ShadowCloak","hermit:CalledShot+1"],"relics":["hermit:Momento","ReplayTheSpireMod:Ring of Challenge","ReplayTheSpireMod:CursedCoin","Mercury Hourglass","Pet Ghost","ReplayFunnel","Bottled Lightning","Replay:Bandana","Kintsugi","Pocketwatch","GremlinMask","ReplayTheSpireMod:ShopPack","War Paint","hermit:Spyglass","Sundial","Golden Egg","Tiny House","Replay:Mystery Machine","wanderingMiniBosses:Blackblade","Strawberry","White Beast Statue","Du-Vu Doll","Potion Belt","Medical Kit","Replay:Arrowhead"],"acts_visited":["Exordium","TheCity","TheBeyond"],"potions_floor_usage":[16,18,19,20,30,35,35,35,50],"damage_taken":[{"damage":1,"enemies":"2 Louse","floor":1,"turns":2},{"damage":1,"enemies":"Jaw Worm","floor":5,"turns":3},{"damage":17,"enemies":"Lagavulin","floor":7,"turns":6},{"damage":0,"enemies":"3 Sentries","floor":11,"turns":6},{"damage":0,"enemies":"Hexaghost","floor":16,"turns":7},{"damage":27,"enemies":"2 Thieves","floor":18,"turns":4},{"damage":20,"enemies":"3 Byrds","floor":19,"turns":8},{"damage":5,"enemies":"Centurion and Healer","floor":20,"turns":7},{"damage":4,"enemies":"Chosen and Byrds","floor":24,"turns":7},{"damage":3,"enemies":"Slavers","floor":27,"turns":5},{"damage":0,"enemies":"Snake Plant","floor":29,"turns":3},{"damage":5,"enemies":"Book of Stabbing","floor":30,"turns":5},{"damage":0,"enemies":"Centurion and Healer","floor":31,"turns":7},{"damage":57,"enemies":"bossMod:newCollector","floor":33,"turns":9},{"damage":75,"enemies":"3 Darklings","floor":35,"turns":7},{"damage":2,"enemies":"Orb Walker","floor":36,"turns":2},{"damage":12,"enemies":"Writhing Mass","floor":39,"turns":4},{"damage":0,"enemies":"Maw","floor":44,"turns":5},{"damage":0,"enemies":"R_Hoarder","floor":45,"turns":5},{"damage":8,"enemies":"Jaw Worm Horde","floor":46,"turns":3},{"damage":25,"enemies":"Reptomancer","floor":48,"turns":4},{"damage":24,"enemies":"Replay:Hell Engine","floor":50,"turns":7}],"seed_played":"1554943569165316763","potions_obtained":[{"floor":7,"key":"Languid Potion"},{"floor":11,"key":"Toxic Potion"},{"floor":16,"key":"PowerPotion"},{"floor":19,"key":"FearPotion"},{"floor":24,"key":"Adrenaline Potion"},{"floor":27,"key":"LiquidBronze"},{"floor":33,"key":"Languid Potion"},{"floor":34,"key":"Swift Potion"},{"floor":39,"key":"AttackPotion"},{"floor":44,"key":"DuplicationPotion"},{"floor":45,"key":"Strength Potion"},{"floor":46,"key":"LiquidMemories"},{"floor":48,"key":"Fire Potion"}],"is_trial":false,"path_per_floor":["M","?","?","$","M","R","E","R","T","R","E","R","$","T","R_BF","B",null,"M","M","M","?","$","R","M","R","T","E","$","M","E","M","R","B",null,"M","M","?","$","M","R","?","R","T","M","E","M","$","E","R","B",null],"character_chosen":"HERMIT","items_purchased":["ReplayTheSpireMod:CursedCoin","hermit:PistolWhip","hermit:Vantage","Bandage Up","ReplayTheSpireMod:ShopPack","War Paint","hermit:Roughhouse","hermit:Determination","Strawberry","White Beast Statue","Medical Kit"],"campfire_rested":3,"item_purchase_floors":[4,4,4,13,22,22,22,22,38,38,47],"current_hp_per_floor":[63,63,63,63,62,62,45,45,45,45,45,45,45,45,45,51,80,57,41,42,42,42,42,44,44,44,47,47,53,54,60,60,9,74,5,9,9,16,10,40,40,70,70,76,82,74,74,55,85,67],"gold":95,"neow_bonus":"TWENTY_PERCENT_HP_BONUS","is_daily":false,"chose_seed":false,"campfire_upgraded":7,"win_rate":0.0,"timestamp":1609429402,"path_taken":["M","?","?","$","M","R","E","R","T","R","E","R","?","?","R_BF","BOSS","M","M","?","?","$","R","?","R","T","E","?","M","E","M","R","BOSS","M","M","?","$","?","R","?","R","T","M","E","M","$","E","R","BOSS"],"items_purchased_type":["Relic","Card","Card","Card","Relic","Relic","Card","Card","Relic","Relic","Relic"],"build_version":"2020-12-22","purchased_purges":2,"victory":true,"max_hp_per_floor":[89,89,89,89,89,89,89,89,89,89,89,89,89,89,89,89,89,89,89,89,89,89,89,89,89,89,89,89,89,89,89,89,89,94,94,94,94,101,101,101,101,101,101,101,101,101,101,101,101,101],"card_choices":[{"not_picked":["hermit:Roulette","hermit:Midnight","hermit:DeadMansHand"],"picked":"SKIP","floor":1},{"not_picked":["hermit:TakeCover","hermit:Feint"],"picked":"hermit:FlashPowder","floor":5},{"not_picked":["hermit:CalledShot","hermit:ShadowCloak"],"picked":"hermit:BodyArmor","floor":7},{"not_picked":["hermit:Spite","hermit:FullyLoaded"],"picked":"hermit:FlashPowder","floor":11},{"not_picked":["hermit:OverwhelmingPower","hermit:FatalDesire"],"picked":"hermit:RoundhouseKick","floor":16},{"not_picked":["hermit:TakeCover+1","hermit:Glare"],"picked":"hermit:Virtue+1","floor":18},{"not_picked":["hermit:Vantage","hermit:LuckOfTheDraw+1"],"picked":"hermit:Quickdraw+1","floor":19},{"not_picked":["hermit:Roulette","hermit:ShadowCloak"],"picked":"hermit:Headshot","floor":20},{"not_picked":["Poisoned Strike","Sadistic Nature"],"picked":"Master of Strategy","floor":22},{"not_picked":["ReplayTheSpireMod:Uncanny Aura","Discovery"],"picked":"Master of Strategy","floor":22},{"not_picked":["Forethought","Discovery"],"picked":"Enlightenment","floor":22},{"not_picked":["hermit:Adapt","hermit:Vantage"],"picked":"hermit:Feint+1","floor":24},{"not_picked":["hermit:FullyLoaded","hermit:LuckOfTheDraw"],"picked":"hermit:Grudge","floor":27},{"not_picked":["hermit:Brawl","hermit:Dive"],"picked":"hermit:Glare+1","floor":29},{"not_picked":["hermit:Manifest","hermit:TakeCover+1"],"picked":"hermit:EternalForm","floor":30},{"not_picked":["hermit:WideOpen","hermit:BigShot","hermit:Feint+1"],"picked":"SKIP","floor":31},{"not_picked":["hermit:FatalDesire","hermit:EternalForm"],"picked":"hermit:FromBeyond","floor":33},{"not_picked":["hermit:Vantage+1","hermit:Feint+1"],"picked":"hermit:Dive","floor":34},{"not_picked":[],"picked":"wanderingMiniBosses:FinaleOfPromise","floor":35},{"not_picked":["hermit:WideOpen","hermit:Virtue+1"],"picked":"hermit:TakeCover","floor":35},{"not_picked":["hermit:Vantage+1","hermit:Coalescence+1"],"picked":"hermit:FlashPowder+1","floor":36},{"not_picked":["hermit:Midnight+1","hermit:HoleUp+1"],"picked":"hermit:Scavenge+1","floor":39},{"not_picked":["hermit:Glare+1","hermit:Roulette+1","hermit:Cheat"],"picked":"SKIP","floor":44},{"not_picked":["hermit:FlashPowder","hermit:HoleUp"],"picked":"hermit:ShadowCloak","floor":45},{"not_picked":["hermit:Glare","hermit:FullyLoaded+1"],"picked":"hermit:CalledShot+1","floor":46},{"not_picked":["hermit:Vantage+1","hermit:Feint","hermit:Dive"],"picked":"SKIP","floor":48}],"player_experience":1621047,"relics_obtained":[{"floor":2,"key":"ReplayTheSpireMod:Ring of Challenge"},{"floor":7,"key":"Mercury Hourglass"},{"floor":9,"key":"Pet Ghost"},{"floor":11,"key":"ReplayFunnel"},{"floor":14,"key":"Bottled Lightning"},{"floor":15,"key":"Replay:Bandana"},{"floor":20,"key":"Pocketwatch"},{"floor":26,"key":"hermit:Spyglass"},{"floor":27,"key":"Sundial"},{"floor":30,"key":"Golden Egg"},{"floor":35,"key":"Replay:Mystery Machine"},{"floor":35,"key":"wanderingMiniBosses:Blackblade"},{"floor":43,"key":"Du-Vu Doll"},{"floor":45,"key":"Potion Belt"},{"floor":48,"key":"Replay:Arrowhead"}],"event_choices":[{"damage_healed":0,"gold_gain":0,"player_choice":"Grow","damage_taken":0,"max_hp_gain":0,"max_hp_loss":0,"event_name":"Living Wall","floor":3,"gold_loss":0,"cards_upgraded":["hermit:Snapshot"]},{"damage_healed":0,"gold_gain":0,"player_choice":"Trade","damage_taken":0,"relics_obtained":["GremlinMask"],"max_hp_gain":0,"max_hp_loss":0,"event_name":"FaceTrader","floor":21,"gold_loss":0},{"cards_removed":["hermit:Defend_Hermit"],"damage_healed":0,"gold_gain":0,"player_choice":"Upgrade and Remove","damage_taken":0,"max_hp_gain":0,"max_hp_loss":0,"event_name":"Designer","floor":37,"gold_loss":90,"cards_upgraded":["hermit:Dive"]},{"damage_healed":0,"gold_gain":0,"player_choice":"Ignored","damage_taken":0,"max_hp_gain":0,"max_hp_loss":0,"event_name":"Mysterious Sphere","floor":41,"gold_loss":0}],"is_beta":false,"boss_relics":[{"not_picked":["Busted Crown","Runic Pyramid"],"picked":"Kintsugi"},{"not_picked":["Sozu","Replay:Grab Bag"],"picked":"Tiny House"}],"items_purged_floors":[4,28],"is_endless":false,"potions_floor_spawned":[7,11,16,19,24,27,33,39,44,45,46,48],"ascension_level":10}}