{"host":"foq4mrde4mssg7vt","time":1609408247,"event":{"mods":["AchievementEnabler","BaseMod","Colored Map","Colored Powertips","Highlight Path","Minty Spire (QoL Compilation)","Relic Stats","everything is the same but u backflip on backflip"],"gold_per_floor":[117,132,142,75,175,175,187,187,237,252,252,252,309,324,324,399,399,389,120,120,130,130,163,163,163,163],"floor_reached":25,"playtime":744,"items_purged":["Strike_R"],"score":384,"play_id":"c5ac551f-17d3-4ce5-a7c8-f619fff3937f","local_time":"20201231175047","is_ascension_mode":true,"campfire_choices":[{"data":"Bash","floor":6,"key":"SMITH"},{"data":"Whirlwind","floor":8,"key":"SMITH"},{"floor":12,"key":"REST"},{"data":"Metallicize","floor":15,"key":"SMITH"},{"floor":24,"key":"REST"}],"circlet_count":0,"master_deck":["AscendersBane","Strike_R","Strike_R+1","Strike_R","Strike_R","Defend_R","Defend_R","Defend_R+1","Defend_R","Bash+1","Battle Trance","Twin Strike","Headbutt","Whirlwind+1","Metallicize+1","Demon Form","Shrug It Off","Shockwave","Ghostly","Ghostly","Ghostly","Ghostly","Ghostly"],"relics":["SlaversCollar","Strawberry","SacredBark","Bag of Preparation","Juzu Bracelet"],"acts_visited":["Exordium","TheCity"],"potions_floor_usage":[21],"damage_taken":[{"damage":6,"enemies":"2 Louse","floor":1,"turns":4},{"damage":6,"enemies":"Cultist","floor":2,"turns":4},{"damage":10,"enemies":"Small Slimes","floor":3,"turns":4},{"damage":16,"enemies":"Exordium Thugs","floor":7,"turns":6},{"damage":11,"enemies":"Blue Slaver","floor":10,"turns":4},{"damage":0,"enemies":"3 Louse","floor":14,"turns":2},{"damage":8,"enemies":"Hexaghost","floor":16,"turns":9},{"damage":31,"enemies":"2 Thieves","floor":18,"turns":5},{"damage":18,"enemies":"Spheric Guardian","floor":21,"turns":5},{"damage":4,"enemies":"Slavers","floor":23,"turns":6},{"damage":33,"enemies":"Book of Stabbing","floor":25,"turns":7}],"seed_played":"7289650687129364525","potions_obtained":[{"floor":1,"key":"DuplicationPotion"},{"floor":3,"key":"SteroidPotion"},{"floor":21,"key":"SpeedPotion"}],"is_trial":false,"path_per_floor":["M","M","M","$","?","R","M","R","T","M","?","R","?","M","R","B",null,"M","$","?","M","?","E","R","E"],"character_chosen":"IRONCLAD","items_purchased":["Whirlwind","Shockwave","Bag of Preparation"],"campfire_rested":2,"item_purchase_floors":[4,19,19],"current_hp_per_floor":[62,56,46,46,46,46,30,30,37,26,10,34,34,34,34,26,68,37,37,37,19,19,15,27,0,0],"gold":163,"neow_bonus":"BOSS_RELIC","is_daily":false,"chose_seed":false,"campfire_upgraded":3,"win_rate":0.0,"timestamp":1609408247,"path_taken":["M","M","M","$","?","R","?","R","T","M","?","R","?","M","R","BOSS","M","$","?","?","?","E","R","E"],"items_purchased_type":["Card","Card","Relic"],"build_version":"2020-12-22","purchased_purges":1,"victory":false,"max_hp_per_floor":[75,75,75,75,75,75,75,75,82,82,82,82,82,82,82,82,82,82,82,82,82,41,41,41,41,41],"relic_stats":{"counters":[11,56],"Bag of Preparation":[6],"Juzu Bracelet":0,"obtain_stats":[{"SlaversCollar":0,"Strawberry":9,"SacredBark":17,"Bag of Preparation":19,"Juzu Bracelet":23,"Burning Blood":0},{"SlaversCollar":0,"Strawberry":4,"SacredBark":7,"Bag of Preparation":8,"Juzu Bracelet":10,"Burning Blood":0},{"SlaversCollar":0,"Strawberry":18,"SacredBark":33,"Bag of Preparation":38,"Juzu Bracelet":49,"Burning Blood":0}]},"card_choices":[{"not_picked":["Flex","Havoc"],"picked":"Battle Trance","floor":1},{"not_picked":["Blood for Blood","Shrug It Off"],"picked":"Twin Strike","floor":2},{"not_picked":["Pommel Strike","Warcry"],"picked":"Headbutt","floor":3},{"not_picked":["Twin Strike","Flex","Battle Trance"],"picked":"SKIP","floor":7},{"not_picked":["Iron Wave","Warcry"],"picked":"Metallicize","floor":10},{"not_picked":["Thunderclap","Seeing Red","Cleave"],"picked":"SKIP","floor":14},{"not_picked":["Fiend Fire","Brutality"],"picked":"Demon Form","floor":16},{"not_picked":["Clash","Perfected Strike+1"],"picked":"Shrug It Off","floor":18},{"not_picked":["Hemokinesis","Iron Wave","Headbutt"],"picked":"SKIP","floor":21},{"not_picked":["Dark Embrace","Clash","Iron Wave"],"picked":"SKIP","floor":23}],"player_experience":340730,"relics_obtained":[{"floor":9,"key":"Strawberry"},{"floor":23,"key":"Juzu Bracelet"}],"event_choices":[{"damage_healed":0,"gold_gain":100,"player_choice":"Pray","damage_taken":0,"max_hp_gain":0,"max_hp_loss":0,"event_name":"Golden Shrine","floor":5,"gold_loss":0},{"damage_healed":0,"gold_gain":0,"player_choice":"Entered Light","damage_taken":16,"max_hp_gain":0,"max_hp_loss":0,"event_name":"Shining Light","floor":11,"gold_loss":0,"cards_upgraded":["Defend_R","Strike_R"]},{"damage_healed":0,"gold_gain":57,"player_choice":"Gained Gold","damage_taken":0,"max_hp_gain":0,"max_hp_loss":0,"event_name":"Golden Wing","floor":13,"gold_loss":0},{"damage_healed":0,"gold_gain":0,"player_choice":"Got Potions","damage_taken":0,"max_hp_gain":0,"max_hp_loss":0,"event_name":"Lab","floor":20,"gold_loss":0},{"damage_healed":0,"gold_gain":0,"player_choice":"Became a Ghost","damage_taken":0,"max_hp_gain":0,"max_hp_loss":41,"event_name":"Ghosts","floor":22,"gold_loss":0,"cards_obtained":["Ghostly","Ghostly","Ghostly","Ghostly","Ghostly"]}],"is_beta":false,"boss_relics":[{"not_picked":["Runic Pyramid","Runic Dome"],"picked":"SacredBark"}],"items_purged_floors":[19],"is_endless":false,"potions_floor_spawned":[1,3,18,21],"killed_by":"Book of Stabbing","ascension_level":14}}