{"host":"410n1t7fh6lcb80z","time":1609375945,"event":{"mods":["BaseMod","Colored Map","Highlight Path","Minty Spire (QoL Compilation)"],"gold_per_floor":[112,130,145,163,175,201,8,36,36,50,50,61,61,92,92,189,189,209,220,220,231,231,231,231,231],"floor_reached":24,"playtime":1159,"items_purged":[],"score":264,"play_id":"40215e1b-b2e1-4548-a96b-ec87880b54cc","local_time":"20201230195225","is_ascension_mode":true,"campfire_choices":[{"floor":11,"key":"REST"},{"data":"Perfected Strike","floor":13,"key":"SMITH"},{"data":"Wild Strike","floor":15,"key":"SMITH"},{"floor":23,"key":"REST"}],"circlet_count":0,"master_deck":["Strike_R","Strike_R","Strike_R","Strike_R","Strike_R","Defend_R","Defend_R","Defend_R","Defend_R","Bash+1","Cleave","Carnage","Perfected Strike+1","Headbutt","Feel No Pain","Pommel Strike","Limit Break","Wild Strike+1","Feed","Shrug It Off"],"relics":["Burning Blood","Thread and Needle","Membership Card","Shuriken","InkBottle","Fusion Hammer"],"acts_visited":["Exordium","TheCity"],"potions_floor_usage":[16,16,16,24],"damage_taken":[{"damage":6,"enemies":"Cultist","floor":1,"turns":3},{"damage":5,"enemies":"Small Slimes","floor":2,"turns":3},{"damage":7,"enemies":"Jaw Worm","floor":3,"turns":3},{"damage":11,"enemies":"Gremlin Gang","floor":4,"turns":3},{"damage":11,"enemies":"Blue Slaver","floor":5,"turns":3},{"damage":32,"enemies":"Gremlin Nob","floor":6,"turns":4},{"damage":29,"enemies":"3 Sentries","floor":8,"turns":9},{"damage":3,"enemies":"Large Slime","floor":10,"turns":5},{"damage":0,"enemies":"Red Slaver","floor":12,"turns":3},{"damage":12,"enemies":"Gremlin Nob","floor":14,"turns":3},{"damage":41,"enemies":"Hexaghost","floor":16,"turns":9},{"damage":17,"enemies":"2 Thieves","floor":18,"turns":3},{"damage":19,"enemies":"Shell Parasite","floor":19,"turns":3},{"damage":43,"enemies":"Snake Plant","floor":21,"turns":4},{"damage":0,"enemies":"Gremlin Leader","floor":24,"turns":6}],"seed_played":"-4534175037879974136","potions_obtained":[{"floor":2,"key":"PowerPotion"},{"floor":5,"key":"GamblersBrew"},{"floor":10,"key":"Swift Potion"},{"floor":19,"key":"SkillPotion"},{"floor":22,"key":"DistilledChaos"},{"floor":22,"key":"SteroidPotion"}],"is_trial":false,"path_per_floor":["M","M","M","M","M","E","$","E","T","M","R","M","R","E","R","B",null,"M","M","?","M","?","R","E"],"character_chosen":"IRONCLAD","items_purchased":["Membership Card","Limit Break"],"campfire_rested":2,"item_purchase_floors":[7,7],"current_hp_per_floor":[80,80,79,74,69,43,43,20,20,23,47,53,53,47,47,12,80,72,59,59,22,22,46,46,46],"gold":231,"neow_bonus":"UPGRADE_CARD","is_daily":false,"chose_seed":false,"campfire_upgraded":2,"win_rate":0.0,"timestamp":1609375945,"path_taken":["M","M","M","M","M","E","$","E","T","M","R","?","R","E","R","BOSS","M","M","?","M","?","R","E"],"items_purchased_type":["Relic","Card"],"build_version":"2020-12-22","purchased_purges":0,"victory":false,"max_hp_per_floor":[80,80,80,80,80,80,80,80,80,80,80,80,80,80,80,80,80,83,83,83,83,83,83,83,83],"card_choices":[{"not_picked":["Dual Wield","Flex"],"picked":"Cleave","floor":1},{"not_picked":["Armaments","Warcry"],"picked":"Carnage","floor":2},{"not_picked":["Warcry","Armaments"],"picked":"Perfected Strike","floor":3},{"not_picked":["Rampage","Anger"],"picked":"Headbutt","floor":4},{"not_picked":["Entrench","Searing Blow"],"picked":"Feel No Pain","floor":5},{"not_picked":["Whirlwind","Flame Barrier"],"picked":"Pommel Strike","floor":6},{"not_picked":["Heavy Blade","Second Wind","Warcry"],"picked":"SKIP","floor":8},{"not_picked":["Infernal Blade","Entrench"],"picked":"Wild Strike","floor":10},{"not_picked":["Clash","Dual Wield","Flame Barrier"],"picked":"SKIP","floor":12},{"not_picked":["Anger","Uppercut","Wild Strike"],"picked":"SKIP","floor":14},{"not_picked":["Berserk","Fiend Fire"],"picked":"Feed","floor":16},{"not_picked":["Cleave","Heavy Blade"],"picked":"Shrug It Off","floor":18},{"not_picked":["Cleave","Anger","Iron Wave"],"picked":"SKIP","floor":19},{"not_picked":["Body Slam+1","Juggernaut","Thunderclap"],"picked":"SKIP","floor":21}],"player_experience":462518,"relics_obtained":[{"floor":6,"key":"Thread and Needle"},{"floor":8,"key":"Shuriken"},{"floor":14,"key":"InkBottle"}],"event_choices":[{"damage_healed":0,"gold_gain":0,"player_choice":"Ignored","damage_taken":0,"max_hp_gain":0,"max_hp_loss":0,"event_name":"Cursed Tome","floor":20,"gold_loss":0},{"damage_healed":0,"gold_gain":0,"player_choice":"Got Potions","damage_taken":0,"max_hp_gain":0,"max_hp_loss":0,"event_name":"Lab","floor":22,"gold_loss":0}],"is_beta":false,"boss_relics":[{"not_picked":["Runic Cube","SacredBark"],"picked":"Fusion Hammer"}],"items_purged_floors":[],"is_endless":false,"potions_floor_spawned":[2,5,10,12,14,19],"killed_by":"Gremlin Leader","ascension_level":4}}