{"host":"17xjy7b7ubl548g2","time":1609390946,"event":{"mods":["2.2 Compatiblity","Act Like it!","Aspiration","Astrologer","Bard","BaseMod","Bestiary","Challenge The Spire","ChefMod","Colored Map","Conspire","Elementarium","Energized Spire","GifTheSpireLib","Halation","Hallownest","Hubris","Infinite Spire","Jedi Mod","Jorbs\u0027s Wanderer Trilogy","Marisa（霧雨　魔理沙）","Marked Mod","Minty Spire (QoL Compilation)","Pale of the Ancients","Permanent Neow","Puzzle Mod","Replay The Spire","Robot Space Explorer","Spicy Shops","StSLib","Stuff the Spire","The Blue Laboratory","The Bug Knight","The Construct","The Disciple","The Hayseed","The Hierophant","The Marked","The Runesmith","The Sage"],"gold_per_floor":[114,114,39,51,126,126,153,153,153,153,153,173,193,222,233,244,244,348,348,361,361,361,361],"floor_reached":22,"playtime":1665,"items_purged":["theMarked:Strike"],"score":223,"play_id":"cfe76217-0b10-44b3-a9d7-a43bb1b704e6","local_time":"20201231000226","is_ascension_mode":true,"campfire_choices":[{"data":"theMarked:SoldierOfQuellstein","floor":6,"key":"SMITH"},{"data":"Leg Sweep","floor":8,"key":"SMITH"},{"data":"theMarked:ElectricStrings","floor":17,"key":"SMITH"}],"circlet_count":0,"master_deck":["theMarked:Strike","theMarked:Defend","theMarked:Defend","theMarked:Defend","theMarked:SoldierOfQuellstein+1","theMarked:SwordAndMagic","Die Die Die","Quick Slash","Leg Sweep+1","theMarked:ElectricStrings+1","theMarked:DispelDoubt","theMarked:BanishingStrike","theMarked:CreepingChasm","theMarked:Frustration","theMarked:ResourceFulStrike","theMarked:BindingBlade","theMarked:TwofoldDefense"],"relics":["theMarked:ArtifactOfAir","Potion Belt","aspiration:HiddenCompartment","jedi:hotpepper","hubris:BottledHeart"],"acts_visited":["Exordium","TheCity"],"potions_floor_usage":[13,14,18,20],"damage_taken":[{"damage":2,"enemies":"conspire:RoseBush","floor":1,"turns":2},{"damage":0,"enemies":"2 Louse","floor":4,"turns":1},{"damage":16,"enemies":"HollowMod:MossKnight","floor":7,"turns":6},{"damage":0,"enemies":"Cultist","floor":12,"turns":2},{"damage":0,"enemies":"Exordium Wildlife","floor":13,"turns":1},{"damage":5,"enemies":"Replay:BlueRogue","floor":14,"turns":4},{"damage":0,"enemies":"3 Louse","floor":15,"turns":1},{"damage":1,"enemies":"Looter","floor":16,"turns":3},{"damage":13,"enemies":"Fading Forest","floor":18,"turns":11},{"damage":6,"enemies":"conspire:FuzzyDice","floor":20,"turns":6}],"seed_played":"7593687447785920031","potions_obtained":[{"floor":1,"key":"blueLaboratory:ForbiddenFruitJuice"},{"floor":7,"key":"BlessingOfTheForge"},{"floor":12,"key":"blueLaboratory:FruitPunch"},{"floor":13,"key":"AttackPotion"},{"floor":16,"key":"AttackPotion"}],"is_trial":false,"path_per_floor":["M","?","$","M","?","R","E","R","PTL","PTL","T","M","M","E","M","M","R","B",null,"M","?","AVR"],"character_chosen":"THE_DEFAULT","items_purchased":[],"campfire_rested":0,"item_purchase_floors":[],"current_hp_per_floor":[68,68,68,68,61,61,45,45,45,45,45,45,47,42,42,41,41,36,54,48,1,1,1],"gold":361,"neow_bonus":"REMOVE_CARD","is_daily":false,"chose_seed":false,"campfire_upgraded":3,"win_rate":0.0,"timestamp":1609390946,"path_taken":["M","?","$","M","?","R","E","R","PTL","PTL","T","?","M","E","M","?","R","BOSS","M","?","AVR"],"items_purchased_type":[],"build_version":"2020-12-22","purchased_purges":1,"victory":false,"max_hp_per_floor":[70,70,70,70,70,70,70,70,70,70,70,70,72,72,72,72,72,72,54,54,1,1,1],"card_choices":[{"not_picked":["theMarked:Improvise","theMarked:Generate"],"picked":"theMarked:SwordAndMagic","floor":1},{"not_picked":["theMarked:RepellingDischarge","theMarked:WastefulAttack"],"picked":"theMarked:ElectricStrings","floor":4},{"not_picked":["theMarked:GodGivenPower","theMarked:EmpowerWeapon"],"picked":"theMarked:DispelDoubt","floor":7},{"not_picked":["theMarked:ElectricStrings","theMarked:ResourceFulStrike"],"picked":"theMarked:BanishingStrike","floor":12},{"not_picked":["theMarked:Aftermath","theMarked:WastefulDefense"],"picked":"theMarked:CreepingChasm","floor":13},{"not_picked":["theMarked:Panic","theMarked:ResourceFulStrike"],"picked":"theMarked:Frustration","floor":14},{"not_picked":["theMarked:Improvise","theMarked:WastefulAttack"],"picked":"theMarked:ResourceFulStrike","floor":15},{"not_picked":["theMarked:EnhanceMovement","theMarked:KeepCalmAndFightOn","theMarked:SwordAndMagic"],"picked":"SKIP","floor":16},{"not_picked":["theMarked:EternalStudent","theMarked:Defy"],"picked":"theMarked:BindingBlade","floor":18},{"not_picked":["theMarked:Aftermath","theMarked:SwordAndMagic"],"picked":"theMarked:TwofoldDefense","floor":20}],"player_experience":1601478,"relics_obtained":[{"floor":7,"key":"Potion Belt"},{"floor":14,"key":"aspiration:HiddenCompartment"}],"event_choices":[{"damage_healed":0,"gold_gain":75,"player_choice":"Touch","damage_taken":7,"max_hp_gain":0,"max_hp_loss":0,"event_name":"FaceTrader","floor":5,"gold_loss":0}],"is_beta":false,"boss_relics":[{"not_picked":["halation:HeavySnake","Sozu"],"picked":"jedi:hotpepper"}],"items_purged_floors":[3],"is_endless":false,"potions_floor_spawned":[1,7,12,13,16],"ascension_level":3}}