{"host":"jm9833yuloeli2yd","time":1609380907,"event":{"mods":["AchievementEnabler","BaseMod","Better Altar","Better Match","Better Note","Better Sensory Stone","Better Skull","Better Third Choice","Better Vampires","BetterRewards","Colored Map","Colored Powertips","DeckTracker","Marked Mod","Minty Spire (QoL Compilation)","Permanent Neow","Quick Restart","StSLib","SuperFastMode"],"gold_per_floor":[112,129,279,290,207,232,248,282,335,335,348,348,348,111,111,111,111],"floor_reached":16,"playtime":353,"items_purged":["Doubt"],"score":320,"play_id":"646d1595-fc86-4ff0-89fc-412468c0e071","local_time":"20201230211507","is_ascension_mode":true,"campfire_choices":[{"floor":10,"key":"REST"},{"floor":15,"key":"REST"}],"circlet_count":0,"master_deck":["AscendersBane","Strike_B","Strike_B","Strike_B+1","Strike_B+1","Defend_B","Defend_B+1","Defend_B","Defend_B","Zap","Dualcast+1","Capacitor","Ball Lightning","Auto Shields","Conserve Battery","Loop","Lockon","FTL","Capacitor","Force Field","Genetic Algorithm","Compile Driver","Creative AI","Cold Snap","Turbo"],"relics":["Cracked Core","Oddly Smooth Stone","Prayer Wheel","MealTicket","Blue Candle","Whetstone","Omamori","Bronze Scales"],"acts_visited":["Exordium"],"potions_floor_usage":[6,8,8],"damage_taken":[{"damage":6,"enemies":"Small Slimes","floor":1,"turns":3},{"damage":0,"enemies":"Cultist","floor":2,"turns":3},{"damage":0,"enemies":"2 Louse","floor":4,"turns":2},{"damage":20,"enemies":"Lagavulin","floor":6,"turns":6},{"damage":9,"enemies":"Blue Slaver","floor":7,"turns":4},{"damage":14,"enemies":"Gremlin Nob","floor":8,"turns":4},{"damage":5,"enemies":"Exordium Wildlife","floor":11,"turns":5},{"damage":39,"enemies":"The Guardian","floor":16,"turns":9}],"seed_played":"1003114432243224894","potions_obtained":[{"floor":1,"key":"Weak Potion"},{"floor":2,"key":"Fire Potion"},{"floor":7,"key":"Ancient Potion"},{"floor":11,"key":"SteroidPotion"}],"is_trial":false,"path_per_floor":["M","M","?","M","?","E","M","E","T","R","M","?","?","$","R","B"],"character_chosen":"DEFECT","items_purchased":["Oddly Smooth Stone","Capacitor","Ball Lightning","AttackPotion","Bronze Scales"],"campfire_rested":2,"item_purchase_floors":[0,0,0,0,14],"current_hp_per_floor":[51,51,51,51,51,31,22,8,8,29,24,3,3,18,39,0,0],"gold":111,"neow_bonus":"","is_daily":false,"chose_seed":false,"campfire_upgraded":0,"win_rate":0.0,"timestamp":1609380907,"path_taken":["M","M","?","M","?","E","M","E","T","R","?","?","?","?","R","BOSS"],"items_purchased_type":["Relic","Card","Card","Potion","Relic"],"build_version":"2020-12-22","purchased_purges":1,"victory":false,"max_hp_per_floor":[71,71,71,71,71,71,71,71,71,71,71,71,71,71,71,71,71],"card_choices":[{"not_picked":["Conserve Battery","Redo"],"picked":"Auto Shields","floor":1},{"not_picked":["Beam Cell","Scrape"],"picked":"Conserve Battery","floor":1},{"not_picked":["Redo","Coolheaded"],"picked":"Loop","floor":2},{"not_picked":["Gash","Beam Cell"],"picked":"Lockon","floor":2},{"not_picked":["Leap","Beam Cell"],"picked":"FTL","floor":4},{"not_picked":["Skim","Fusion"],"picked":"Capacitor","floor":4},{"not_picked":["Sunder","Double Energy"],"picked":"Force Field","floor":6},{"not_picked":["Compile Driver","Turbo"],"picked":"Genetic Algorithm","floor":7},{"not_picked":["Meteor Strike","Steam"],"picked":"Compile Driver","floor":7},{"not_picked":["Melter","Redo"],"picked":"Creative AI","floor":8},{"not_picked":["Compile Driver","White Noise"],"picked":"Cold Snap","floor":11},{"not_picked":["Aggregate","Gash"],"picked":"Turbo","floor":11}],"player_experience":1200588,"relics_obtained":[{"floor":6,"key":"Blue Candle"},{"floor":8,"key":"Whetstone"},{"floor":9,"key":"Omamori"}],"event_choices":[{"damage_healed":0,"gold_gain":150,"player_choice":"AGREE","damage_taken":129,"max_hp_gain":0,"max_hp_loss":0,"event_name":"betterThird:BetterSerpent","floor":3,"gold_loss":0},{"damage_healed":0,"gold_gain":0,"player_choice":"Paid Gold","damage_taken":0,"relics_obtained":["MealTicket"],"max_hp_gain":0,"max_hp_loss":0,"event_name":"WeMeetAgain","floor":5,"gold_loss":83},{"damage_healed":24,"gold_gain":0,"player_choice":"Upgrade","damage_taken":21,"max_hp_gain":0,"max_hp_loss":71,"event_name":"betterThird:BetterShining","floor":12,"gold_loss":0,"cards_upgraded":["Dualcast","Defend_B"]},{"damage_healed":0,"gold_gain":1,"player_choice":"LEAVE","damage_taken":0,"max_hp_gain":0,"max_hp_loss":0,"event_name":"betterThird:BetterScrap","floor":13,"gold_loss":0,"cards_obtained":["BattleHymn"]}],"is_beta":false,"boss_relics":[],"items_purged_floors":[14],"is_endless":false,"potions_floor_spawned":[1,2,7,11],"killed_by":"The Guardian","ascension_level":20}}