{"host":"8jwif9mna8ud19ho","time":1609386798,"event":{"mods":["BaseMod","Better Vampires","Lobotomy","Marisa£¨ìFÓê¡¡Ä§ÀíÉ³£©","Minty Spire (QoL Compilation)","Reimu£¨²©ÀöÁéÃÎ£©","RumiaBox-Â¶Ã×æ«µÄÉñÃØºÐ×Ó","StSLib","¡¾ÒÅÎï¿¨ÅÆ¡¿REMEMod"],"gold_per_floor":[109,184,31,31,43,43,43,43],"floor_reached":7,"playtime":259,"items_purged":[],"score":78,"play_id":"1e2971bb-17bb-4f16-8643-a01f4e2250a5","local_time":"20201231115318","is_ascension_mode":true,"campfire_choices":[{"data":"TakeOff:ReiMu","floor":6,"key":"SMITH"}],"circlet_count":0,"master_deck":["AscendersBane","Strike_Lin:ReiMu","Strike_Lin:ReiMu","Strike_Lin:ReiMu","Strike_Lin:ReiMu","Defend_Lin:ReiMu","Defend_Lin:ReiMu","Defend_Lin:ReiMu","Defend_Lin:ReiMu","NB:ReiMu","Stagnation:ReiMu","REME_BuildACard","OSAHOGD","SealNeedle:ReiMu","ShadowOfCrow2:ReiMu","FoulBorder2:ReiMu+1","TakeOff:ReiMu+1"],"relics":["FlyPower:ReiMu","REME_ComplimentaryCards","CogitoBucket"],"acts_visited":["Exordium"],"potions_floor_usage":[],"damage_taken":[{"damage":17.0,"enemies":"Jaw Worm","floor":1.0,"turns":8.0},{"damage":3,"enemies":"Small Slimes","floor":5,"turns":6},{"damage":20,"enemies":"3 Sentries","floor":7,"turns":5}],"seed_played":"-2328890461288165194","potions_obtained":[],"is_trial":false,"path_per_floor":["M","?","$","?","M","R","E"],"character_chosen":"REIMU","items_purchased":["ShadowOfCrow2:ReiMu","FoulBorder2:ReiMu"],"campfire_rested":0,"item_purchase_floors":[3,3],"current_hp_per_floor":[37,26,26,26,23,23,3,3],"gold":43,"neow_bonus":"","is_daily":false,"chose_seed":false,"campfire_upgraded":1,"win_rate":0.0,"timestamp":1609386798,"path_taken":["M","?","$","?","M","R","E"],"items_purchased_type":["Card","Card"],"build_version":"2020-12-22","purchased_purges":0,"victory":false,"max_hp_per_floor":[60,60,60,60,60,60,60,60],"card_choices":[{"not_picked":["FairyFestival","Murderer"],"picked":"OSAHOGD","floor":1.0},{"not_picked":["BarrageOfMoneybags:ReiMu","SpreadBorder2:ReiMu"],"picked":"SealNeedle:ReiMu","floor":1.0},{"not_picked":["Conquer:ReiMu","SpringWay:ReiMu"],"picked":"TakeOff:ReiMu","floor":5}],"player_experience":1107901,"relics_obtained":[],"event_choices":[{"damage_healed":0.0,"max_hp_gain":0.0,"max_hp_loss":0.0,"gold_gain":75.0,"event_name":"World of Goop","player_choice":"Gather Gold","floor":2.0,"gold_loss":0.0,"damage_taken":11.0},{"damage_healed":0.0,"max_hp_gain":0.0,"max_hp_loss":0.0,"gold_gain":0.0,"event_name":"Upgrade Shrine","player_choice":"Upgraded","floor":4.0,"gold_loss":0.0,"damage_taken":0.0,"cards_upgraded":["FoulBorder2:ReiMu"]}],"is_beta":false,"boss_relics":[],"items_purged_floors":[],"is_endless":false,"potions_floor_spawned":[],"killed_by":"3 Sentries","ascension_level":20}}