{"host":"8qb550oiisecbnz6","time":1609374803,"event":{"mods":["AchievementEnabler","BaseMod","Colored Map","Colored Powertips","Minty Spire (QoL Compilation)","Quick Restart","StSLib"],"gold_per_floor":[112,112,37,37,37,51,84,84,108,139,186,202,227,248,248,368,368,382,481,499,499,523,523,538,538,563,563,82,82,32,32,32,32,32],"floor_reached":33,"playtime":1387,"items_purged":["Strike_B","Recycle","Defend_B"],"score":400,"play_id":"f80132fd-4841-4fff-b958-b62ca12cd685","local_time":"20201231013323","is_ascension_mode":true,"campfire_choices":[{"data":"1","floor":8,"key":"LIFT"},{"floor":15,"key":"REST"},{"floor":23,"key":"REST"},{"data":"2","floor":25,"key":"LIFT"},{"floor":29,"key":"REST"},{"data":"Zap","floor":32,"key":"SMITH"}],"circlet_count":0,"master_deck":["Defend_B","Defend_B","Defend_B","Zap+1","Dualcast","Conserve Battery","FTL","Conserve Battery","Sweeping Beam","Go for the Eyes","Buffer","Barrage","Tempest","Streamline+1","Bite","Bite","Bite","Bite","Bite"],"relics":["Cracked Core","NeowsBlessing","Girya","Matryoshka","Golden Idol","Pantograph","Letter Opener","Anchor","Omamori","Art of War","Whetstone","Philosopher\u0027s Stone","Smiling Mask","Nilry\u0027s Codex","Turnip","ClockworkSouvenir"],"acts_visited":["Exordium","TheCity"],"potions_floor_usage":[18,20,24],"damage_taken":[{"damage":0,"enemies":"2 Louse","floor":1,"turns":1},{"damage":0,"enemies":"Cultist","floor":6,"turns":1},{"damage":0,"enemies":"3 Sentries","floor":7,"turns":1},{"damage":37,"enemies":"Lagavulin","floor":10,"turns":9},{"damage":7,"enemies":"Small Slimes","floor":12,"turns":3},{"damage":0,"enemies":"2 Fungi Beasts","floor":13,"turns":2},{"damage":3,"enemies":"Blue Slaver","floor":14,"turns":3},{"damage":41,"enemies":"Hexaghost","floor":16,"turns":11},{"damage":5,"enemies":"3 Byrds","floor":18,"turns":4},{"damage":0,"enemies":"2 Thieves","floor":20,"turns":3},{"damage":21,"enemies":"Centurion and Healer","floor":22,"turns":7},{"damage":14,"enemies":"3 Cultists","floor":24,"turns":4},{"damage":91,"enemies":"Automaton","floor":33,"turns":6}],"seed_played":"-4439425776538741387","potions_obtained":[{"floor":1,"key":"PotionOfCapacity"},{"floor":10,"key":"Explosive Potion"},{"floor":14,"key":"FearPotion"},{"floor":16,"key":"DistilledChaos"},{"floor":18,"key":"Energy Potion"}],"is_trial":false,"path_per_floor":["M","?","$","?","?","M","E","R","T","E","T","M","M","M","R","B",null,"M","?","M","?","M","R","M","R","T","?","$","R","$","?","R","B"],"character_chosen":"DEFECT","items_purchased":["Turnip","ClockworkSouvenir"],"campfire_rested":3,"item_purchase_floors":[28,28],"current_hp_per_floor":[68,68,68,56,56,56,56,56,56,19,19,12,12,9,29,13,55,50,50,50,50,29,49,35,35,35,19,19,39,39,39,39,0,0],"gold":32,"neow_bonus":"THREE_ENEMY_KILL","is_daily":false,"chose_seed":false,"campfire_upgraded":1,"win_rate":0.0,"timestamp":1609374803,"path_taken":["M","?","?","?","?","?","E","R","T","E","?","M","M","?","R","BOSS","M","?","M","?","M","R","?","R","T","?","$","R","$","?","R","BOSS"],"items_purchased_type":["Relic","Relic"],"build_version":"2020-12-22","purchased_purges":3,"victory":false,"max_hp_per_floor":[75,75,75,75,69,69,69,69,69,69,69,69,69,69,69,69,69,69,69,69,69,69,69,69,69,69,69,69,69,69,48,48,48,48],"card_choices":[{"not_picked":["Streamline","Chaos"],"picked":"Conserve Battery","floor":1},{"not_picked":["Glacier","Chaos","Blizzard"],"picked":"SKIP","floor":6},{"not_picked":["Gash","Rip and Tear","Fusion"],"picked":"SKIP","floor":7},{"not_picked":["Gash","Streamline"],"picked":"FTL","floor":10},{"not_picked":["Cold Snap","Reboot"],"picked":"Conserve Battery","floor":12},{"not_picked":["Sunder","Redo"],"picked":"Sweeping Beam","floor":13},{"not_picked":["Sweeping Beam","Redo"],"picked":"Go for the Eyes","floor":14},{"not_picked":["Amplify","Seek"],"picked":"Buffer","floor":16},{"not_picked":["Turbo","Hologram"],"picked":"Barrage","floor":18},{"not_picked":["Consume","Cold Snap"],"picked":"Tempest","floor":20},{"not_picked":["Redo","Conserve Battery","Capacitor"],"picked":"SKIP","floor":22},{"not_picked":["Stack","FTL"],"picked":"Streamline+1","floor":24}],"player_experience":436330,"relics_obtained":[{"floor":7,"key":"Pantograph"},{"floor":9,"key":"Letter Opener"},{"floor":9,"key":"Anchor"},{"floor":10,"key":"Omamori"},{"floor":11,"key":"Art of War"},{"floor":11,"key":"Whetstone"},{"floor":26,"key":"Smiling Mask"},{"floor":27,"key":"Nilry\u0027s Codex"}],"event_choices":[{"damage_healed":0,"gold_gain":0,"player_choice":"Gave Potion","damage_taken":0,"relics_obtained":["Girya"],"max_hp_gain":0,"max_hp_loss":0,"event_name":"WeMeetAgain","floor":2,"gold_loss":0},{"damage_healed":0,"gold_gain":0,"player_choice":"Success","damage_taken":12,"relics_obtained":["Matryoshka"],"max_hp_gain":0,"max_hp_loss":0,"event_name":"Scrap Ooze","floor":4,"gold_loss":0},{"damage_healed":0,"gold_gain":0,"player_choice":"Lose Max HP","damage_taken":0,"relics_obtained":["Golden Idol"],"max_hp_gain":0,"max_hp_loss":6,"event_name":"Golden Idol","floor":5,"gold_loss":0},{"damage_healed":0,"gold_gain":99,"player_choice":"Stole From Cult","damage_taken":0,"max_hp_gain":0,"max_hp_loss":0,"event_name":"Nest","floor":19,"gold_loss":0},{"damage_healed":0,"gold_gain":0,"cards_transformed":["Strike_B"],"player_choice":"Transformed","damage_taken":0,"max_hp_gain":0,"max_hp_loss":0,"event_name":"Transmorgrifier","floor":21,"gold_loss":0,"cards_obtained":["Recycle"]},{"damage_healed":0,"gold_gain":0,"player_choice":"Obtained Book","damage_taken":16,"max_hp_gain":0,"max_hp_loss":0,"event_name":"Cursed Tome","floor":27,"gold_loss":0},{"damage_healed":0,"gold_gain":0,"player_choice":"Became a vampire","damage_taken":0,"max_hp_gain":0,"max_hp_loss":21,"event_name":"Vampires","floor":31,"gold_loss":0,"cards_obtained":["Bite","Bite","Bite","Bite","Bite"]}],"is_beta":false,"boss_relics":[{"not_picked":["Astrolabe","SlaversCollar"],"picked":"Philosopher\u0027s Stone"}],"items_purged_floors":[3,28,30],"is_endless":false,"potions_floor_spawned":[1,10,13,14,16,18],"killed_by":"Automaton","ascension_level":7}}