{"host":"sav7uxregyirlf69","time":1609419995,"event":{"mods":["AchievementEnabler","BaseMod","Colored Map","DeckTracker","Keyboard Shortcuts","Minty Spire (QoL Compilation)","READ ME - Guardian Mod","StSLib","SuperFastMode"],"gold_per_floor":[114,129,144,159,159,189,204,204,229,244,274,289,289,304,304,404,404,419,519,534,138,38,68,68,98,98,113,113,113,128,143,143,243,243,258,258,20,35,85,115,115,145,145,175,190,190,205,205,205,205],"floor_reached":51,"playtime":1019,"items_purged":["Strike_B","Strike_B"],"score":864,"play_id":"54ddbc28-036d-4b7c-9fe1-07a4fa4ce573","local_time":"20201231220635","daily_mods":["Heirloom","Time Dilation","Lethality"],"is_ascension_mode":false,"campfire_choices":[{"floor":8,"key":"REST"},{"data":"Beam Cell","floor":13,"key":"SMITH"},{"data":"Go for the Eyes","floor":15,"key":"SMITH"},{"data":"Zap","floor":24,"key":"SMITH"},{"data":"Hologram","floor":28,"key":"SMITH"},{"data":"Barrage","floor":32,"key":"SMITH"},{"data":"Apotheosis","floor":41,"key":"SMITH"},{"data":"Seek","floor":46,"key":"SMITH"},{"data":"Master of Strategy","floor":49,"key":"SMITH"}],"circlet_count":0,"master_deck":["Strike_B","Defend_B","Defend_B","Defend_B","Defend_B","Zap+1","Dualcast","Sweeping Beam","Go for the Eyes+1","Cold Snap","Barrage+1","Beam Cell+1","Chill","FTL","Conserve Battery","Ball Lightning","Gash","Electrodynamics","Undo","Hologram+1","Skim+1","Consume+1","Hologram+1","Coolheaded+1","Thunder Strike","Apotheosis+1","Defragment","Seek+1","Recycle+1","Compile Driver+1","Master of Strategy+1","Master of Strategy"],"relics":["Cracked Core","WingedGreaves","Oddly Smooth Stone","Akabeko","Cables","Inserter","Lee\u0027s Waffle","Bag of Marbles","Mummified Hand","Mercury Hourglass","Lantern","Coffee Dripper","Omamori","Singing Bowl","Symbiotic Virus","Turnip"],"acts_visited":["Exordium","TheCity","TheBeyond"],"potions_floor_usage":[6,16,16,18,23,33,42,50,50,50],"damage_taken":[{"damage":0,"enemies":"Cultist","floor":1,"turns":2},{"damage":3,"enemies":"2 Louse","floor":2,"turns":2},{"damage":5,"enemies":"Jaw Worm","floor":3,"turns":2},{"damage":20,"enemies":"Exordium Thugs","floor":4,"turns":3},{"damage":7,"enemies":"3 Sentries","floor":6,"turns":5},{"damage":7,"enemies":"Blue Slaver","floor":7,"turns":2},{"damage":2,"enemies":"Exordium Wildlife","floor":10,"turns":2},{"damage":0,"enemies":"Lagavulin","floor":11,"turns":3},{"damage":0,"enemies":"Large Slime","floor":12,"turns":1},{"damage":0,"enemies":"3 Louse","floor":14,"turns":2},{"damage":18,"enemies":"Hexaghost","floor":16,"turns":5},{"damage":17,"enemies":"3 Byrds","floor":18,"turns":3},{"damage":1,"enemies":"Spheric Guardian","floor":20,"turns":3},{"damage":28,"enemies":"Slavers","floor":23,"turns":3},{"damage":16,"enemies":"Book of Stabbing","floor":25,"turns":5},{"damage":1,"enemies":"Centurion and Healer","floor":27,"turns":3},{"damage":1,"enemies":"Cultist and Chosen","floor":30,"turns":3},{"damage":0,"enemies":"Chosen and Byrds","floor":31,"turns":3},{"damage":8,"enemies":"Automaton","floor":33,"turns":7},{"damage":0,"enemies":"3 Darklings","floor":35,"turns":2},{"damage":0,"enemies":"Orb Walker","floor":38,"turns":1},{"damage":0,"enemies":"Mind Bloom Boss Battle","floor":39,"turns":3},{"damage":0,"enemies":"Reptomancer","floor":40,"turns":3},{"damage":4,"enemies":"Giant Head","floor":42,"turns":6},{"damage":0,"enemies":"Reptomancer","floor":44,"turns":4},{"damage":0,"enemies":"Sphere and 2 Shapes","floor":45,"turns":2},{"damage":2,"enemies":"Writhing Mass","floor":47,"turns":3},{"damage":13,"enemies":"Donu and Deca","floor":50,"turns":5}],"seed_played":"-5051420239723459148","potions_obtained":[{"floor":1,"key":"SkillPotion"},{"floor":6,"key":"Ancient Potion"},{"floor":7,"key":"Energy Potion"},{"floor":10,"key":"LiquidBronze"},{"floor":12,"key":"PowerPotion"},{"floor":23,"key":"ColorlessPotion"},{"floor":27,"key":"SkillPotion"},{"floor":33,"key":"Explosive Potion"},{"floor":38,"key":"FearPotion"},{"floor":39,"key":"DuplicationPotion"},{"floor":40,"key":"Strength Potion"},{"floor":47,"key":"ColorlessPotion"}],"is_trial":false,"path_per_floor":["M","M","M","M","?","E","M","R","T","M","E","M","R","M","R","B",null,"M","?","M","$","$","E","R","E","T","M","R","?","M","M","R","B",null,"M","?","$","M","?","E","R","E","T","E","M","R","M","?","R","B",null],"character_chosen":"DEFECT","items_purchased":["Lee\u0027s Waffle","LiquidBronze","FearPotion","Hologram","Apotheosis","Defragment"],"campfire_rested":1,"item_purchase_floors":[21,21,21,21,37,37],"current_hp_per_floor":[75,72,67,47,47,40,33,55,55,53,53,53,53,53,53,35,75,58,58,57,82,82,54,54,38,38,37,37,37,36,36,36,28,82,82,82,82,82,82,82,82,78,78,78,80,80,78,70,70,57],"gold":205,"neow_bonus":"","is_daily":true,"chose_seed":false,"campfire_upgraded":8,"win_rate":0.0,"timestamp":1609419995,"path_taken":["M","?","M","M","?","E","M","R","T","M","E","M","R","M","R","BOSS","M","?","M","?","$","E","R","E","T","M","R","?","?","M","R","BOSS","M","?","$","M","?","E","R","E","T","E","?","R","M","?","R","BOSS"],"items_purchased_type":["Relic","Potion","Potion","Card","Card","Card"],"build_version":"2020-12-22","purchased_purges":2,"victory":true,"max_hp_per_floor":[75,75,75,75,75,75,75,75,75,75,75,75,75,75,75,75,75,75,75,75,82,82,82,82,82,82,82,82,82,82,82,82,82,82,82,82,82,82,82,82,82,82,82,82,84,84,84,86,86,86],"card_choices":[{"not_picked":["Skim","Turbo"],"picked":"Sweeping Beam","floor":1},{"not_picked":["Darkness","Aggregate"],"picked":"Go for the Eyes","floor":2},{"not_picked":["Undo","Auto Shields"],"picked":"Cold Snap","floor":3},{"not_picked":["Go for the Eyes","Recycle"],"picked":"Barrage","floor":4},{"not_picked":["Barrage","Sweeping Beam"],"picked":"Beam Cell","floor":6},{"not_picked":["Buffer","Sweeping Beam"],"picked":"Chill","floor":7},{"not_picked":["Rebound","Melter"],"picked":"FTL","floor":10},{"not_picked":["White Noise","Force Field"],"picked":"Conserve Battery","floor":11},{"not_picked":["Rip and Tear","Hologram"],"picked":"Ball Lightning","floor":12},{"not_picked":["Conserve Battery","Coolheaded"],"picked":"Gash","floor":14},{"not_picked":["Rainbow","Thunder Strike"],"picked":"Electrodynamics","floor":16},{"not_picked":["Leap","Go for the Eyes"],"picked":"Undo","floor":18},{"not_picked":["Barrage","Hologram","Rebound+1"],"picked":"SKIP","floor":20},{"not_picked":["Self Repair","Turbo"],"picked":"Skim+1","floor":23},{"not_picked":["Genetic Algorithm","Compile Driver+1"],"picked":"Consume+1","floor":25},{"not_picked":["Reprogram","Go for the Eyes+1"],"picked":"Hologram+1","floor":27},{"not_picked":["Thunder Strike","Beam Cell"],"picked":"Coolheaded+1","floor":30},{"not_picked":["Coolheaded+1","Heatsinks+1","Beam Cell"],"picked":"SKIP","floor":31},{"not_picked":["Reboot","Buffer"],"picked":"Thunder Strike","floor":33},{"not_picked":["Fusion","Undo+1","Coolheaded"],"picked":"SKIP","floor":35},{"not_picked":["BootSequence","Auto Shields","Hologram"],"picked":"SKIP","floor":38},{"not_picked":["Redo","Heatsinks","Scrape"],"picked":"SKIP","floor":40},{"not_picked":["Rebound+1","Ball Lightning+1"],"picked":"Seek","floor":42},{"not_picked":["Reinforced Body","Double Energy"],"picked":"Recycle+1","floor":44},{"not_picked":["Gash","BootSequence+1","Stack+1"],"picked":"Singing Bowl","floor":45},{"not_picked":["Streamline+1","Double Energy+1"],"picked":"Compile Driver+1","floor":47},{"not_picked":["PanicButton","Jack Of All Trades"],"picked":"Master of Strategy","floor":48},{"not_picked":["Madness","Deep Breath"],"picked":"Master of Strategy","floor":48},{"not_picked":["Madness","Swift Strike","Dark Shackles"],"picked":"Singing Bowl","floor":48}],"player_experience":1077806,"relics_obtained":[{"floor":6,"key":"Oddly Smooth Stone"},{"floor":9,"key":"Akabeko"},{"floor":11,"key":"Cables"},{"floor":23,"key":"Bag of Marbles"},{"floor":25,"key":"Mummified Hand"},{"floor":26,"key":"Mercury Hourglass"},{"floor":40,"key":"Omamori"},{"floor":42,"key":"Singing Bowl"},{"floor":43,"key":"Symbiotic Virus"},{"floor":44,"key":"Turnip"}],"event_choices":[{"cards_removed":["Strike_B"],"damage_healed":0,"gold_gain":0,"player_choice":"Offered Basic","damage_taken":0,"max_hp_gain":0,"max_hp_loss":0,"event_name":"Bonfire Elementals","floor":5,"gold_loss":0},{"damage_healed":0,"gold_gain":100,"player_choice":"Pray","damage_taken":0,"max_hp_gain":0,"max_hp_loss":0,"event_name":"Golden Shrine","floor":19,"gold_loss":0},{"damage_healed":0,"gold_gain":0,"player_choice":"Gave Potion","damage_taken":0,"relics_obtained":["Lantern"],"max_hp_gain":0,"max_hp_loss":0,"event_name":"WeMeetAgain","floor":29,"gold_loss":0},{"damage_healed":0,"gold_gain":0,"player_choice":"Ignored","damage_taken":0,"max_hp_gain":0,"max_hp_loss":0,"event_name":"Tomb of Lord Red Mask","floor":36,"gold_loss":0},{"damage_healed":0,"gold_gain":0,"player_choice":"Fight","damage_taken":0,"max_hp_gain":0,"max_hp_loss":0,"event_name":"MindBloom","floor":39,"gold_loss":0},{"damage_healed":0,"gold_gain":0,"player_choice":"Memory 3","damage_taken":10,"max_hp_gain":0,"max_hp_loss":0,"event_name":"SensoryStone","floor":48,"gold_loss":0}],"is_beta":false,"boss_relics":[{"not_picked":["Sozu","Black Star"],"picked":"Inserter"},{"not_picked":["FrozenCore","Empty Cage"],"picked":"Coffee Dripper"}],"items_purged_floors":[21,22],"is_endless":false,"potions_floor_spawned":[1,6,7,10,12,23,27,33,38,39,40,47],"ascension_level":0}}