{"host":"hxb85ejwp6zvj2g7","time":1609379046,"event":{"mods":["BaseMod","BetterRewards","Colored Map","Friendly Minions","Kiyohime（清姬）","Marisa（F雨　魔理沙）","Minty Spire (QoL Compilation)","READ ME - Guardian Mod","READ ME - Snecko Mod","Remilia（蕾米莉亚）","StSLib","The Administrix","The Construct","The Cursed","The Disciple","The Mystic","The Necromancer","The Servant 0.9.4"],"gold_per_floor":[114,133,133,60,83,95,137,174,241,284,313,325,352,380,392,524,536,573,601,712,763,119,158,158,158],"floor_reached":24,"playtime":2874,"items_purged":[],"score":251,"play_id":"bf9b6fe5-923c-4e6a-8248-dad950a183e3","local_time":"20201231094406","is_ascension_mode":false,"campfire_choices":[{"data":"AdministrixMod:ShadowPlay","floor":6.0,"key":"SMITH"},{"floor":15.0,"key":"REST"}],"circlet_count":0,"master_deck":["AdministrixMod:Strike_Administrix","AdministrixMod:Strike_Administrix","AdministrixMod:Strike_Administrix","AdministrixMod:Strike_Administrix","AdministrixMod:RedCloak","AdministrixMod:Defend_Administrix","AdministrixMod:Defend_Administrix","AdministrixMod:Defend_Administrix","AdministrixMod:Defend_Administrix","AdministrixMod:BlueCloak","AdministrixMod:TrickOfTheLight","AdministrixMod:ArmillarySphere+1","AdministrixMod:ShadowPlay+1","AdministrixMod:ExtolVirtue","AdministrixMod:MixOfMercury","AdministrixMod:RebukeDesires","AdministrixMod:SeventeenArticleLaser","Injury","AdministrixMod:NewWardrobe","AdministrixMod:BloodBargain","AdministrixMod:ImmortalClarity","AdministrixMod:Overdrive+1","AdministrixMod:CenturiesAscent","AdministrixMod:FiendishCrimson","AdministrixMod:Convergence","Chrysalis","AdministrixMod:Wuji"],"relics":["AdministrixMod:ConductorRitualBaton","MawBank","Eternal Feather","Odd Mushroom","Bronze Scales","Bag of Marbles","Golden Idol","Fusion Hammer","Red Mask","Toolbox","Pear","Bag of Preparation"],"acts_visited":["Exordium","TheCity"],"potions_floor_usage":[24,24],"damage_taken":[{"damage":3.0,"enemies":"Small Slimes","floor":1.0,"turns":3.0},{"damage":0.0,"enemies":"Cultist","floor":2.0,"turns":4.0},{"damage":4.0,"enemies":"2 Louse","floor":5.0,"turns":3.0},{"damage":11.0,"enemies":"Lagavulin","floor":7.0,"turns":10.0},{"damage":16.0,"enemies":"The Mushroom Lair","floor":8.0,"turns":3.0},{"damage":10.0,"enemies":"Gremlin Nob","floor":10.0,"turns":3.0},{"damage":8.0,"enemies":"Looter","floor":11.0,"turns":3.0},{"damage":11.0,"enemies":"Exordium Wildlife","floor":13.0,"turns":3.0},{"damage":5.0,"enemies":"2 Fungi Beasts","floor":14.0,"turns":2.0},{"damage":31.0,"enemies":"Slime Boss","floor":16.0,"turns":10.0},{"damage":0.0,"enemies":"3 Byrds","floor":18.0,"turns":4.0},{"damage":27.0,"enemies":"Spheric Guardian","floor":19.0,"turns":4.0},{"damage":24,"enemies":"Masked Bandits","floor":21,"turns":5},{"damage":19,"enemies":"Slavers","floor":23,"turns":3},{"damage":26,"enemies":"Centurion and Healer","floor":24,"turns":4}],"seed_played":"9052164545767422297","potions_obtained":[{"floor":5.0,"key":"Block Potion"},{"floor":7.0,"key":"AttackPotion"},{"floor":8.0,"key":"Fruit Juice"},{"floor":13.0,"key":"Weak Potion"},{"floor":21,"key":"GamblersBrew"},{"floor":23,"key":"DistilledChaos"}],"is_trial":false,"path_per_floor":["M","M","?","?","M","R","E","?","T","E","M","?","M","M","R","B",null,"M","M","?","?","$","E","M"],"character_chosen":"TheAdministrix","items_purchased":["Toolbox","Pear","AdministrixMod:Convergence","Chrysalis"],"campfire_rested":1,"item_purchase_floors":[22,22,22,22],"current_hp_per_floor":[68,68,68,68,64,64,53,42,42,32,24,24,13,8,42,11,76,76,49,49,25,35,20,0,0],"gold":158,"neow_bonus":"TEN_PERCENT_HP_BONUS","is_daily":false,"chose_seed":false,"campfire_upgraded":1,"win_rate":0.0,"timestamp":1609379046,"path_taken":["M","M","?","?","?","R","E","?","T","E","M","?","M","M","R","BOSS","M","M","?","?","?","E","?"],"items_purchased_type":["Relic","Relic","Card","Card"],"build_version":"2020-12-22","purchased_purges":0,"victory":false,"max_hp_per_floor":[71,71,71,71,71,71,71,76,76,76,76,76,76,76,76,76,76,76,76,76,76,86,86,86,86],"card_choices":[{"not_picked":["AdministrixMod:CrackingPangu","AdministrixMod:SealAway"],"picked":"AdministrixMod:TrickOfTheLight","floor":1.0},{"not_picked":["AdministrixMod:DiversionaryTactic","AdministrixMod:CrackingPangu"],"picked":"AdministrixMod:ArmillarySphere","floor":2.0},{"not_picked":["AdministrixMod:PassageOfAges","AdministrixMod:Katabasis"],"picked":"AdministrixMod:ShadowPlay","floor":5.0},{"not_picked":["AdministrixMod:SealAway","AdministrixMod:PlateOfAntiquity"],"picked":"AdministrixMod:ExtolVirtue","floor":7.0},{"not_picked":["AdministrixMod:CenturiesAscent","AdministrixMod:RegentEdict"],"picked":"AdministrixMod:MixOfMercury","floor":8.0},{"not_picked":["AdministrixMod:TouchOfCinnabar","AdministrixMod:PlateOfAntiquity"],"picked":"AdministrixMod:RebukeDesires","floor":10.0},{"not_picked":["AdministrixMod:BegetEternity","AdministrixMod:TouchOfCinnabar"],"picked":"AdministrixMod:SeventeenArticleLaser","floor":11.0},{"not_picked":["AdministrixMod:RebukeDesires","AdministrixMod:Convergence"],"picked":"AdministrixMod:NewWardrobe","floor":13.0},{"not_picked":["AdministrixMod:RebukeDesires","AdministrixMod:Transition"],"picked":"AdministrixMod:BloodBargain","floor":14.0},{"not_picked":["AdministrixMod:BattleforgedBonds","AdministrixMod:AmassedMasks"],"picked":"AdministrixMod:ImmortalClarity","floor":16.0},{"not_picked":["AdministrixMod:QuietConspiracy","AdministrixMod:PassageOfAges"],"picked":"AdministrixMod:Overdrive+1","floor":18.0},{"not_picked":["AdministrixMod:GuanyinBlessing","AdministrixMod:BegetEternity"],"picked":"AdministrixMod:CenturiesAscent","floor":19.0},{"not_picked":["AdministrixMod:FuneraryRites+1","AdministrixMod:CrackingPangu"],"picked":"AdministrixMod:FiendishCrimson","floor":21},{"not_picked":["AdministrixMod:RebukeDesires+1","AdministrixMod:FuneraryRites"],"picked":"AdministrixMod:Wuji","floor":23}],"player_experience":84462,"relics_obtained":[{"floor":7.0,"key":"Eternal Feather"},{"floor":8.0,"key":"Odd Mushroom"},{"floor":9.0,"key":"Bronze Scales"},{"floor":10.0,"key":"Bag of Marbles"},{"floor":21,"key":"Red Mask"},{"floor":23,"key":"Bag of Preparation"}],"event_choices":[{"damage_healed":0.0,"max_hp_gain":0.0,"max_hp_loss":0.0,"gold_gain":0.0,"event_name":"Living Wall","player_choice":"Grow","floor":3.0,"gold_loss":0.0,"damage_taken":0.0,"cards_upgraded":["AdministrixMod:ArmillarySphere"]},{"damage_healed":0.0,"max_hp_gain":0.0,"max_hp_loss":0.0,"gold_gain":0.0,"event_name":"WeMeetAgain","player_choice":"Paid Gold","floor":4.0,"gold_loss":73.0,"damage_taken":0.0,"relics_obtained":["MawBank"]},{"damage_healed":0.0,"max_hp_gain":0.0,"max_hp_loss":0.0,"gold_gain":0.0,"event_name":"Mushrooms","player_choice":"Fought Mushrooms","floor":8.0,"gold_loss":0.0,"damage_taken":0.0},{"damage_healed":0.0,"max_hp_gain":0.0,"max_hp_loss":0.0,"gold_gain":0.0,"event_name":"Golden Idol","player_choice":"Take Wound","floor":12.0,"gold_loss":0.0,"damage_taken":0.0,"relics_obtained":["Golden Idol"],"cards_obtained":["Injury"]},{"damage_healed":0.0,"max_hp_gain":0.0,"max_hp_loss":0.0,"gold_gain":99.0,"event_name":"Nest","player_choice":"Stole From Cult","floor":20.0,"gold_loss":0.0,"damage_taken":0.0},{"damage_healed":0,"gold_gain":0,"player_choice":"Fought Bandits","damage_taken":0,"max_hp_gain":0,"max_hp_loss":0,"event_name":"Masked Bandits","floor":21,"gold_loss":0}],"is_beta":false,"boss_relics":[{"not_picked":["Black Star","Calling Bell"],"picked":"Fusion Hammer"}],"items_purged_floors":[],"is_endless":false,"potions_floor_spawned":[5,7,8,13,21,23],"killed_by":"Centurion and Healer","ascension_level":0}}