{"host":"2461dio7vetlq1z3","time":1609428757,"event":{"mods":["2.2 Compatiblity","AchievementEnabler","Aspiration","BaseMod","Better Third Choice","Friendly Minions","Hermit","Minty Spire (QoL Compilation)","Relic Stats","Spicy Shops","StSLib","Waifu the Spire"],"gold_per_floor":[114,129,142,142,152,77,77,96,147,182,182,192,223,25,25,101,101,114,126,126,126,126],"floor_reached":21,"playtime":806,"items_purged":[],"score":382,"play_id":"da2482a6-b2e8-4460-b701-75e43a698c68","local_time":"20201231163237","is_ascension_mode":true,"campfire_choices":[{"data":"Dualcast","floor":7,"key":"SMITH"},{"floor":11,"key":"REST"},{"data":"Capacitor","floor":15,"key":"SMITH"}],"circlet_count":0,"master_deck":["AscendersBane","Strike_B","Strike_B","Defend_B","Defend_B","Defend_B+1","Defend_B","Zap","Dualcast+1","Barrage","Streamline","Rebound","Ball Lightning","BootSequence","Capacitor+1","Glacier","Sweeping Beam","Tempest","Biased Cognition","Disarm+1","Auto Shields+1","Writhe"],"relics":["Cracked Core","Regal Pillow","aspiration:FrozenJewel","Vajra","Chemical X","aspiration:IroncladSkillbook","War Paint"],"acts_visited":["Exordium","TheCity"],"potions_floor_usage":[10,13,21],"damage_taken":[{"damage":1,"enemies":"Cultist","floor":1,"turns":3},{"damage":4,"enemies":"Jaw Worm","floor":2,"turns":4},{"damage":10,"enemies":"Small Slimes","floor":3,"turns":3},{"damage":12,"enemies":"Looter","floor":5,"turns":3},{"damage":4,"enemies":"2 Fungi Beasts","floor":8,"turns":2},{"damage":25,"enemies":"3 Sentries","floor":10,"turns":6},{"damage":4,"enemies":"Exordium Thugs","floor":12,"turns":4},{"damage":9,"enemies":"Gremlin Nob","floor":13,"turns":3},{"damage":10,"enemies":"The Guardian","floor":16,"turns":11},{"damage":23,"enemies":"2 Thieves","floor":18,"turns":4},{"damage":21,"enemies":"3 Byrds","floor":19,"turns":4},{"damage":29,"enemies":"Cultist and Chosen","floor":21,"turns":4}],"seed_played":"4169886259699012874","potions_obtained":[{"floor":2,"key":"PotionOfCapacity"},{"floor":3,"key":"Weak Potion"},{"floor":8,"key":"DuplicationPotion"},{"floor":16,"key":"Fruit Juice"},{"floor":19,"key":"Block Potion"}],"is_trial":false,"path_per_floor":["M","M","M","?","M","?","R","M","T","E","R","M","E","$","R","B",null,"M","M","?","M"],"character_chosen":"DEFECT","items_purchased":["Chemical X","Tempest"],"campfire_rested":1,"item_purchase_floors":[14,14],"current_hp_per_floor":[70,66,56,49,37,37,37,33,33,8,46,42,33,33,33,23,64,45,28,28,0,0],"gold":126,"neow_bonus":"TEN_PERCENT_HP_BONUS","is_daily":false,"chose_seed":false,"campfire_upgraded":2,"win_rate":0.0,"timestamp":1609428757,"path_taken":["M","M","M","?","M","?","R","M","T","E","R","M","E","?","R","BOSS","M","M","?","M"],"items_purchased_type":["Relic","Card"],"build_version":"2020-12-22","purchased_purges":0,"victory":false,"max_hp_per_floor":[78,78,78,78,78,78,78,78,78,78,78,78,78,78,78,78,78,78,78,78,78,78],"relic_stats":{"Regal Pillow":15,"counters":[12,51],"Chemical X":[5],"War Paint":["Defend_B","Auto Shields"],"obtain_stats":[{"Regal Pillow":9,"Vajra":13,"Chemical X":14,"War Paint":20,"Cracked Core":0,"aspiration:FrozenJewel":10,"aspiration:IroncladSkillbook":17},{"Regal Pillow":5,"Vajra":8,"Chemical X":8,"War Paint":11,"Cracked Core":0,"aspiration:FrozenJewel":6,"aspiration:IroncladSkillbook":9},{"Regal Pillow":15,"Vajra":28,"Chemical X":28,"War Paint":47,"Cracked Core":0,"aspiration:FrozenJewel":21,"aspiration:IroncladSkillbook":39}]},"card_choices":[{"not_picked":["Coolheaded","Turbo"],"picked":"Barrage","floor":1},{"not_picked":["Chaos","Stack"],"picked":"Streamline","floor":2},{"not_picked":["Redo","Go for the Eyes"],"picked":"Rebound","floor":3},{"not_picked":["Go for the Eyes","Cold Snap"],"picked":"Ball Lightning","floor":5},{"not_picked":["Cold Snap","Meteor Strike"],"picked":"BootSequence","floor":8},{"not_picked":["Sunder","Steam Power"],"picked":"Capacitor","floor":10},{"not_picked":["Doom and Gloom","Stack"],"picked":"Glacier","floor":12},{"not_picked":["Redo","Stack"],"picked":"Sweeping Beam","floor":13},{"not_picked":["Thunder Strike","Fission"],"picked":"Biased Cognition","floor":16},{"not_picked":["aspiration:Polymerization","Iron Wave","Steam+1"],"picked":"Disarm+1","floor":18},{"not_picked":["Fire Breathing","Uppercut","Headbutt"],"picked":"Auto Shields","floor":19}],"player_experience":1043190,"relics_obtained":[{"floor":9,"key":"Regal Pillow"},{"floor":10,"key":"aspiration:FrozenJewel"},{"floor":13,"key":"Vajra"}],"event_choices":[{"cards_removed":["Strike_B"],"damage_healed":0,"gold_gain":0,"player_choice":"Card Removal","damage_taken":7,"max_hp_gain":0,"max_hp_loss":0,"event_name":"Golden Wing","floor":4,"gold_loss":0},{"cards_removed":["Strike_B"],"damage_healed":0,"gold_gain":0,"player_choice":"Card Removal","damage_taken":0,"max_hp_gain":0,"max_hp_loss":0,"event_name":"The Cleric","floor":6,"gold_loss":75},{"damage_healed":0,"gold_gain":0,"player_choice":"Opened","damage_taken":0,"relics_obtained":["War Paint"],"max_hp_gain":0,"max_hp_loss":0,"event_name":"The Mausoleum","floor":20,"gold_loss":0,"cards_obtained":["Writhe"]}],"is_beta":false,"boss_relics":[{"not_picked":["Calling Bell","Cursed Key"],"picked":"aspiration:IroncladSkillbook"}],"items_purged_floors":[],"is_endless":false,"potions_floor_spawned":[2,3,8,16,19],"killed_by":"Cultist and Chosen","ascension_level":20}}