{"host":"udzsrhbqdxqtlypj","time":1609457315,"event":{"mods":["BaseMod","Minty Spire (QoL Compilation)","Relic Stats"],"gold_per_floor":[113,131,131,131,154,154,170,205,230,230,230,230,81,115,115,240,240,258,258,272,272,295,336,336,261,261,304,102,201,237,260,260,385,385,403,419,419,419,128,128,169,169,169,169,232,267,267,267,267,267,267,267,30,73,73],"floor_reached":56,"playtime":3484,"items_purged":["Strike_G","Strike_G","Strike_G","Defend_G"],"score":1898,"play_id":"90acc7c8-d12c-4ca1-b5f1-cfc2a0ff627b","local_time":"20201231172835","is_ascension_mode":true,"campfire_choices":[{"data":"Neutralize","floor":6.0,"key":"SMITH"},{"data":"Noxious Fumes","floor":10.0,"key":"SMITH"},{"floor":12.0,"key":"REST"},{"data":"Acrobatics","floor":15.0,"key":"SMITH"},{"data":"Catalyst","floor":24.0,"key":"SMITH"},{"data":"Burst","floor":32.0,"key":"SMITH"},{"data":"Enlightenment","floor":40.0,"key":"SMITH"},{"data":"Defend_G","floor":42.0,"key":"PURGE"},{"floor":44.0,"key":"RECALL"},{"data":"Crippling Poison","floor":49.0,"key":"SMITH"},{"data":"Venomology","floor":52.0,"key":"SMITH"}],"circlet_count":0,"master_deck":["AscendersBane","Defend_G","Defend_G","Defend_G","Survivor","Neutralize+1","Underhanded Strike","Dagger Throw","Tactician","PiercingWail","Noxious Fumes+1","Deadly Poison","Acrobatics+1","Corpse Explosion","CurseOfTheBell","Catalyst+1","Corpse Explosion","Ghostly","Ghostly","Ghostly","Ghostly","Ghostly","Backflip+1","Crippling Poison+1","Burst+1","Catalyst+1","Venomology+1","Blur+1","Swift Strike","Enlightenment+1","Tactician+1","Burst+1","Caltrops","Catalyst"],"relics":["Ring of the Snake","Lizard Tail","Golden Idol","Regal Pillow","Juzu Bracelet","Potion Belt","Calling Bell","Smiling Mask","Pear","Pocketwatch","Lantern","Sundial","Bottled Flame","Lee\u0027s Waffle","Kunai","SacredBark","Oddly Smooth Stone","Peace Pipe","TungstenRod","Darkstone Periapt","Akabeko"],"acts_visited":["Exordium","TheCity","TheBeyond","TheEnding"],"potions_floor_usage":[55,55,55,55,55,55],"damage_taken":[{"damage":2.0,"enemies":"Small Slimes","floor":1.0,"turns":6.0},{"damage":0.0,"enemies":"2 Louse","floor":2.0,"turns":3.0},{"damage":0.0,"enemies":"Jaw Worm","floor":5.0,"turns":3.0},{"damage":1.0,"enemies":"Exordium Wildlife","floor":7.0,"turns":6.0},{"damage":33.0,"enemies":"Lagavulin","floor":8.0,"turns":12.0},{"damage":19.0,"enemies":"3 Sentries","floor":14.0,"turns":6.0},{"damage":38.0,"enemies":"Slime Boss","floor":16.0,"turns":10.0},{"damage":3.0,"enemies":"Spheric Guardian","floor":18.0,"turns":5.0},{"damage":14.0,"enemies":"2 Thieves","floor":20.0,"turns":3.0},{"damage":4.0,"enemies":"Cultist and Chosen","floor":22.0,"turns":5.0},{"damage":7.0,"enemies":"Book of Stabbing","floor":23.0,"turns":7.0},{"damage":6.0,"enemies":"Gremlin Leader","floor":27.0,"turns":7.0},{"damage":6.0,"enemies":"Slavers","floor":30.0,"turns":4.0},{"damage":6.0,"enemies":"Snake Plant","floor":31.0,"turns":5.0},{"damage":12.0,"enemies":"Champ","floor":33.0,"turns":8.0},{"damage":6.0,"enemies":"3 Darklings","floor":35.0,"turns":5.0},{"damage":2.0,"enemies":"3 Shapes","floor":36.0,"turns":2.0},{"damage":4.0,"enemies":"Giant Head","floor":41.0,"turns":7.0},{"damage":3.0,"enemies":"Mind Bloom Boss Battle","floor":45.0,"turns":6.0},{"damage":0.0,"enemies":"Nemesis","floor":46.0,"turns":7.0},{"damage":19.0,"enemies":"Awakened One","floor":50.0,"turns":14.0},{"damage":0.0,"enemies":"Shield and Spear","floor":54.0,"turns":6.0},{"damage":0,"enemies":"The Heart","floor":55,"turns":3}],"seed_played":"7415913281206917188","potions_obtained":[{"floor":2.0,"key":"DistilledChaos"},{"floor":7.0,"key":"SpeedPotion"},{"floor":16.0,"key":"Swift Potion"},{"floor":22.0,"key":"ColorlessPotion"},{"floor":23.0,"key":"ColorlessPotion"},{"floor":30.0,"key":"Explosive Potion"},{"floor":35.0,"key":"LiquidMemories"},{"floor":54.0,"key":"FairyPotion"}],"is_trial":false,"path_per_floor":["M","M","?","?","M","R","M","E","T","R","?","R","$","E","R","B",null,"M","?","M","?","M","E","R","?","T","E","$","?","E","M","R","B",null,"M","M","?","?","$","R","E","R","T","R","?","E","?","?","R","B",null,"R","$","E","B",null],"character_chosen":"THE_SILENT","items_purchased":["Deadly Poison","PowerPotion","Lee\u0027s Waffle","Oddly Smooth Stone","Enlightenment","Caltrops","SkillPotion","BlessingOfTheForge","Strength Potion"],"campfire_rested":1,"item_purchase_floors":[13,13,28,39,39,53,53,53,53],"current_hp_per_floor":[43,43,43,48,48,48,47,14,14,14,14,50,50,31,31,33,71,68,68,54,40,36,29,29,29,29,23,47,47,41,35,35,23,41,35,33,28,28,28,28,24,24,24,24,21,21,21,21,21,42,44,44,44,44,44],"gold":73,"neow_bonus":"ONE_RARE_RELIC","is_daily":false,"chose_seed":false,"campfire_upgraded":8,"win_rate":0.0,"timestamp":1609457315,"path_taken":["M","M","?","?","M","R","M","E","T","R","?","R","?","E","R","BOSS","M","?","M","?","M","E","R","?","T","E","?","?","E","M","R","BOSS","M","M","?","?","$","R","E","R","T","R","?","E","?","?","R","BOSS","R","$","E","BOSS"],"items_purchased_type":["Card","Potion","Relic","Relic","Card","Card","Potion","Potion","Potion"],"build_version":"2020-12-22","purchased_purges":4,"victory":true,"max_hp_per_floor":[70,70,65,70,70,70,70,70,70,70,70,70,70,70,70,70,80,80,80,80,40,40,40,40,40,40,40,47,47,47,47,47,47,47,47,47,47,47,47,47,47,47,47,47,47,47,45,45,45,45,45,45,45,45,45],"relic_stats":{"Darkstone Periapt":0,"Regal Pillow":15,"Lee\u0027s Waffle":24,"counters":[23,140],"Golden Idol":208,"Juzu Bracelet":0,"Smiling Mask":225,"Peace Pipe":1,"Lizard Tail":35,"Sundial":[8],"Kunai":[4],"obtain_stats":[{"Potion Belt":14,"Darkstone Periapt":46,"Regal Pillow":8,"Lantern":23,"Lee\u0027s Waffle":28,"Pear":17,"Golden Idol":3,"SacredBark":34,"Oddly Smooth Stone":39,"Juzu Bracelet":9,"Smiling Mask":17,"Akabeko":54,"Calling Bell":17,"Peace Pipe":41,"Lizard Tail":0,"Bottled Flame":27,"Sundial":26,"Kunai":30,"TungstenRod":45,"Ring of the Snake":0,"Pocketwatch":17},{"Potion Belt":6,"Darkstone Periapt":20,"Regal Pillow":5,"Lantern":11,"Lee\u0027s Waffle":12,"Pear":7,"Golden Idol":2,"SacredBark":15,"Oddly Smooth Stone":17,"Juzu Bracelet":5,"Smiling Mask":7,"Akabeko":22,"Calling Bell":7,"Peace Pipe":18,"Lizard Tail":0,"Bottled Flame":12,"Sundial":11,"Kunai":13,"TungstenRod":19,"Ring of the Snake":0,"Pocketwatch":7},{"Potion Belt":36,"Darkstone Periapt":117,"Regal Pillow":30,"Lantern":66,"Lee\u0027s Waffle":73,"Pear":46,"Golden Idol":9,"SacredBark":90,"Oddly Smooth Stone":97,"Juzu Bracelet":30,"Smiling Mask":46,"Akabeko":137,"Calling Bell":46,"Peace Pipe":104,"Lizard Tail":0,"Bottled Flame":73,"Sundial":66,"Kunai":77,"TungstenRod":110,"Ring of the Snake":0,"Pocketwatch":46}],"TungstenRod":30,"Ring of the Snake":[46],"Pocketwatch":[120]},"card_choices":[{"not_picked":["Outmaneuver","Acrobatics"],"picked":"Underhanded Strike","floor":1.0},{"not_picked":["Poisoned Stab","Bane"],"picked":"Dagger Throw","floor":2.0},{"not_picked":["Finisher","Dagger Throw"],"picked":"Tactician","floor":5.0},{"not_picked":["Cloak And Dagger","Dagger Throw"],"picked":"PiercingWail","floor":7.0},{"not_picked":["Doppelganger","Cloak And Dagger"],"picked":"Noxious Fumes","floor":8.0},{"not_picked":["Night Terror","Deflect"],"picked":"Acrobatics","floor":14.0},{"not_picked":["After Image","Grand Finale"],"picked":"Corpse Explosion","floor":16.0},{"not_picked":["Dash","Acrobatics"],"picked":"Catalyst","floor":18.0},{"not_picked":["Expertise","Endless Agony","Backflip"],"picked":"SKIP","floor":20.0},{"not_picked":["Prepared","Terror"],"picked":"Backflip+1","floor":22.0},{"not_picked":["Prepared","Riddle With Holes+1","Flying Knee"],"picked":"SKIP","floor":23.0},{"not_picked":["Deflect","Quick Slash"],"picked":"Crippling Poison","floor":27.0},{"not_picked":["Reflex","Masterful Stab+1"],"picked":"Burst","floor":30.0},{"not_picked":["Slice","Prepared"],"picked":"Catalyst+1","floor":31.0},{"not_picked":["Phantasmal Killer","A Thousand Cuts"],"picked":"Venomology","floor":33.0},{"not_picked":["Concentrate","Dagger Throw+1"],"picked":"Blur+1","floor":35.0},{"not_picked":["Endless Agony","Sucker Punch","Underhanded Strike+1"],"picked":"SKIP","floor":36.0},{"not_picked":["Finesse","Chrysalis"],"picked":"Swift Strike","floor":37.0},{"not_picked":["Dagger Throw+1","Backflip","Distraction+1"],"picked":"SKIP","floor":41.0},{"not_picked":["Heel Hook","Poisoned Stab"],"picked":"Tactician+1","floor":46.0},{"not_picked":["Outmaneuver+1","Adrenaline"],"picked":"Catalyst","floor":54.0}],"player_experience":2775503,"relics_obtained":[{"floor":8.0,"key":"Regal Pillow"},{"floor":9.0,"key":"Juzu Bracelet"},{"floor":14.0,"key":"Potion Belt"},{"floor":17.0,"key":"Smiling Mask"},{"floor":17.0,"key":"Pear"},{"floor":17.0,"key":"Pocketwatch"},{"floor":23.0,"key":"Lantern"},{"floor":26.0,"key":"Sundial"},{"floor":27.0,"key":"Bottled Flame"},{"floor":30.0,"key":"Kunai"},{"floor":41.0,"key":"Peace Pipe"},{"floor":45.0,"key":"TungstenRod"},{"floor":46.0,"key":"Darkstone Periapt"},{"floor":54.0,"key":"Akabeko"}],"event_choices":[{"damage_healed":0.0,"max_hp_gain":0.0,"max_hp_loss":5.0,"gold_gain":0.0,"event_name":"Golden Idol","player_choice":"Lose Max HP","floor":3.0,"gold_loss":0.0,"damage_taken":0.0,"relics_obtained":["Golden Idol"]},{"damage_healed":0.0,"max_hp_gain":5.0,"max_hp_loss":0.0,"gold_gain":0.0,"event_name":"Big Fish","player_choice":"Donut","floor":4.0,"gold_loss":0.0,"damage_taken":0.0},{"damage_healed":0.0,"max_hp_gain":0.0,"max_hp_loss":0.0,"gold_gain":0.0,"event_name":"Dead Adventurer","player_choice":"Searched \u00270\u0027 times","floor":11.0,"gold_loss":0.0,"damage_taken":0.0},{"damage_healed":0.0,"max_hp_gain":0.0,"max_hp_loss":0.0,"gold_gain":0.0,"event_name":"The Library","player_choice":"Read","floor":19.0,"gold_loss":0.0,"damage_taken":0.0,"cards_obtained":["Corpse Explosion"]},{"damage_healed":0.0,"max_hp_gain":0.0,"max_hp_loss":40.0,"gold_gain":0.0,"event_name":"Ghosts","player_choice":"Became a Ghost","floor":21.0,"gold_loss":0.0,"damage_taken":0.0,"cards_obtained":["Ghostly","Ghostly","Ghostly","Ghostly","Ghostly"]},{"cards_removed":["Strike_G"],"damage_healed":0.0,"max_hp_gain":0.0,"max_hp_loss":0.0,"gold_gain":0.0,"event_name":"Beggar","player_choice":"Gave Gold","floor":25.0,"gold_loss":75.0,"damage_taken":0.0},{"damage_healed":0.0,"max_hp_gain":0.0,"max_hp_loss":0.0,"gold_gain":99.0,"event_name":"Nest","player_choice":"Stole From Cult","floor":29.0,"gold_loss":0.0,"damage_taken":0.0},{"damage_healed":0.0,"max_hp_gain":0.0,"max_hp_loss":0.0,"gold_gain":0.0,"event_name":"SensoryStone","player_choice":"Memory 2","floor":37.0,"gold_loss":0.0,"damage_taken":5.0},{"cards_removed":["Strike_G"],"damage_healed":0.0,"max_hp_gain":0.0,"max_hp_loss":0.0,"gold_gain":0.0,"event_name":"Falling","player_choice":"Removed Attack","floor":38.0,"gold_loss":0.0,"damage_taken":0.0},{"damage_healed":0.0,"max_hp_gain":0.0,"max_hp_loss":0.0,"gold_gain":0.0,"event_name":"MindBloom","player_choice":"Fight","floor":45.0,"gold_loss":0.0,"damage_taken":0.0},{"damage_healed":0.0,"max_hp_gain":0.0,"max_hp_loss":2.0,"gold_gain":0.0,"event_name":"Winding Halls","player_choice":"Max HP","floor":47.0,"gold_loss":0.0,"damage_taken":0.0},{"damage_healed":0.0,"max_hp_gain":0.0,"max_hp_loss":0.0,"gold_gain":0.0,"event_name":"Duplicator","player_choice":"Copied","floor":48.0,"gold_loss":0.0,"damage_taken":0.0,"cards_obtained":["Burst"]}],"is_beta":false,"boss_relics":[{"not_picked":["Black Star","Tiny House"],"picked":"Calling Bell"},{"not_picked":["Runic Dome","Philosopher\u0027s Stone"],"picked":"SacredBark"}],"items_purged_floors":[13,28,39,53],"is_endless":false,"potions_floor_spawned":[2,7,16,22,23,30,35,54],"ascension_level":10}}