{"host":"2461dio7vetlq1z3","time":1609426951,"event":{"mods":["2.2 Compatiblity","AchievementEnabler","Aspiration","BaseMod","Better Third Choice","Friendly Minions","Hermit","Minty Spire (QoL Compilation)","Relic Stats","Spicy Shops","StSLib","Waifu the Spire"],"gold_per_floor":[118,118,118,130,145,180,180,212,212,212,212],"floor_reached":10,"playtime":292,"items_purged":[],"score":152,"play_id":"1e44007e-6510-4ef0-9fdd-4580c610ebe2","local_time":"20201231160231","is_ascension_mode":true,"campfire_choices":[{"floor":7.0,"key":"REST"}],"circlet_count":0,"master_deck":["AscendersBane","Strike_B","Strike_B","Strike_B","Strike_B","Defend_B","Defend_B","Defend_B","Defend_B","Zap","Dualcast","Hello World","Decay","Go for the Eyes","Melter","Reboot","Rip and Tear"],"relics":["Cracked Core","aspiration:DSix","aspiration:HatOfInfinitePower","Dead Branch"],"acts_visited":["Exordium"],"potions_floor_usage":[],"damage_taken":[{"damage":2.0,"enemies":"Jaw Worm","floor":1.0,"turns":3.0},{"damage":6.0,"enemies":"2 Louse","floor":4.0,"turns":2.0},{"damage":2.0,"enemies":"Cultist","floor":5.0,"turns":4.0},{"damage":22.0,"enemies":"Gremlin Nob","floor":6.0,"turns":4.0},{"damage":32.0,"enemies":"3 Sentries","floor":8.0,"turns":6.0},{"damage":28,"enemies":"Lagavulin","floor":10,"turns":3}],"seed_played":"5115740879704838757","potions_obtained":[{"floor":1.0,"key":"SteroidPotion"},{"floor":4.0,"key":"Weak Potion"},{"floor":5.0,"key":"Block Potion"}],"is_trial":false,"path_per_floor":["M","?","?","M","M","E","R","E","T","E"],"character_chosen":"DEFECT","items_purchased":[],"campfire_rested":1,"item_purchase_floors":[],"current_hp_per_floor":[62,62,62,56,54,32,53,21,21,0,0],"gold":212,"neow_bonus":"DSIX","is_daily":false,"chose_seed":false,"campfire_upgraded":0,"win_rate":0.0,"timestamp":1609426951,"path_taken":["M","?","?","M","?","E","R","E","T","E"],"items_purchased_type":[],"build_version":"2020-12-22","purchased_purges":0,"victory":false,"max_hp_per_floor":[71,71,71,71,71,71,71,71,71,71,71],"relic_stats":{"counters":[6,22],"Dead Branch":[2],"obtain_stats":[{"Dead Branch":8,"Cracked Core":0,"aspiration:DSix":0,"aspiration:HatOfInfinitePower":6},{"Dead Branch":5,"Cracked Core":0,"aspiration:DSix":0,"aspiration:HatOfInfinitePower":4},{"Dead Branch":19,"Cracked Core":0,"aspiration:DSix":0,"aspiration:HatOfInfinitePower":13}]},"card_choices":[{"not_picked":["Steam Power","Leap"],"picked":"Hello World","floor":1.0},{"not_picked":["Barrage","Stack"],"picked":"Go for the Eyes","floor":4.0},{"not_picked":["Compile Driver","Steam"],"picked":"Melter","floor":5.0},{"not_picked":["Beam Cell","Turbo"],"picked":"Reboot","floor":6.0},{"not_picked":["Stack","Rebound"],"picked":"Rip and Tear","floor":8}],"player_experience":1041934,"relics_obtained":[{"floor":6.0,"key":"aspiration:HatOfInfinitePower"},{"floor":8,"key":"Dead Branch"}],"event_choices":[{"damage_healed":0.0,"max_hp_gain":0.0,"max_hp_loss":0.0,"gold_gain":0.0,"event_name":"betterThird:BetterSerpent","player_choice":"Ignored","floor":2.0,"gold_loss":0.0,"damage_taken":118.0},{"damage_healed":0.0,"max_hp_gain":0.0,"max_hp_loss":0.0,"gold_gain":0.0,"event_name":"Wheel of Change","player_choice":"Cursed","floor":3.0,"gold_loss":0.0,"damage_taken":0.0,"cards_obtained":["Decay"]}],"is_beta":false,"boss_relics":[],"items_purged_floors":[],"is_endless":false,"potions_floor_spawned":[1,4,5],"killed_by":"Lagavulin","ascension_level":20}}