{"host":"0cgp910o8339lr91","time":1609384543,"event":{"mods":["BaseMod","Colored Map","Filter the Spire","Minty Spire (QoL Compilation)","Relic Stats","Slay-I","ojb\u0027s Better Paths Mod","ojb\u0027s Info Mod"],"gold_per_floor":[109,129,204,217,69,97,97,97,97],"floor_reached":8,"playtime":536,"items_purged":[],"score":112,"play_id":"c56697a7-9961-41df-ace4-904da4520e10","local_time":"20201231041543","is_ascension_mode":true,"campfire_choices":[{"data":"Acrobatics","floor":7,"key":"SMITH"}],"circlet_count":0,"master_deck":["AscendersBane","Strike_G","Strike_G","Strike_G","Strike_G","Strike_G","Defend_G","Defend_G+1","Defend_G","Defend_G+1","Defend_G","Survivor","Neutralize","Eviscerate","Underhanded Strike","Acrobatics+1","Eviscerate"],"relics":["Ring of the Snake","Tough Bandages","War Paint"],"acts_visited":["Exordium"],"potions_floor_usage":[6,6],"damage_taken":[{"damage":0,"enemies":"2 Louse","floor":1,"turns":4},{"damage":12,"enemies":"Small Slimes","floor":2,"turns":3},{"damage":0,"enemies":"Cultist","floor":4,"turns":3},{"damage":10,"enemies":"3 Sentries","floor":6,"turns":7},{"damage":26,"enemies":"Gremlin Nob","floor":8,"turns":3}],"seed_played":"2779052220831489786","potions_obtained":[{"floor":1,"key":"Block Potion"},{"floor":4,"key":"Block Potion"}],"is_trial":false,"path_per_floor":["M","M","?","M","$","E","R","E"],"character_chosen":"THE_SILENT","items_purchased":["Acrobatics","Eviscerate"],"campfire_rested":0,"item_purchase_floors":[5,5],"current_hp_per_floor":[44,32,21,21,21,11,11,0,0],"gold":97,"neow_bonus":"ONE_RARE_RELIC","is_daily":false,"chose_seed":false,"campfire_upgraded":1,"win_rate":0.0,"timestamp":1609384543,"path_taken":["M","M","?","M","$","E","R","E"],"items_purchased_type":["Card","Card"],"build_version":"2020-12-22","purchased_purges":0,"victory":false,"max_hp_per_floor":[66,66,66,66,66,66,66,66,66],"relic_stats":{"Tough Bandages":[18],"counters":[5,20],"War Paint":["Defend_G","Defend_G"],"obtain_stats":[{"Tough Bandages":0,"War Paint":6,"Ring of the Snake":0},{"Tough Bandages":0,"War Paint":4,"Ring of the Snake":0},{"Tough Bandages":0,"War Paint":17,"Ring of the Snake":0}],"Ring of the Snake":[10]},"card_choices":[{"not_picked":["Outmaneuver","Deadly Poison"],"picked":"Eviscerate","floor":1},{"not_picked":["Heel Hook","Deflect","Expertise"],"picked":"SKIP","floor":2},{"not_picked":["Bane","Poisoned Stab"],"picked":"Underhanded Strike","floor":4},{"not_picked":["Dash","Outmaneuver","Endless Agony"],"picked":"SKIP","floor":6}],"player_experience":1276894,"relics_obtained":[{"floor":6,"key":"War Paint"}],"event_choices":[{"damage_healed":0,"gold_gain":75,"player_choice":"Gather Gold","damage_taken":11,"max_hp_gain":0,"max_hp_loss":0,"event_name":"World of Goop","floor":3,"gold_loss":0}],"is_beta":false,"boss_relics":[],"items_purged_floors":[],"is_endless":false,"potions_floor_spawned":[1,4],"killed_by":"Gremlin Nob","ascension_level":20}}