{"host":"nzq3d31h1j2g5t95","time":1609382269,"event":{"mods":["BaseMod","Hubris","KinomotoSakuraMod(Ä¾Ö®±¾Ó£)","Minty Spire (QoL Compilation)","StSLib","[IsaacMod]ÒÔÈö¼âËþ"],"gold_per_floor":[133,308,46,46,76,76,128,163,163,228,258,324,395,405,405,583,583,603,617,630,630,630,684,684,716,743,743,743],"floor_reached":27,"playtime":974,"items_purged":["Doubt"],"score":436,"play_id":"4aaf7d7a-c58b-45d0-bd83-c7dead6651bf","local_time":"20201231103749","is_ascension_mode":true,"campfire_choices":[{"data":"HandOfGreed","floor":6,"key":"SMITH"},{"data":"BettingIsNotGood","floor":15,"key":"SMITH"},{"data":"Demon Form","floor":24,"key":"SMITH"}],"circlet_count":0,"master_deck":["Strike_R","Strike_R","Strike_R","Defend_R","Defend_R","Defend_R","Bash","BettingIsNotGood+1","Seeing Red","HandOfGreed+1","Spot Weakness","Battle Trance","hubris:SharpeningStone","Demon Form+1","Heavy Blade+1","Spot Weakness","Pummel","Inflame"],"relics":["HushsDoor","D4","YumHeart","BookofShadows","The Courier","Omamori","Anchor","Empty Cage","hubris:Stopwatch","Succubus","hubris:SlimyHat","Bag of Marbles","Nunchaku","Vajra"],"acts_visited":["Exordium","TheCity"],"potions_floor_usage":[12,13,13,16,16,23,25,27],"damage_taken":[{"damage":0,"enemies":"Small Slimes","floor":1,"turns":3},{"damage":0,"enemies":"2 Louse","floor":5,"turns":2},{"damage":0,"enemies":"3 Sentries","floor":7,"turns":5},{"damage":1,"enemies":"Jaw Worm","floor":8,"turns":2},{"damage":27,"enemies":"Gremlin Gang","floor":10,"turns":4},{"damage":3,"enemies":"Gremlin Nob","floor":11,"turns":3},{"damage":4,"enemies":"Large Slime","floor":12,"turns":2},{"damage":6,"enemies":"Lagavulin","floor":13,"turns":3},{"damage":11,"enemies":"Looter","floor":14,"turns":1},{"damage":30,"enemies":"Hexaghost","floor":16,"turns":6},{"damage":12,"enemies":"2 Thieves","floor":18,"turns":2},{"damage":0,"enemies":"Spheric Guardian","floor":19,"turns":1},{"damage":0,"enemies":"Snake Plant","floor":20,"turns":2},{"damage":41,"enemies":"Slavers","floor":23,"turns":3},{"damage":31,"enemies":"Book of Stabbing","floor":25,"turns":4},{"damage":6,"enemies":"Snecko","floor":27,"turns":1}],"seed_played":"-3781959950094532970","potions_obtained":[{"floor":5,"key":"Fire Potion"},{"floor":7,"key":"SkillPotion"},{"floor":8,"key":"PowerPotion"},{"floor":12,"key":"BlessingOfTheForge"},{"floor":13,"key":"Ancient Potion"},{"floor":14,"key":"Strength Potion"},{"floor":16,"key":"LiquidBronze"},{"floor":19,"key":"Regen Potion"},{"floor":23,"key":"Fire Potion"}],"is_trial":false,"path_per_floor":["M","?","$","?","M","R","E","M","T","M","E","M","E","M","R","B",null,"M","M","M","?","?","E","R","E","T","M"],"character_chosen":"IRONCLAD","items_purchased":["HandOfGreed"],"campfire_rested":0,"item_purchase_floors":[3],"current_hp_per_floor":[80,80,80,68,69,69,70,75,75,49,52,49,44,34,34,5,67,80,80,80,65,65,34,34,3,3,0,0],"gold":743,"neow_bonus":"BOSS_RELIC","is_daily":false,"chose_seed":false,"campfire_upgraded":3,"win_rate":0.0,"timestamp":1609382269,"path_taken":["M","?","$","?","M","R","E","M","T","M","E","M","E","M","R","BOSS","M","M","M","?","?","E","R","E","T","M"],"items_purchased_type":["Card"],"build_version":"2020-12-22","purchased_purges":1,"victory":false,"max_hp_per_floor":[87,87,87,87,87,87,87,87,87,87,87,87,87,87,87,87,87,87,87,87,87,87,87,87,87,87,87,87],"card_choices":[{"not_picked":[],"picked":"BettingIsNotGood","floor":0},{"not_picked":["Evolve","Iron Wave"],"picked":"Seeing Red","floor":1},{"not_picked":["Twin Strike","Infernal Blade"],"picked":"Spot Weakness","floor":5},{"not_picked":["Metallicize","Immolate","Combust"],"picked":"SKIP","floor":7},{"not_picked":["Body Slam","Second Wind","Iron Wave"],"picked":"SKIP","floor":8},{"not_picked":["Warcry","Shrug It Off"],"picked":"Battle Trance","floor":10},{"not_picked":["Ghostly Armor","Wild Strike","Bomb"],"picked":"SKIP","floor":11},{"not_picked":["Entrench","Bomb","Thunderclap"],"picked":"SKIP","floor":12},{"not_picked":["Rampage","Hemokinesis"],"picked":"hubris:SharpeningStone","floor":13},{"not_picked":["Wild Strike","Anger","Bomb"],"picked":"SKIP","floor":14},{"not_picked":["Fiend Fire","Reaper"],"picked":"Demon Form","floor":16},{"not_picked":["Anger","Seeing Red"],"picked":"Heavy Blade+1","floor":18},{"not_picked":["Blood for Blood","Dual Wield"],"picked":"Spot Weakness","floor":19},{"not_picked":["Metallicize+1","Sword Boomerang","hubris:ReadiedAction"],"picked":"SKIP","floor":20},{"not_picked":["Searing Blow","Spot Weakness","Clothesline"],"picked":"SKIP","floor":23},{"not_picked":["Pummel+1","Twin Strike"],"picked":"Inflame","floor":25}],"player_experience":148881,"relics_obtained":[{"floor":7,"key":"hubris:Zylophone"},{"floor":9,"key":"Bottled Lightning"},{"floor":11,"key":"White Beast Statue"},{"floor":13,"key":"Juzu Bracelet"},{"floor":23,"key":"Bag of Marbles"},{"floor":25,"key":"Nunchaku"},{"floor":26,"key":"Vajra"}],"event_choices":[{"damage_healed":0,"gold_gain":175,"player_choice":"AGREE","damage_taken":0,"max_hp_gain":0,"max_hp_loss":0,"event_name":"Liars Game","floor":2,"gold_loss":0,"cards_obtained":["Doubt"]},{"damage_healed":0,"gold_gain":0,"player_choice":"Success","damage_taken":12,"relics_obtained":["Regal Pillow"],"max_hp_gain":0,"max_hp_loss":0,"event_name":"Scrap Ooze","floor":4,"gold_loss":0},{"damage_healed":0,"gold_gain":0,"cards_transformed":["Defend_R"],"player_choice":"Transformed","damage_taken":0,"max_hp_gain":0,"max_hp_loss":0,"event_name":"Transmorgrifier","floor":22,"gold_loss":0,"cards_obtained":["Pummel"]}],"is_beta":false,"boss_relics":[{"not_picked":["Fusion Hammer","hubris:VirtuousBlindfold"],"picked":"hubris:Backtick"},{"not_picked":[]}],"items_purged_floors":[3],"is_endless":false,"potions_floor_spawned":[5,7,8,11,12,13,14,16,19,23],"killed_by":"Snecko","ascension_level":7}}