{"host":"nsxzlb359hv0da5z","time":1609401715,"event":{"mods":["BaseMod","Bestiary","Colored Map","Minty Spire (QoL Compilation)","Permanent Neow","Relic Stats","Slay the Relics Exporter","ojb\u0027s Info Mod"],"gold_per_floor":[366,366,385,404,244,244,270,25,75,107,118,118,136,152,152,223,223,235,251,526,543,562,562,596,606,606,606,617,117,117,145,145,220,220,231,303,303,14,29,63,63,63,63],"floor_reached":42,"playtime":5164,"items_purged":["Regret"],"score":1006,"play_id":"7c12d0b4-e5a5-4592-a479-e0e49e1b44b2","local_time":"20201231000155","is_ascension_mode":true,"campfire_choices":[{"data":"Bash","floor":6,"key":"SMITH"},{"data":"True Grit","floor":12,"key":"SMITH"},{"data":"True Grit","floor":15,"key":"SMITH"},{"data":"Whirlwind","floor":23,"key":"SMITH"},{"data":"Feed","floor":27,"key":"SMITH"},{"floor":32,"key":"REST"},{"floor":41,"key":"REST"}],"circlet_count":0,"master_deck":["AscendersBane","Defend_R","Defend_R","Defend_R","Defend_R","Bash+1","Anger","Rampage","Cleave","Feed+1","Impervious","Feel No Pain","True Grit+1","Metallicize","Whirlwind+1","Power Through+1","True Grit+1","Demon Form","Reaper","Dark Embrace","Ghostly Armor","Uppercut","Flash of Steel","Bite","Bite","Bite","Bite","Bite","Exhume","Battle Trance","Shrug It Off","Shrug It Off+1"],"relics":["Burning Blood","Orrery","Bronze Scales","Chemical X","Happy Flower","Tiny Chest","Runic Dome","Letter Opener","Ancient Tea Set","PreservedInsect","Frozen Eye","StrikeDummy","Fusion Hammer","The Courier","Paper Frog","War Paint"],"acts_visited":["Exordium","TheCity","TheBeyond"],"potions_floor_usage":[7,21,24,25,31],"damage_taken":[{"damage":16,"enemies":"Jaw Worm","floor":1,"turns":5},{"damage":1,"enemies":"Cultist","floor":3,"turns":3},{"damage":9,"enemies":"2 Louse","floor":4,"turns":2},{"damage":8,"enemies":"3 Sentries","floor":7,"turns":8},{"damage":25,"enemies":"Gremlin Nob","floor":10,"turns":4},{"damage":0,"enemies":"Looter","floor":11,"turns":5},{"damage":2,"enemies":"Exordium Wildlife","floor":13,"turns":4},{"damage":0,"enemies":"Gremlin Gang","floor":14,"turns":3},{"damage":40,"enemies":"The Guardian","floor":16,"turns":10},{"damage":19,"enemies":"2 Thieves","floor":18,"turns":4},{"damage":15,"enemies":"Spheric Guardian","floor":19,"turns":6},{"damage":16,"enemies":"3 Cultists","floor":21,"turns":5},{"damage":15,"enemies":"Centurion and Healer","floor":22,"turns":7},{"damage":31,"enemies":"Slavers","floor":24,"turns":5},{"damage":10,"enemies":"Snecko","floor":25,"turns":7},{"damage":21,"enemies":"3 Cultists","floor":28,"turns":5},{"damage":29,"enemies":"Gremlin Leader","floor":31,"turns":3},{"damage":42,"enemies":"Champ","floor":33,"turns":13},{"damage":0,"enemies":"3 Darklings","floor":35,"turns":2},{"damage":8,"enemies":"Orb Walker","floor":39,"turns":4},{"damage":31,"enemies":"Nemesis","floor":40,"turns":9},{"damage":86,"enemies":"Giant Head","floor":42,"turns":6}],"seed_played":"-2611451662661632675","potions_obtained":[{"floor":4,"key":"Fire Potion"},{"floor":7,"key":"SmokeBomb"},{"floor":10,"key":"Ancient Potion"},{"floor":13,"key":"LiquidBronze"},{"floor":18,"key":"Fire Potion"},{"floor":22,"key":"Swift Potion"},{"floor":24,"key":"Block Potion"},{"floor":28,"key":"Swift Potion"}],"is_trial":false,"path_per_floor":["M","?","M","M","$","R","E","$","T","E","M","R","M","M","R","B",null,"M","M","?","M","M","R","E","M","T","R","M","$","?","E","R","B",null,"M","T","?","$","M","E","R","E"],"character_chosen":"IRONCLAD","items_purchased":["Orrery","Chemical X","Whirlwind","PreservedInsect","Flash of Steel","Frozen Eye","Battle Trance","Paper Frog"],"campfire_rested":2,"item_purchase_floors":[5,8,8,29,29,29,38,38],"current_hp_per_floor":[40,40,45,42,42,42,43,43,43,24,30,30,37,46,46,12,66,60,54,54,51,65,65,43,45,45,45,42,42,42,23,43,40,62,69,69,66,66,66,51,70,0,0],"gold":63,"neow_bonus":"TWO_FIFTY_GOLD","is_daily":false,"chose_seed":false,"campfire_upgraded":5,"win_rate":0.0,"timestamp":1609401715,"path_taken":["M","?","M","M","$","R","E","?","T","E","M","R","M","M","R","BOSS","M","M","?","M","M","R","E","M","T","R","?","$","?","E","R","BOSS","M","?","?","?","M","E","R","E"],"items_purchased_type":["Relic","Relic","Card","Relic","Card","Relic","Card","Relic"],"build_version":"2020-12-22","purchased_purges":1,"victory":false,"max_hp_per_floor":[75,75,75,75,75,75,78,78,78,78,78,78,81,84,84,84,84,87,90,90,93,96,96,99,99,99,99,99,99,69,69,69,69,69,69,69,66,66,66,70,70,70,70],"relic_stats":{"Happy Flower":[34],"counters":[22,120],"Bronze Scales":[229],"Tiny Chest":1,"PreservedInsect":226,"Chemical X":[26],"Letter Opener":[20],"War Paint":["Power Through","Shrug It Off"],"obtain_stats":[{"Happy Flower":9,"PreservedInsect":29,"The Courier":36,"Letter Opener":24,"War Paint":40,"Ancient Tea Set":26,"Burning Blood":0,"Runic Dome":17,"Frozen Eye":29,"Bronze Scales":7,"Orrery":5,"Tiny Chest":10,"Fusion Hammer":34,"Chemical X":8,"StrikeDummy":31,"Paper Frog":38},{"Happy Flower":4,"PreservedInsect":16,"The Courier":19,"Letter Opener":14,"War Paint":21,"Ancient Tea Set":15,"Burning Blood":0,"Runic Dome":9,"Frozen Eye":16,"Bronze Scales":4,"Orrery":3,"Tiny Chest":5,"Fusion Hammer":18,"Chemical X":4,"StrikeDummy":17,"Paper Frog":19},{"Happy Flower":18,"PreservedInsect":83,"The Courier":101,"Letter Opener":71,"War Paint":114,"Ancient Tea Set":78,"Burning Blood":0,"Runic Dome":44,"Frozen Eye":83,"Bronze Scales":18,"Orrery":10,"Tiny Chest":22,"Fusion Hammer":99,"Chemical X":18,"StrikeDummy":86,"Paper Frog":101}],"Burning Blood":123},"card_choices":[{"not_picked":["True Grit","Thunderclap"],"picked":"Anger","floor":1},{"not_picked":["Armaments","Barricade"],"picked":"Rampage","floor":3},{"not_picked":["Power Through","Searing Blow"],"picked":"Cleave","floor":4},{"not_picked":["Reckless Charge","Thunderclap"],"picked":"Feed","floor":5},{"not_picked":["Twin Strike","Bloodletting"],"picked":"Impervious","floor":5},{"not_picked":["Body Slam","Perfected Strike"],"picked":"Feel No Pain","floor":5},{"not_picked":["Body Slam","Sword Boomerang"],"picked":"True Grit","floor":5},{"not_picked":["Thunderclap","Twin Strike"],"picked":"Metallicize","floor":7},{"not_picked":["Twin Strike","Pommel Strike"],"picked":"Power Through","floor":10},{"not_picked":["Perfected Strike","Rage"],"picked":"True Grit","floor":11},{"not_picked":["Cleave","Flex","Armaments"],"picked":"SKIP","floor":13},{"not_picked":["Clothesline","Dropkick"],"picked":"Demon Form","floor":14},{"not_picked":["Berserk","Juggernaut"],"picked":"Reaper","floor":16},{"not_picked":["Flex","Pommel Strike"],"picked":"Dark Embrace","floor":18},{"not_picked":["Fire Breathing+1","Armaments","Iron Wave"],"picked":"SKIP","floor":19},{"not_picked":["Spot Weakness","Iron Wave","Armaments"],"picked":"SKIP","floor":21},{"not_picked":["Havoc","Pommel Strike","Perfected Strike"],"picked":"SKIP","floor":22},{"not_picked":["Iron Wave+1","Dropkick","Anger"],"picked":"SKIP","floor":24},{"not_picked":["Rage","Evolve"],"picked":"Ghostly Armor","floor":25},{"not_picked":["Sword Boomerang","Spot Weakness"],"picked":"Uppercut","floor":28},{"not_picked":["Dual Wield","Seeing Red","Anger"],"picked":"SKIP","floor":31},{"not_picked":["Dual Wield","Seeing Red","Anger"],"picked":"SKIP","floor":31},{"not_picked":["Double Tap","Limit Break"],"picked":"Exhume","floor":33},{"not_picked":["Body Slam+1","Warcry","Heavy Blade+1"],"picked":"SKIP","floor":35},{"not_picked":["Cleave","Iron Wave"],"picked":"Shrug It Off","floor":39},{"not_picked":["Ghostly Armor","Intimidate"],"picked":"Shrug It Off","floor":40}],"player_experience":1882445,"relics_obtained":[{"floor":7,"key":"Bronze Scales"},{"floor":9,"key":"Happy Flower"},{"floor":10,"key":"Tiny Chest"},{"floor":24,"key":"Letter Opener"},{"floor":26,"key":"Ancient Tea Set"},{"floor":31,"key":"StrikeDummy"},{"floor":36,"key":"The Courier"},{"floor":40,"key":"War Paint"}],"event_choices":[{"cards_removed":["Strike_R"],"damage_healed":0,"gold_gain":0,"player_choice":"Offered Basic","damage_taken":0,"max_hp_gain":0,"max_hp_loss":0,"event_name":"Bonfire Elementals","floor":2,"gold_loss":0},{"damage_healed":0,"gold_gain":275,"player_choice":"Desecrate","damage_taken":0,"max_hp_gain":0,"max_hp_loss":0,"event_name":"Golden Shrine","floor":20,"gold_loss":0,"cards_obtained":["Regret"]},{"damage_healed":0,"gold_gain":0,"player_choice":"Became a vampire","damage_taken":0,"max_hp_gain":0,"max_hp_loss":30,"event_name":"Vampires","floor":30,"gold_loss":0,"cards_obtained":["Bite","Bite","Bite","Bite","Bite"]},{"damage_healed":0,"gold_gain":0,"player_choice":"Max HP","damage_taken":0,"max_hp_gain":0,"max_hp_loss":3,"event_name":"Winding Halls","floor":37,"gold_loss":0}],"is_beta":false,"boss_relics":[{"not_picked":["Astrolabe","Ectoplasm"],"picked":"Runic Dome"},{"not_picked":["SacredBark","Tiny House"],"picked":"Fusion Hammer"}],"items_purged_floors":[29],"is_endless":false,"potions_floor_spawned":[4,7,10,13,18,22,24,28],"killed_by":"Giant Head","ascension_level":20}}