{"host":"1sqx9dmsrxu9kvq7","time":1609451309,"event":{"mods":["2.2 Compatiblity","BaseMod","CapriCore","Colored Powertips","Custom Start","Friendly Minions","Highlight Path","Koishi","KomeijiMod","Marisa（霧雨　魔理沙）","Minty Spire (QoL Compilation)","Quick Restart","Rare Cards Sparkle","Reimu（博??梦）","Relic Stats","Remilia（蕾米莉?）","RumiaBox-露米?的神秘盒子","Shop Mod","Spicy Shops","StSLib","The Administrix","The Immortal","The Servant 0.9.4","Waifu the Spire","Yakumo Yukari mod","Youmu（魂魄妖梦）","Yuyuko"],"gold_per_floor":[136,149,159,175,175,204,304,319,395,272,272,289,289,234,234,234,234],"floor_reached":16,"playtime":956,"items_purged":[],"score":102,"play_id":"672a0e6d-7894-465b-ba8b-02408d844be9","local_time":"20201231154829","is_ascension_mode":false,"campfire_choices":[{"floor":11,"key":"RECALL"},{"floor":15,"key":"REST"}],"circlet_count":0,"master_deck":["AT_purpleEX","AT_purpleEX","AT_purpleEX","AT_purpleEX","Defend_purpleEX","Defend_purpleEX","Defend_purpleEX","Defend_purpleEX","Observe_purple_1","Observe_purple_2","WatchEChange_purple","Mirror_FormAndEmptin_purple","ProofOfUnderstanding_purple","Bait_HighSpeedFlying_purple","Line_surface_state_purple","StateDuplicate_purple","Boundary_DreamRealityDamnation_purple","WingOfChimera_purple"],"relics":["Boundary_crack","Memoryfragments_purpleEX","NeowsBlessing","SecretRecord","PureWhite:ReiMu","GoodDreamPillow"],"acts_visited":["Exordium"],"potions_floor_usage":[],"damage_taken":[{"damage":0,"enemies":"2 Louse","floor":1,"turns":1},{"damage":0,"enemies":"Small Slimes","floor":2,"turns":1},{"damage":0,"enemies":"Cultist","floor":3,"turns":1},{"damage":7,"enemies":"Looter","floor":4,"turns":3},{"damage":29,"enemies":"Lagavulin","floor":6,"turns":6},{"damage":9,"enemies":"Blue Slaver","floor":8,"turns":4},{"damage":12,"enemies":"Lots of Slimes","floor":12,"turns":3},{"damage":45,"enemies":"Slime Boss","floor":16,"turns":7}],"seed_played":"4624237802948367131","potions_obtained":[{"floor":1,"key":"BlessingOfTheForge"},{"floor":2,"key":"EntropicBrew"},{"floor":12,"key":"Dexterity Potion"}],"is_trial":false,"path_per_floor":["M","M","M","M","?","E","?","M","T","?","R","M","R","$","R","B"],"character_chosen":"Youkari","items_purchased":["WingOfChimera_purple"],"campfire_rested":1,"item_purchase_floors":[14],"current_hp_per_floor":[70,70,70,66,54,30,30,26,26,26,26,18,18,18,42,0,0],"gold":234,"neow_bonus":"THREE_ENEMY_KILL","is_daily":false,"chose_seed":false,"campfire_upgraded":0,"win_rate":0.0,"timestamp":1609451309,"path_taken":["M","M","M","M","?","E","?","?","T","?","R","M","R","$","R","BOSS"],"items_purchased_type":["Card"],"build_version":"2020-12-22","purchased_purges":0,"victory":false,"max_hp_per_floor":[70,70,70,70,70,70,70,70,70,70,70,70,80,80,80,80,80],"relic_stats":{"counters":[8,26],"obtain_stats":[{"PureWhite:ReiMu":6,"GoodDreamPillow":10,"NeowsBlessing":0,"SecretRecord":5,"Boundary_crack":0,"Memoryfragments_purpleEX":0},{"PureWhite:ReiMu":5,"GoodDreamPillow":6,"NeowsBlessing":0,"SecretRecord":4,"Boundary_crack":0,"Memoryfragments_purpleEX":0},{"PureWhite:ReiMu":12,"GoodDreamPillow":16,"NeowsBlessing":0,"SecretRecord":6,"Boundary_crack":0,"Memoryfragments_purpleEX":0}]},"card_choices":[{"not_picked":["EighthInstrument_OneDividesIntoTwo_purple","MeetDecomposer_purple"],"picked":"WatchEChange_purple","floor":1},{"not_picked":["Charmbait_purple","Erosivefilter_purple"],"picked":"Mirror_FormAndEmptin_purple","floor":2},{"not_picked":["SfantasyHide_purple","Mirror_FormAndEmptin_purple"],"picked":"ProofOfUnderstanding_purple","floor":3},{"not_picked":["Photoelasticity_Doppler_Effect_purple","ExistenceContinue_purple"],"picked":"Bait_HighSpeedFlying_purple","floor":4},{"not_picked":["Mirror_WaveAndshot_purple","Boundary_DynamicStaticEquilibrium_purple"],"picked":"Line_surface_state_purple","floor":6},{"not_picked":["Mirror_WaveAndshot_purple","SfantasyHide_purple"],"picked":"StateDuplicate_purple","floor":8},{"not_picked":["Nest_LightFlightworm_purple","Mirror_FormAndEmptin_purple"],"picked":"Boundary_DreamRealityDamnation_purple","floor":12}],"player_experience":170216,"relics_obtained":[{"floor":6,"key":"PureWhite:ReiMu"}],"event_choices":[{"damage_healed":0,"gold_gain":0,"player_choice":"Success","damage_taken":12,"relics_obtained":["SecretRecord"],"max_hp_gain":0,"max_hp_loss":0,"event_name":"Scrap Ooze","floor":5,"gold_loss":0},{"damage_healed":0,"gold_gain":100,"player_choice":"Pray","damage_taken":0,"max_hp_gain":0,"max_hp_loss":0,"event_name":"Golden Shrine","floor":7,"gold_loss":0}],"is_beta":false,"boss_relics":[],"items_purged_floors":[],"is_endless":false,"potions_floor_spawned":[1,2,12],"killed_by":"Slime Boss","ascension_level":0}}