{"host":"t7mx8yfj1no5p62f","time":1609394648,"event":{"mods":["BaseMod","Colored Map","Colored Powertips","Minty Spire (QoL Compilation)","Relic Stats","StSLib"],"gold_per_floor":[10,10,27,40,58,58,91,91,91,110,125,125,137,151,151,228,228,240,240,251,251,265,265,297,297,365,365,365,375,393,425,425,496,496,511,511,524,524,540,569,586,586,636,646,269,269,269,301,301,301,301,301],"floor_reached":51,"playtime":3172,"items_purged":["Normality"],"score":1402,"play_id":"2c8b8233-85cf-4f78-9761-e1cb7ea3fa18","local_time":"20201231010408","is_ascension_mode":true,"campfire_choices":[{"data":"Dagger Throw","floor":6.0,"key":"SMITH"},{"data":"Neutralize","floor":8.0,"key":"SMITH"},{"data":"Predator","floor":12.0,"key":"SMITH"},{"data":"Slice","floor":15.0,"key":"SMITH"},{"data":"Backstab","floor":23.0,"key":"SMITH"},{"data":"After Image","floor":28.0,"key":"SMITH"},{"data":"Strike_G+1","floor":32.0,"key":"PURGE"},{"data":"Tools of the Trade","floor":42.0,"key":"SMITH"},{"data":"Noxious Fumes","floor":47.0,"key":"SMITH"},{"floor":49.0,"key":"RECALL"}],"circlet_count":0,"master_deck":["AscendersBane","Strike_G+1","Strike_G+1","Strike_G+1","Defend_G+1","Defend_G+1","Defend_G+1","Survivor","Dagger Throw+1","Backstab+1","PiercingWail","Slice+1","Cloak And Dagger+1","Predator+1","Burst+1","Deadly Poison+1","After Image+1","Acrobatics+1","Outmaneuver+1","Blade Dance+1","Doppelganger+1","Ghostly+1","Ghostly+1","Ghostly+1","Dodge and Roll+1","Tools of the Trade+1","Tactician+1","Tactician+1","Noxious Fumes+1","Backflip+1","Dark Shackles+1","Venomology+1"],"relics":["Ring of the Serpent","Kunai","Toxic Egg 2","Meat on the Bone","Paper Crane","Peace Pipe","Cursed Key","Smiling Mask","Lee\u0027s Waffle","Mercury Hourglass"],"acts_visited":["Exordium","TheCity","TheBeyond"],"potions_floor_usage":[],"damage_taken":[{"damage":0.0,"enemies":"Cultist","floor":1.0,"turns":4.0},{"damage":0.0,"enemies":"Jaw Worm","floor":3.0,"turns":4.0},{"damage":2.0,"enemies":"2 Louse","floor":4.0,"turns":2.0},{"damage":4.0,"enemies":"Blue Slaver","floor":5.0,"turns":3.0},{"damage":29.0,"enemies":"Gremlin Nob","floor":7.0,"turns":4.0},{"damage":0.0,"enemies":"2 Fungi Beasts","floor":10.0,"turns":2.0},{"damage":0.0,"enemies":"Exordium Thugs","floor":11.0,"turns":4.0},{"damage":1.0,"enemies":"Lots of Slimes","floor":13.0,"turns":4.0},{"damage":1.0,"enemies":"Blue Slaver","floor":14.0,"turns":3.0},{"damage":14.0,"enemies":"Hexaghost","floor":16.0,"turns":8.0},{"damage":6.0,"enemies":"Spheric Guardian","floor":18.0,"turns":4.0},{"damage":17.0,"enemies":"2 Thieves","floor":20.0,"turns":4.0},{"damage":17.0,"enemies":"Snake Plant","floor":22.0,"turns":5.0},{"damage":19.0,"enemies":"Slavers","floor":24.0,"turns":9.0},{"damage":8.0,"enemies":"Shelled Parasite and Fungi","floor":29.0,"turns":5.0},{"damage":0.0,"enemies":"3 Cultists","floor":30.0,"turns":6.0},{"damage":2.0,"enemies":"Book of Stabbing","floor":31.0,"turns":5.0},{"damage":31.0,"enemies":"Champ","floor":33.0,"turns":27.0},{"damage":1.0,"enemies":"Orb Walker","floor":35.0,"turns":5.0},{"damage":0.0,"enemies":"3 Shapes","floor":37.0,"turns":6.0},{"damage":0.0,"enemies":"Maw","floor":39.0,"turns":9.0},{"damage":7.0,"enemies":"Giant Head","floor":40.0,"turns":10.0},{"damage":7.0,"enemies":"Jaw Worm Horde","floor":41.0,"turns":5.0},{"damage":26.0,"enemies":"Sphere and 2 Shapes","floor":44.0,"turns":7.0},{"damage":6.0,"enemies":"Reptomancer","floor":48.0,"turns":8.0},{"damage":33.0,"enemies":"Awakened One","floor":50.0,"turns":18.0},{"damage":15,"enemies":"Donu and Deca","floor":51,"turns":2}],"seed_played":"-2940797696407078577","potions_obtained":[{"floor":4.0,"key":"Poison Potion"},{"floor":5.0,"key":"FairyPotion"},{"floor":13.0,"key":"Regen Potion"},{"floor":24.0,"key":"Weak Potion"},{"floor":30.0,"key":"SneckoOil"},{"floor":33.0,"key":"Ancient Potion"},{"floor":37.0,"key":"Dexterity Potion"},{"floor":41.0,"key":"PowerPotion"},{"floor":44.0,"key":"Poison Potion"}],"is_trial":false,"path_per_floor":["M","$","M","M","M","R","E","R","T","M","M","R","M","M","R","B",null,"M","?","M","?","M","R","E","?","T","?","R","M","M","E","R","B",null,"M","?","M","?","M","E","M","R","T","M","$","?","R","E","R","B","B"],"character_chosen":"THE_SILENT","items_purchased":["Lee\u0027s Waffle","Backflip+1","Dark Shackles+1"],"campfire_rested":0,"item_purchase_floors":[45,45,45],"current_hp_per_floor":[59,59,59,57,53,53,24,24,24,24,24,24,23,22,22,8,52,46,46,29,42,25,25,21,21,21,21,21,25,25,23,23,21,30,29,29,29,29,29,22,27,27,27,13,40,40,40,34,34,13,0,0],"gold":301,"neow_bonus":"REMOVE_TWO","is_daily":false,"chose_seed":false,"campfire_upgraded":8,"win_rate":0.0,"timestamp":1609394648,"path_taken":["M","?","M","M","M","R","E","R","T","M","M","R","M","M","R","BOSS","M","?","M","?","M","R","E","?","T","?","R","M","M","E","R","BOSS","M","?","?","?","M","E","M","R","T","M","$","?","R","E","R","BOSS","BOSS"],"items_purchased_type":["Relic","Card","Card"],"build_version":"2020-12-22","purchased_purges":1,"victory":false,"max_hp_per_floor":[66,66,66,66,66,66,66,66,66,66,66,66,66,66,66,66,66,66,66,66,66,66,66,66,33,33,33,33,33,33,33,33,33,33,33,33,33,33,33,33,33,33,33,33,40,40,40,40,40,40,40,40],"relic_stats":{"Peace Pipe":1,"Lee\u0027s Waffle":27,"counters":[27,173],"Kunai":[136],"Cursed Key":1,"Smiling Mask":25,"obtain_stats":[{"Lee\u0027s Waffle":45,"Circlet":39,"Paper Crane":26,"Cursed Key":34,"Smiling Mask":40,"Mercury Hourglass":48,"Peace Pipe":31,"WingedGreaves":39,"Kunai":7,"Toxic Egg 2":9,"Ring of the Serpent":17,"Ring of the Snake":0,"Meat on the Bone":24},{"Lee\u0027s Waffle":24,"Circlet":21,"Paper Crane":14,"Cursed Key":18,"Smiling Mask":22,"Mercury Hourglass":25,"Peace Pipe":17,"WingedGreaves":21,"Kunai":5,"Toxic Egg 2":5,"Ring of the Serpent":10,"Ring of the Snake":0,"Meat on the Bone":14},{"Lee\u0027s Waffle":145,"Circlet":115,"Paper Crane":60,"Cursed Key":103,"Smiling Mask":133,"Mercury Hourglass":153,"Peace Pipe":76,"WingedGreaves":115,"Kunai":17,"Toxic Egg 2":17,"Ring of the Serpent":38,"Ring of the Snake":0,"Meat on the Bone":60}],"Meat on the Bone":60,"Mercury Hourglass":[81]},"card_choices":[{"not_picked":["Deadly Poison","Dodge and Roll"],"picked":"Dagger Throw","floor":1.0},{"not_picked":["Storm of Steel","Slice","Distraction"],"picked":"SKIP","floor":3.0},{"not_picked":["Sucker Punch","Prepared"],"picked":"Backstab","floor":4.0},{"not_picked":["Riddle With Holes","Cloak And Dagger"],"picked":"PiercingWail","floor":5.0},{"not_picked":["Terror","Footwork"],"picked":"Slice","floor":7.0},{"not_picked":["Slice","Poisoned Stab"],"picked":"Cloak And Dagger+1","floor":10.0},{"not_picked":["Bane","Catalyst+1"],"picked":"Predator","floor":11.0},{"not_picked":["Slice","Outmaneuver+1"],"picked":"Burst+1","floor":13.0},{"not_picked":["PiercingWail+1","Acrobatics+1"],"picked":"Deadly Poison+1","floor":14.0},{"not_picked":["A Thousand Cuts","Glass Knife"],"picked":"After Image","floor":16.0},{"not_picked":["Underhanded Strike","Heel Hook"],"picked":"Acrobatics+1","floor":18.0},{"not_picked":["Flechettes+1","Underhanded Strike"],"picked":"Outmaneuver+1","floor":20.0},{"not_picked":["Outmaneuver+1","Cloak And Dagger+1"],"picked":"Blade Dance+1","floor":22.0},{"not_picked":["Endless Agony","Slice"],"picked":"Doppelganger+1","floor":24.0},{"not_picked":["Dagger Throw+1","Bane+1","Eviscerate"],"picked":"SKIP","floor":29.0},{"not_picked":["Flying Knee","Sucker Punch","Underhanded Strike+1"],"picked":"SKIP","floor":30.0},{"not_picked":["Endless Agony+1","Dagger Throw"],"picked":"Dodge and Roll+1","floor":31.0},{"not_picked":["Doppelganger+1","Burst+1"],"picked":"Tools of the Trade","floor":33.0},{"not_picked":["Dodge and Roll+1","Leg Sweep+1"],"picked":"Tactician+1","floor":35.0},{"not_picked":["Bane","Prepared+1"],"picked":"Tactician+1","floor":37.0},{"not_picked":["Expertise+1","Slice","Prepared+1"],"picked":"SKIP","floor":39.0},{"not_picked":["Bane+1","Flying Knee+1","Dagger Spray"],"picked":"SKIP","floor":40.0},{"not_picked":["Footwork","Slice"],"picked":"Noxious Fumes","floor":41.0},{"not_picked":["Deadly Poison+1","Unload","Blade Dance+1"],"picked":"SKIP","floor":44.0},{"not_picked":["Bane","Blade Dance+1"],"picked":"Venomology+1","floor":48.0}],"player_experience":1615837,"relics_obtained":[{"floor":7.0,"key":"Kunai"},{"floor":9.0,"key":"Toxic Egg 2"},{"floor":24.0,"key":"Meat on the Bone"},{"floor":26.0,"key":"Paper Crane"},{"floor":31.0,"key":"Peace Pipe"},{"floor":40.0,"key":"Smiling Mask"},{"floor":48.0,"key":"Mercury Hourglass"}],"event_choices":[{"damage_healed":0.0,"max_hp_gain":0.0,"max_hp_loss":0.0,"gold_gain":0.0,"event_name":"Back to Basics","player_choice":"Simplicity","floor":19.0,"gold_loss":0.0,"damage_taken":0.0,"cards_upgraded":["Strike_G","Strike_G","Strike_G","Strike_G","Strike_G","Defend_G","Defend_G","Defend_G"]},{"damage_healed":13.0,"max_hp_gain":0.0,"max_hp_loss":0.0,"gold_gain":0.0,"event_name":"The Library","player_choice":"Heal","floor":21.0,"gold_loss":0.0,"damage_taken":0.0},{"damage_healed":0.0,"max_hp_gain":0.0,"max_hp_loss":33.0,"gold_gain":0.0,"event_name":"Ghosts","player_choice":"Became a Ghost","floor":25.0,"gold_loss":0.0,"damage_taken":0.0,"cards_obtained":["Ghostly","Ghostly","Ghostly"]},{"damage_healed":0.0,"max_hp_gain":0.0,"max_hp_loss":0.0,"gold_gain":0.0,"event_name":"Vampires","player_choice":"Ignored","floor":27.0,"gold_loss":0.0,"damage_taken":0.0},{"damage_healed":0.0,"max_hp_gain":0.0,"max_hp_loss":0.0,"gold_gain":0.0,"event_name":"SecretPortal","player_choice":"Ignored","floor":36.0,"gold_loss":0.0,"damage_taken":0.0},{"cards_removed":["Neutralize"],"damage_healed":0.0,"max_hp_gain":0.0,"max_hp_loss":0.0,"gold_gain":0.0,"event_name":"Falling","player_choice":"Removed Attack","floor":38.0,"gold_loss":0.0,"damage_taken":0.0},{"cards_removed":["Strike_G"],"damage_healed":0.0,"max_hp_gain":0.0,"max_hp_loss":0.0,"gold_gain":0.0,"event_name":"Bonfire Elementals","player_choice":"Offered Basic","floor":46.0,"gold_loss":0.0,"damage_taken":0.0}],"is_beta":false,"boss_relics":[{"not_picked":["Velvet Choker","Tiny House"],"picked":"Ring of the Serpent"},{"not_picked":["SacredBark","WristBlade"],"picked":"Cursed Key"}],"items_purged_floors":[45],"is_endless":false,"potions_floor_spawned":[4,5,13,14,24,30,33,37,41,44,48],"killed_by":"Donu and Deca","ascension_level":20}}