{"host":"6r341r9cz00j2qc1","time":1609423594,"event":{"mods":["BaseMod","Better Third Choice","Downfall","GungeonMod","Hermit","Lobotomy","LobotomyExtend","Minty Spire (QoL Compilation)","Shop Mod","StSLib"],"gold_per_floor":[114,114,114,114,127,152,168,168,194,227,227,70,70,88,88,188,188,204,204,204,223,223,223,242,242,242,268,278,297,308,333,333,434,434,449,449,50,50,50,70,70,88,88,0,53,65,65,100,100,100,100],"floor_reached":50,"playtime":3985,"items_purged":[],"score":790,"play_id":"65e174c8-5ce5-4717-a739-c5fc38b69e3c","local_time":"20201231150634","is_ascension_mode":false,"campfire_choices":[{"floor":11.0,"key":"REST"},{"data":"hermit:WideOpen","floor":13.0,"key":"SMITH"},{"data":"hermit:WideOpen","floor":15.0,"key":"SMITH"},{"floor":23.0,"key":"REST"},{"data":"hermit:Determination","floor":25,"key":"SMITH"},{"floor":32,"key":"REST"},{"data":"hermit:Dissolve","floor":49,"key":"SMITH"}],"circlet_count":0,"master_deck":["Woodsman","DespairKnight","Funeral","BodiesMountain","hermit:Strike_Hermit+1","hermit:Strike_Hermit+1","hermit:Strike_Hermit+1","hermit:Strike_Hermit+1","hermit:Defend_Hermit+1","hermit:Defend_Hermit+1","hermit:Defend_Hermit+1","hermit:Defend_Hermit+1","hermit:Snapshot","hermit:Covet","hermit:WideOpen+1","Wellcheers","hermit:BodyArmor","Rudolta","hermit:Headshot","hermit:WideOpen+1","Regret","hermit:Manifest","hermit:Dissolve+1","hermit:HighCaliber","CherryBlossoms","CurseOfTheBell","hermit:Quickdraw","hermit:Determination+1","hermit:Grudge","hermit:HoleUp","OSAHOGD","hermit:Spite+1","WhitesApple","hermit:Manifest+1","Parasite","hermit:Manifest+1","Parasite","hermit:Coalescence+1","hermit:WideOpen+1","Parasite","hermit:DeadOrAlive","Parasite","FieryBird","Writhe","hermit:Midnight+1","hermit:OverwhelmingPower","hermit:Desperado+1","hermit:WideOpen+1","Parasite","BigBadWolf","hermit:Glare"],"relics":["hermit:Momento","CogitoBucket","LetterFromLob","War Paint","DemoMod:Relodestone","Happy Flower","Oddly Smooth Stone","HellTrain","Calling Bell","Juzu Bracelet","Meat on the Bone","Thread and Needle","TheSmile_r","SolemnVow_r","Gremlin Horn","DemoMod:LamentConfigurum","BackwardClock","Boot","SwordSharpenedByTears_r","AspirationHeart","AtMidnight","Lantern","DemoMod:MonsterBlood","Lizard Tail","Mango","Red Mask","DemoMod:RingOfEthereal","Logging_r"],"acts_visited":["Exordium","TheCity","TheBeyond"],"potions_floor_usage":[31,35,35,42,50,50,50],"damage_taken":[{"damage":0.0,"enemies":"Small Slimes","floor":1.0,"turns":3.0},{"damage":4.0,"enemies":"2 Louse","floor":5.0,"turns":3.0},{"damage":30.0,"enemies":"Lagavulin","floor":6.0,"turns":5.0},{"damage":0.0,"enemies":"Cultist","floor":7.0,"turns":3.0},{"damage":7.0,"enemies":"Gremlin Nob","floor":10.0,"turns":4.0},{"damage":10.0,"enemies":"Looter","floor":14.0,"turns":3.0},{"damage":8.0,"enemies":"Slime Boss","floor":16.0,"turns":6.0},{"damage":0.0,"enemies":"Spheric Guardian","floor":18.0,"turns":4.0},{"damage":44.0,"enemies":"Shell Parasite","floor":21.0,"turns":5.0},{"damage":11,"enemies":"Centurion and Healer","floor":24,"turns":5},{"damage":12,"enemies":"Gremlin Leader","floor":27,"turns":3},{"damage":20,"enemies":"Chosen and Byrds","floor":28,"turns":5},{"damage":15,"enemies":"Sentry and Sphere","floor":29,"turns":4},{"damage":0,"enemies":"Snecko","floor":30,"turns":4},{"damage":17,"enemies":"Slavers","floor":31,"turns":3},{"damage":62,"enemies":"Collector","floor":33,"turns":7},{"damage":45,"enemies":"Orb Walker","floor":35,"turns":10},{"damage":17,"enemies":"3 Darklings","floor":40,"turns":3},{"damage":34,"enemies":"Transient","floor":42,"turns":5},{"damage":26,"enemies":"2 Orb Walkers","floor":45,"turns":2},{"damage":22,"enemies":"Spire Growth","floor":46,"turns":3},{"damage":21,"enemies":"Jaw Worm Horde","floor":48,"turns":5},{"damage":174,"enemies":"Donu and Deca","floor":50,"turns":9}],"seed_played":"2377590574832694575","potions_obtained":[{"floor":1.0,"key":"EntropicBrew"},{"floor":7.0,"key":"Energy Potion"},{"floor":16.0,"key":"Fire Potion"},{"floor":33,"key":"SkillPotion"},{"floor":45,"key":"ColorlessPotion"}],"is_trial":false,"path_per_floor":["M","?","?","?","M","E","M","?","T","E","R","$","R","M","R","B",null,"M","?","?","M","?","R","M","R","T","E","M","M","M","E","R","B",null,"M","?","$","?","?","M","?","M","T","?","?","M","M","M","R","B"],"character_chosen":"HERMIT","items_purchased":["hermit:Dissolve","Lantern","DemoMod:MonsterBlood","SkillPotion","FearPotion"],"campfire_rested":3,"item_purchase_floors":[12,37,37,37,37],"current_hp_per_floor":[75,75,75,75,71,46,46,46,46,41,63,63,63,62,62,63,75,75,75,75,46,46,68,60,60,60,59,48,48,57,47,69,36,75,57,57,64,64,87,76,76,60,74,74,65,63,106,102,102,0,0],"gold":100,"neow_bonus":"","is_daily":false,"chose_seed":false,"campfire_upgraded":4,"win_rate":0.0,"timestamp":1609423594,"path_taken":["M","?","?","?","?","E","M","?","T","E","R","$","R","M","R","BOSS","M","?","?","M","?","R","M","R","T","E","M","M","M","E","R","BOSS","M","?","$","?","?","M","?","M","T","?","?","M","M","M","R","BOSS"],"items_purchased_type":["Card","Card","Relic","Potion","Potion"],"build_version":"2020-12-22","purchased_purges":0,"victory":false,"max_hp_per_floor":[75,75,75,75,75,75,75,75,75,75,75,75,75,75,75,75,75,75,75,75,75,75,75,75,75,75,75,75,75,75,75,75,75,75,85,85,92,92,92,92,92,92,106,106,106,106,106,106,106,106,106],"card_choices":[{"not_picked":["WallGazer","PunishingBird"],"picked":"BodiesMountain","floor":1.0},{"not_picked":["hermit:Roulette","hermit:Ricochet"],"picked":"hermit:WideOpen","floor":1.0},{"not_picked":["MeatLantern","Alriune"],"picked":"Wellcheers","floor":5.0},{"not_picked":["hermit:Ricochet","hermit:Snipe"],"picked":"hermit:BodyArmor","floor":5.0},{"not_picked":["FairyFestival","HeroicMonk"],"picked":"Rudolta","floor":6.0},{"not_picked":["hermit:LoneWolf","hermit:HoleUp"],"picked":"hermit:Headshot","floor":6.0},{"not_picked":["LongBird","LittleHelper","WallGazer"],"picked":"Singing Bowl","floor":7.0},{"not_picked":["LittlePrince","OldLady"],"picked":"Funeral","floor":7.0},{"not_picked":["hermit:Snipe","hermit:Ricochet"],"picked":"hermit:WideOpen","floor":7.0},{"not_picked":["Murderer","SingingMachine"],"picked":"BigBird","floor":10.0},{"not_picked":["hermit:Ricochet","hermit:LoneWolf"],"picked":"hermit:Manifest","floor":10.0},{"not_picked":["Scorched","CrumblingArmor","HappyTeddy"],"picked":"Singing Bowl","floor":14.0},{"not_picked":["hermit:Combo","hermit:Glare"],"picked":"hermit:HighCaliber","floor":14.0},{"not_picked":["DreamingCurrent","Variant","CrumblingArmor"],"picked":"Singing Bowl","floor":16.0},{"not_picked":["Yin","HeroicMonk"],"picked":"CherryBlossoms","floor":16.0},{"not_picked":["hermit:Magnum","hermit:Gambit"],"picked":"hermit:RoundhouseKick","floor":16.0},{"not_picked":["MeatLantern","UniverseFragment","Murderer"],"picked":"Singing Bowl","floor":18.0},{"not_picked":["hermit:Vantage+1","hermit:Headshot"],"picked":"hermit:Quickdraw","floor":18.0},{"not_picked":["MeatLantern","ShyLook","CrumblingArmor"],"picked":"Singing Bowl","floor":21.0},{"not_picked":["hermit:HighNoon","hermit:TakeAim"],"picked":"hermit:Determination","floor":21.0},{"not_picked":["NakedNest","BeautyBeast","ShyLook"],"picked":"Singing Bowl","floor":24},{"not_picked":["hermit:HighNoon","hermit:Shortfuse+1"],"picked":"hermit:HoleUp","floor":24},{"not_picked":["PunishingBird","HappyTeddy"],"picked":"OSAHOGD","floor":27},{"not_picked":["hermit:CursedWeapon","hermit:Deadeye"],"picked":"hermit:Spite+1","floor":27},{"not_picked":["SpiderBud","MHz"],"picked":"WhitesApple","floor":28},{"not_picked":["hermit:NoHoldsBarred","hermit:Headshot+1"],"picked":"hermit:Manifest+1","floor":28},{"not_picked":["LittlePrince","SingingMachine","GreedKing"],"picked":"Singing Bowl","floor":29},{"not_picked":["VoidDream","Mercenary"],"picked":"DespairKnight","floor":29},{"not_picked":["hermit:Headshot","hermit:LoneWolf"],"picked":"hermit:Manifest+1","floor":29},{"not_picked":["PunishingBird","HappyTeddy"],"picked":"QueenOfHatred","floor":30},{"not_picked":["hermit:GoldenBullet","hermit:LowProfile"],"picked":"hermit:Coalescence+1","floor":30},{"not_picked":["HeroicMonk","OldLady","Scorched"],"picked":"Singing Bowl","floor":31},{"not_picked":["hermit:HighNoon","hermit:Shortfuse"],"picked":"hermit:WideOpen+1","floor":31},{"not_picked":["DreamingCurrent","Freischutz"],"picked":"Mercenary","floor":33},{"not_picked":["hermit:Adapt","hermit:HeroicBravado"],"picked":"hermit:DeadOrAlive","floor":33},{"not_picked":["BlackSwan","MeatLantern","LittlePrince"],"picked":"Singing Bowl","floor":35},{"not_picked":["ShyLook","Laetitia"],"picked":"FieryBird","floor":35},{"not_picked":["hermit:Scavenge","hermit:Gestalt","hermit:Coalescence"],"picked":"SKIP","floor":35},{"not_picked":["Alriune","Laetitia","OldLady"],"picked":"Singing Bowl","floor":40},{"not_picked":["hermit:TrackingShot","hermit:HoleUp"],"picked":"hermit:Midnight+1","floor":40},{"not_picked":["Freischutz","PunishingBird","GreedKing"],"picked":"Singing Bowl","floor":42},{"not_picked":["NothingThere","RedShoes"],"picked":"Woodsman","floor":42},{"not_picked":["hermit:EyeOfTheStorm","hermit:Headshot"],"picked":"hermit:Desperado+1","floor":42},{"not_picked":["RedShoes","GalaxyChild"],"picked":"Bloodbath","floor":45},{"not_picked":["hermit:Combo","hermit:Ricochet"],"picked":"hermit:WideOpen+1","floor":45},{"not_picked":["Laetitia","Freischutz"],"picked":"BigBadWolf","floor":46},{"not_picked":["hermit:TrackingShot+1","hermit:PistolWhip"],"picked":"hermit:Glare","floor":46},{"not_picked":["RedShoes","Variant","Yin"],"picked":"Singing Bowl","floor":48},{"not_picked":["hermit:Gestalt","hermit:SprayPray","hermit:Shortfuse+1"],"picked":"SKIP","floor":48}],"player_experience":453298,"relics_obtained":[{"floor":1.0,"key":"LetterFromLob"},{"floor":6.0,"key":"War Paint"},{"floor":9.0,"key":"Happy Flower"},{"floor":10.0,"key":"Oddly Smooth Stone"},{"floor":17.0,"key":"Juzu Bracelet"},{"floor":17.0,"key":"Meat on the Bone"},{"floor":17.0,"key":"Thread and Needle"},{"floor":26,"key":"Gremlin Horn"},{"floor":27,"key":"DemoMod:LamentConfigurum"},{"floor":31,"key":"Boot"},{"floor":35,"key":"AtMidnight"},{"floor":43,"key":"Mango"},{"floor":45,"key":"DemoMod:RingOfEthereal"}],"event_choices":[{"damage_healed":0.0,"max_hp_gain":0.0,"max_hp_loss":0.0,"gold_gain":0.0,"event_name":"The Woman in Blue","player_choice":"Bought 0 Potions","floor":4.0,"gold_loss":0.0,"damage_taken":0.0},{"damage_healed":0.0,"max_hp_gain":0.0,"max_hp_loss":0.0,"gold_gain":0.0,"event_name":"Big Fish","player_choice":"Box","floor":8.0,"gold_loss":0.0,"damage_taken":0.0,"relics_obtained":["DemoMod:Relodestone"],"cards_obtained":["Regret"]},{"damage_healed":0.0,"max_hp_gain":0.0,"max_hp_loss":6.0,"gold_gain":0.0,"event_name":"betterThird:BetterWriting","player_choice":"Simplicity","floor":19.0,"gold_loss":0.0,"damage_taken":0.0},{"damage_healed":0.0,"max_hp_gain":0.0,"max_hp_loss":0.0,"gold_gain":0.0,"event_name":"NoteForYourself","player_choice":"Ignored","floor":20.0,"gold_loss":0.0,"damage_taken":0.0},{"damage_healed":0.0,"max_hp_gain":0.0,"max_hp_loss":0.0,"gold_gain":0.0,"event_name":"The Library","player_choice":"Read","floor":22.0,"gold_loss":0.0,"damage_taken":0.0,"cards_obtained":["hermit:Grudge"]},{"damage_healed":0,"gold_gain":0,"player_choice":"2 cards matched","damage_taken":0,"max_hp_gain":0,"max_hp_loss":0,"event_name":"Match and Keep!","floor":36,"gold_loss":0,"cards_obtained":["hermit:EternalForm","hermit:SprayPray"]},{"cards_removed":["hermit:EternalForm"],"damage_healed":0,"gold_gain":0,"player_choice":"Removed Power","damage_taken":0,"max_hp_gain":0,"max_hp_loss":0,"event_name":"Falling","floor":38,"gold_loss":0},{"damage_healed":23,"gold_gain":0,"player_choice":"Writhe","damage_taken":0,"max_hp_gain":0,"max_hp_loss":0,"event_name":"Winding Halls","floor":39,"gold_loss":0,"cards_obtained":["Writhe"]},{"damage_healed":0,"gold_gain":0,"cards_transformed":["hermit:SprayPray"],"player_choice":"Transformed","damage_taken":0,"max_hp_gain":0,"max_hp_loss":0,"event_name":"Transmorgrifier","floor":41,"gold_loss":0,"cards_obtained":["hermit:OverwhelmingPower"]},{"damage_healed":0,"gold_gain":0,"player_choice":"Paid","damage_taken":0,"relics_obtained":["Red Mask"],"max_hp_gain":0,"max_hp_loss":0,"event_name":"Tomb of Lord Red Mask","floor":44,"gold_loss":88},{"damage_healed":0,"gold_gain":0,"player_choice":"Fight","damage_taken":0,"max_hp_gain":0,"max_hp_loss":0,"event_name":"Mysterious Sphere","floor":45,"gold_loss":0}],"is_beta":false,"boss_relics":[{"not_picked":["Pandora\u0027s Box","hermit:DentedPlate"],"picked":"Calling Bell"},{"not_picked":["Philosopher\u0027s Stone","Sozu","Runic Pyramid"]}],"items_purged_floors":[],"is_endless":false,"potions_floor_spawned":[1,7,16,18,29,33,40,45],"killed_by":"Donu and Deca","ascension_level":0}}