{"host":"yludllxm6rzdxpbb","time":1609453908,"event":{"mods":["AchievementEnabler","BaseMod","Better Third Choice","BetterRewards","Colored Map","Colored Powertips","Hermit","Hubris","Infinite Spire","Minty Spire (QoL Compilation)","Quick Restart","Replay The Spire","StSLib","The Hierophant","The Necromancer"],"gold_per_floor":[115,115,126,14,24,24,40,40,40,59,74,103,103,116,116,211,211,229,247,247,259,259,286,215,256,306,306,322,367,367,394,394,517,517,575,575,632,181,181,181,246,68,68,68,94,122,144,144,144,164,164],"floor_reached":50,"playtime":2047,"items_purged":[],"score":769,"play_id":"efa58354-e4fe-4640-9be0-8c94667369ac","local_time":"20210101013148","is_ascension_mode":true,"campfire_choices":[{"floor":6,"key":"RECALL"},{"data":"Spot Weakness","floor":15,"key":"SMITH"},{"floor":30,"key":"REST"},{"floor":32,"key":"REST"},{"data":"Armaments","floor":40,"key":"SMITH"},{"floor":44,"key":"REST"},{"floor":49,"key":"REST"}],"circlet_count":0,"master_deck":["Strike_R","Strike_R","Strike_R","Strike_R","Strike_R","Defend_R","Defend_R","Defend_R","Defend_R","Bash","Rupture+1","Perfected Strike","Life Link+1","Reaper","Reaper","Massacre+1","Cleave","Combust","Spot Weakness+1","Demon Form","Heavy Blade","Armaments+1","Thunderclap","Hemokinesis","Limit Break","Shrug It Off","Flame Barrier","Iron Wave+1","Demon Form","Parasite","Whirlwind+1","Life Link+1","Reaper","Seeing Red","Flex","Shrug It Off+1"],"relics":["Burning Blood","Snack Pack","Philosopher\u0027s Stone","infinitespire:Midas Blood","Iron Hammer","Red Skull","hubris:ScarierMask","Pen Nib","infinitespire:EvilPickle","Replay:Ancient Bell","Omamori","Onion Ring","hubris:BundleOfHerbs","Mango","PreservedInsect","infinitespire:Broken Mirror","Replay:Towering Pillar of Hats"],"acts_visited":["Exordium","TheCity","TheBeyond"],"potions_floor_usage":[12,19,21,32,33,41,41,46,50,50],"damage_taken":[{"damage":12,"enemies":"Small Slimes","floor":1,"turns":5},{"damage":0,"enemies":"Cultist","floor":3,"turns":2},{"damage":11,"enemies":"Jaw Worm","floor":5,"turns":3},{"damage":15,"enemies":"3 Louse","floor":7,"turns":4},{"damage":8,"enemies":"Exordium Wildlife","floor":10,"turns":4},{"damage":21,"enemies":"2 Fungi Beasts","floor":11,"turns":5},{"damage":27,"enemies":"Gremlin Nob","floor":12,"turns":4},{"damage":8,"enemies":"Lots of Slimes","floor":14,"turns":2},{"damage":78,"enemies":"Fading Forest","floor":16,"turns":11},{"damage":30,"enemies":"Shell Parasite","floor":18,"turns":4},{"damage":45,"enemies":"3 Byrds","floor":19,"turns":4},{"damage":45,"enemies":"Centurion and Healer","floor":21,"turns":5},{"damage":33,"enemies":"Slavers","floor":23,"turns":3},{"damage":66,"enemies":"Gremlin Leader","floor":25,"turns":6},{"damage":6,"enemies":"Snecko","floor":28,"turns":3},{"damage":46,"enemies":"Slavers","floor":29,"turns":4},{"damage":47,"enemies":"Snake Plant","floor":31,"turns":5},{"damage":51,"enemies":"Pondfish","floor":33,"turns":6},{"damage":13,"enemies":"3 Shapes","floor":35,"turns":3},{"damage":12,"enemies":"3 Darklings","floor":37,"turns":4},{"damage":82,"enemies":"Nemesis","floor":41,"turns":7},{"damage":18,"enemies":"4 Shapes","floor":45,"turns":3},{"damage":48,"enemies":"Spire Growth","floor":46,"turns":3},{"damage":1,"enemies":"Jaw Worm Horde","floor":47,"turns":2},{"damage":101,"enemies":"Donu and Deca","floor":50,"turns":6}],"seed_played":"5187256945409513690","potions_obtained":[{"floor":5,"key":"ColorlessPotion"},{"floor":11,"key":"DuplicationPotion"},{"floor":16,"key":"BlessingOfTheForge"},{"floor":18,"key":"Swift Potion"},{"floor":21,"key":"Block Potion"},{"floor":25,"key":"BloodPotion"},{"floor":28,"key":"PowerPotion"},{"floor":33,"key":"Swift Potion"},{"floor":37,"key":"Explosive Potion"},{"floor":45,"key":"FearPotion"},{"floor":46,"key":"SteroidPotion"},{"floor":47,"key":"Strength Potion"}],"is_trial":false,"path_per_floor":["M","?","M","$","M","R","M","$","T","M","M","E","?","M","R","B",null,"M","M","?","M","?","E","$","E","T","AVR","M","E","R","M","R","B",null,"M","?","M","$","?","R","E","$","T","R","M","M","M","?","R","B"],"character_chosen":"IRONCLAD","items_purchased":["Rupture","Perfected Strike","Reaper","Hemokinesis","Mango","PreservedInsect","Seeing Red","Flex","ColorlessPotion"],"campfire_rested":4,"item_purchase_floors":[0,0,4,24,38,38,42,42,42],"current_hp_per_floor":[74,74,80,80,80,80,77,77,77,78,69,48,48,55,55,41,80,62,39,39,57,57,55,55,33,33,33,48,34,58,22,62,61,80,78,76,72,86,86,86,40,40,40,67,78,57,68,68,90,3,3],"gold":164,"neow_bonus":"","is_daily":false,"chose_seed":false,"campfire_upgraded":2,"win_rate":0.0,"timestamp":1609453908,"path_taken":["M","?","M","$","M","R","M","?","T","M","M","E","?","M","R","BOSS","M","M","?","M","?","E","$","E","T","AVR","M","E","R","M","R","BOSS","M","?","M","$","?","R","E","$","T","R","M","?","M","?","R","BOSS"],"items_purchased_type":["Card","Card","Card","Card","Relic","Relic","Card","Card","Potion"],"build_version":"2020-12-22","purchased_purges":0,"victory":false,"max_hp_per_floor":[80,80,80,80,80,80,80,80,80,80,80,80,80,80,80,80,80,80,80,80,80,80,80,80,80,80,80,80,80,80,80,80,80,80,80,76,76,90,90,90,90,90,90,90,90,90,90,90,90,90,90],"card_choices":[{"not_picked":["Fire Breathing","Blood for Blood","Havoc"],"picked":"SKIP","floor":1},{"not_picked":["Clothesline","Whirlwind"],"picked":"Life Link","floor":3},{"not_picked":["Infernal Blade","Wild Strike","Shockwave"],"picked":"SKIP","floor":5},{"not_picked":["Replay:Undeath\u0027s Touch","Blood for Blood","Dark Embrace"],"picked":"SKIP","floor":7},{"not_picked":["Twin Strike","Clothesline"],"picked":"Massacre","floor":10},{"not_picked":["ReplayReversal","Fire Breathing"],"picked":"Cleave","floor":11},{"not_picked":["Barricade","Seeing Red"],"picked":"Combust","floor":12},{"not_picked":["Flex","ReplayTheSpireMod:Limb From Limb"],"picked":"Spot Weakness","floor":14},{"not_picked":["Replay:Many Hands","Brutality"],"picked":"Demon Form","floor":16},{"not_picked":["Sword Boomerang","Massacre"],"picked":"Heavy Blade","floor":18},{"not_picked":["Pommel Strike","Havoc","ReplayTheSpireMod:Corrosion Curse"],"picked":"SKIP","floor":19},{"not_picked":["Power Through","Demonic Infusion"],"picked":"Armaments","floor":21},{"not_picked":["Clash","ReplayReversal"],"picked":"Thunderclap","floor":23},{"not_picked":["Body Slam","Massacre"],"picked":"Limit Break","floor":25},{"not_picked":["Heavy Blade","ReplayTheSpireMod:Limb From Limb"],"picked":"Shrug It Off","floor":28},{"not_picked":["Dark Embrace","Havoc+1"],"picked":"Flame Barrier","floor":29},{"not_picked":["Body Slam","Sword Boomerang"],"picked":"Iron Wave+1","floor":31},{"not_picked":["Bludgeon","Replay:Many Hands"],"picked":"Demon Form","floor":33},{"not_picked":["CurseOfTheBell","ReplayTheSpireMod:IOU"],"picked":"Injury","floor":34},{"not_picked":["hubris:Greed","hubris:Envy"],"picked":"ReplayTheSpireMod:IOU","floor":34},{"not_picked":["ReplayTheSpireMod:Restless Dread","Replay:Hysterical Blindness"],"picked":"Parasite","floor":34},{"not_picked":["Iron Wave+1","Headbutt+1"],"picked":"Whirlwind+1","floor":35},{"not_picked":["ReplayTheSpireMod:Strike From Hell+1","Body Slam+1"],"picked":"Life Link+1","floor":37},{"not_picked":["infinitespire:OneForAll","Hemogenesis"],"picked":"Reaper","floor":41},{"not_picked":["Havoc+1","Power Through","Clothesline"],"picked":"SKIP","floor":45},{"not_picked":["Warcry","Carnage+1"],"picked":"Shrug It Off+1","floor":46},{"not_picked":["Perfected Strike","Clash+1","Defy Death"],"picked":"SKIP","floor":47}],"player_experience":317611,"relics_obtained":[{"floor":12,"key":"Snack Pack"},{"floor":23,"key":"infinitespire:Midas Blood"},{"floor":25,"key":"Iron Hammer"},{"floor":26,"key":"Red Skull"},{"floor":29,"key":"Pen Nib"},{"floor":41,"key":"infinitespire:Broken Mirror"},{"floor":43,"key":"Replay:Towering Pillar of Hats"}],"event_choices":[{"damage_healed":0,"gold_gain":0,"player_choice":"Upgraded","damage_taken":0,"max_hp_gain":0,"max_hp_loss":0,"event_name":"Upgrade Shrine","floor":2,"gold_loss":0,"cards_upgraded":["Rupture"]},{"damage_healed":0,"gold_gain":0,"player_choice":"Ignored","damage_taken":0,"max_hp_gain":0,"max_hp_loss":0,"event_name":"Beggar","floor":20,"gold_loss":0},{"damage_healed":0,"gold_gain":0,"player_choice":"Max HP","damage_taken":0,"max_hp_gain":0,"max_hp_loss":4,"event_name":"Winding Halls","floor":36,"gold_loss":0},{"damage_healed":0,"gold_gain":0,"player_choice":"Upgraded","damage_taken":0,"max_hp_gain":0,"max_hp_loss":0,"event_name":"Upgrade Shrine","floor":39,"gold_loss":0,"cards_upgraded":["Massacre"]}],"is_beta":false,"boss_relics":[{"not_picked":["Snecko Eye","Ring of Chaos"],"picked":"Philosopher\u0027s Stone"},{"not_picked":["Runic Pyramid","Empty Cage"],"picked":"Replay:Ancient Bell"},{"not_picked":["Pet Ghost","Centennial Puzzle"],"picked":"Omamori"},{"not_picked":["HornCleat","Frozen Egg 2"],"picked":"Onion Ring"},{"not_picked":["hubris:Potato","Du-Vu Doll"],"picked":"hubris:BundleOfHerbs"}],"items_purged_floors":[],"is_endless":false,"potions_floor_spawned":[5,11,16,18,21,25,28,33,37,45,46,47],"killed_by":"Donu and Deca","ascension_level":1}}