{"host":"51qmnr9isyv85d0p","time":1609418846,"event":{"mods":["AchievementEnabler","BaseMod","Colored Map","Colored Powertips","Curses Come First","Downfall","Minty Spire (QoL Compilation)","Relic Stats","StSLib","TestMod","vexMod"],"gold_per_floor":[99,113,189,202,602,9999,9999,10023,10066,9250,9250,9250,9100,9115,9127,9234,9234,9234,9250,9266,8487,8487,8529,8529,8529,8550,8593,8612,8658,7878,7892,7916,8019,8019,8019,8039,8062,8089,8113,8113,8113,8113,8132,8179,8278,8320,8320,8366,8376,8381],"floor_reached":51,"playtime":3113,"items_purged":["hexamod:Defend","hexamod:Defend","hexamod:Strike","hexamod:Defend+1"],"score":981,"play_id":"c37d98b8-8183-41bf-86e7-4be8b3570403","local_time":"20201231204726","is_ascension_mode":true,"campfire_choices":[{"data":"hexamod:UnlimitedPower","floor":1,"key":"SMITH"},{"data":"hexamod:NecessarySacrifice","floor":11,"key":"SMITH"},{"data":"hexamod:Float","floor":18,"key":"SMITH"},{"data":"hexamod:VolcanoVisage","floor":25,"key":"SMITH"},{"data":"hexamod:HauntingEcho","floor":35,"key":"SMITH"},{"data":"hexamod:GhostShield","floor":40,"key":"SMITH"},{"data":"hexamod:InspiringFlames","floor":47,"key":"SMITH"}],"circlet_count":0,"master_deck":["hexamod:Strike+1","hexamod:Defend+1","hexamod:Sear+1","hexamod:Float+1","hexamod:UnlimitedPower+1","hexamod:SpectersWail+1","hexamod:NecessarySacrifice+1","hexamod:Hexaguard+1","hexamod:VolcanoVisage+1","hexamod:SecondSeal","hexamod:ThirdSeal","hexamod:GhostOfSpireFuture+1","hexamod:SixthSeal","hexamod:FifthSeal","hexamod:SpectersWail+1","hexamod:HauntingEcho+1","hexamod:ShieldOfDarkness+1","hexamod:GhostShield+1","hexamod:GhostShield+1","hexamod:SpectersWail","hexamod:InspiringFlames+1","hexamod:Hexaguard+1","hexamod:BurningTouch+1","hexamod:ThermalTransfer+1","hexamod:NightmareStrike+1","hexamod:Hexaguard+1","hexamod:ThermalTransfer+1","hexamod:GhostShield","hexamod:BurningTouch+1","hexamod:NightmareGuise+1","hexamod:HauntingEcho+1","hexamod:Hexaguard+1"],"relics":["hexamod:SpiritBrand","testmod-CardMagician","vexMod:ConsolationPrize","Bag of Marbles","Bottled Lightning","Meat on the Bone","MealTicket","testmod-Charity","testmod-DreamHouse","Happy Flower","Lantern","vexMod:CardConverter","Sling","Regal Pillow","InkBottle","Mercury Hourglass","testmod-LifeArmor","hexamod:SoulOfChaos","testmod-Acrobat","Membership Card","vexMod:CursedCompass","Mummified Hand","testmod-Muramasa","Juzu Bracelet","Frozen Egg 2","Anchor"],"acts_visited":["Exordium","TheCity","TheBeyond"],"potions_floor_usage":[8,19,23,23,33,44,50],"damage_taken":[{"damage":0,"enemies":"Cultist","floor":2,"turns":3},{"damage":0,"enemies":"Small Slimes","floor":4,"turns":2},{"damage":5,"enemies":"2 Louse","floor":6,"turns":2},{"damage":10,"enemies":"Gremlin Gang","floor":8,"turns":3},{"damage":9,"enemies":"Lagavulin","floor":9,"turns":4},{"damage":0,"enemies":"downfall:FleeingMerchant","floor":10,"turns":4},{"damage":0,"enemies":"2 Fungi Beasts","floor":14,"turns":2},{"damage":0,"enemies":"Exordium Wildlife","floor":15,"turns":2},{"damage":9,"enemies":"downfall:Watcher","floor":16,"turns":6},{"damage":0,"enemies":"Chosen","floor":19,"turns":3},{"damage":0,"enemies":"3 Byrds","floor":20,"turns":2},{"damage":2,"enemies":"downfall:FleeingMerchant","floor":21,"turns":4},{"damage":10,"enemies":"Book of Stabbing","floor":23,"turns":3},{"damage":12,"enemies":"Shelled Parasite and Fungi","floor":26,"turns":4},{"damage":16,"enemies":"Gremlin Leader","floor":27,"turns":4},{"damage":0,"enemies":"Cultist and Chosen","floor":28,"turns":4},{"damage":6,"enemies":"downfall:FleeingMerchant","floor":30,"turns":4},{"damage":0,"enemies":"Centurion and Healer","floor":31,"turns":3},{"damage":0,"enemies":"Snake Plant","floor":32,"turns":3},{"damage":2,"enemies":"downfall:Defect","floor":33,"turns":6},{"damage":6,"enemies":"Orb Walker","floor":36,"turns":3},{"damage":0,"enemies":"3 Shapes","floor":37,"turns":3},{"damage":0,"enemies":"Transient","floor":38,"turns":5},{"damage":0,"enemies":"3 Darklings","floor":39,"turns":5},{"damage":0,"enemies":"Jaw Worm Horde","floor":43,"turns":3},{"damage":11,"enemies":"Reptomancer","floor":44,"turns":3},{"damage":3,"enemies":"Nemesis","floor":46,"turns":3},{"damage":0,"enemies":"downfall:FleeingMerchant","floor":48,"turns":1},{"damage":0,"enemies":"Sphere and 2 Shapes","floor":49,"turns":3},{"damage":6,"enemies":"downfall:Ironclad","floor":50,"turns":9}],"seed_played":"-6556335068126328164","potions_obtained":[{"floor":6,"key":"SkillPotion"},{"floor":9,"key":"Fire Potion"},{"floor":14,"key":"Swift Potion"},{"floor":20,"key":"Fire Potion"},{"floor":27,"key":"Swift Potion"},{"floor":33,"key":"Weak Potion"},{"floor":42,"key":"BlessingOfTheForge"},{"floor":46,"key":"SteroidPotion"},{"floor":49,"key":"Strength Potion"}],"is_trial":false,"path_per_floor":["R","M","T","M","?","M","T","M","E","$","R","?","?","M","M","B",null,"R","M","M","$","?","E","T","R","M","E","M","T","$","M","M","B",null,"R","M","M","M","M","R","T","?","M","E","?","E","R","$","M","B",null],"character_chosen":"THE_SPIRIT","items_purchased":["Meat on the Bone","MealTicket","testmod-Charity","hexamod:ThirdSeal","Strength Potion","Fire Potion","vexMod:CardConverter","testmod-OneHitWonder","Sling","hexamod:FourthSeal","hexamod:SoulOfChaos","testmod-Acrobat","Membership Card","testmod-TimePotion","hexamod:GhostShield","hexamod:SpectersWail","Frozen Egg 2","Anchor","Fire Potion"],"campfire_rested":0,"item_purchase_floors":[10,10,10,10,10,10,21,21,21,21,30,30,30,30,30,30,48,48,48],"current_hp_per_floor":[70,70,70,70,70,65,65,55,46,46,46,46,80,81,82,76,85,85,86,87,89,89,86,86,86,82,73,78,79,100,111,118,135,168,168,175,181,200,217,217,217,217,229,233,234,246,246,264,272,294],"gold":8381,"neow_bonus":"ONE_RANDOM_RARE_CARD","is_daily":false,"chose_seed":false,"campfire_upgraded":7,"win_rate":0.0,"timestamp":1609418846,"path_taken":["R","M","?","?","?","M","T","M","E","$","R","?","?","M","M","BOSS","R","M","?","$","?","E","T","R","M","E","M","?","$","M","M","BOSS","R","M","M","M","M","R","T","?","?","E","?","E","R","$","M","BOSS"],"items_purchased_type":["Relic","Relic","Relic","Card","Potion","Potion","Relic","Relic","Relic","Card","Relic","Relic","Relic","Potion","Card","Card","Relic","Relic","Potion"],"build_version":"2020-12-22","purchased_purges":4,"victory":true,"max_hp_per_floor":[70,70,70,70,70,70,70,70,70,70,70,70,80,81,82,85,85,85,86,87,91,91,98,98,98,106,113,118,119,131,142,149,168,168,168,181,187,206,223,223,223,223,235,250,251,266,266,269,277,305],"relic_stats":{"Regal Pillow":0,"Happy Flower":[26],"counters":[30,105],"Mummified Hand":[23],"MealTicket":30,"Juzu Bracelet":0,"obtain_stats":[{"Lantern":17,"Regal Pillow":23,"testmod-LifeArmor":29,"Juzu Bracelet":46,"Sling":21,"testmod-Charity":10,"vexMod:CardConverter":21,"Mummified Hand":41,"hexamod:SoulOfChaos":30,"MealTicket":10,"testmod-DreamHouse":17,"hexamod:SpiritBrand":0,"InkBottle":24,"testmod-Muramasa":44,"testmod-TestBox":0,"Happy Flower":17,"vexMod:ConsolationPrize":3,"testmod-CardMagician":0,"Frozen Egg 2":48,"Mercury Hourglass":27,"Anchor":48,"testmod-Acrobat":30,"Bag of Marbles":7,"vexMod:CursedCompass":34,"Bottled Lightning":9,"Membership Card":30,"testmod-OneHitWonder":21,"Meat on the Bone":10},{"Lantern":9,"Regal Pillow":13,"testmod-LifeArmor":16,"Juzu Bracelet":27,"Sling":12,"testmod-Charity":6,"vexMod:CardConverter":12,"Mummified Hand":24,"hexamod:SoulOfChaos":17,"MealTicket":6,"testmod-DreamHouse":9,"hexamod:SpiritBrand":0,"InkBottle":13,"testmod-Muramasa":26,"testmod-TestBox":0,"Happy Flower":9,"vexMod:ConsolationPrize":1,"testmod-CardMagician":0,"Frozen Egg 2":28,"Mercury Hourglass":15,"Anchor":28,"testmod-Acrobat":17,"Bag of Marbles":3,"vexMod:CursedCompass":20,"Bottled Lightning":5,"Membership Card":17,"testmod-OneHitWonder":12,"Meat on the Bone":6},{"Lantern":28,"Regal Pillow":40,"testmod-LifeArmor":52,"Juzu Bracelet":92,"Sling":37,"testmod-Charity":18,"vexMod:CardConverter":37,"Mummified Hand":83,"hexamod:SoulOfChaos":56,"MealTicket":18,"testmod-DreamHouse":28,"hexamod:SpiritBrand":0,"InkBottle":40,"testmod-Muramasa":89,"testmod-TestBox":0,"Happy Flower":28,"vexMod:ConsolationPrize":3,"testmod-CardMagician":0,"Frozen Egg 2":93,"Mercury Hourglass":48,"Anchor":93,"testmod-Acrobat":56,"Bag of Marbles":7,"vexMod:CursedCompass":67,"Bottled Lightning":14,"Membership Card":56,"testmod-OneHitWonder":37,"Meat on the Bone":18}],"InkBottle":[31],"Meat on the Bone":0,"Mercury Hourglass":[160]},"card_choices":[{"not_picked":["hexamod:NightmareStrike","hexamod:NightmareGuise"],"picked":"hexamod:SpectersWail","floor":2},{"not_picked":["hexamod:NightmareGuise","hexamod:BacktrackSmack"],"picked":"hexamod:NecessarySacrifice","floor":4},{"not_picked":["hexamod:HauntingEcho","hexamod:Haunt","hexamod:HeatCrush"],"picked":"SKIP","floor":6},{"not_picked":["hexamod:InspiringFlames","hexamod:HauntingEcho"],"picked":"hexamod:Hexaguard","floor":8},{"not_picked":["hexamod:ExtraCrispy","hexamod:BacktrackSmack"],"picked":"hexamod:VolcanoVisage","floor":9},{"not_picked":["hexamod:BurningTouch","hexamod:NightmareStrike"],"picked":"hexamod:SecondSeal","floor":10},{"not_picked":["hexamod:Firestarter","hexamod:NightmareGuise","hexamod:SkipABeat"],"picked":"SKIP","floor":14},{"not_picked":["hexamod:BacktrackSmack","hexamod:FirstSeal"],"picked":"hexamod:GhostOfSpireFuture","floor":15},{"not_picked":["hexamod:UnleashSpirits","hexamod:EmpoweringStance"],"picked":"hexamod:SixthSeal","floor":16},{"not_picked":["hexamod:UnleashSpirits","hexamod:HexaLevel"],"picked":"hexamod:FifthSeal","floor":16},{"not_picked":["hexamod:SoulSteal+1","hexamod:InspiringFlames"],"picked":"hexamod:SpectersWail+1","floor":19},{"not_picked":["hexamod:ThermalTransfer","hexamod:BacktrackSmack","hexamod:GhostShield"],"picked":"SKIP","floor":19},{"not_picked":["hexamod:SixthSeal","hexamod:SecondSeal","hexamod:FourthSeal"],"picked":"SKIP","floor":19},{"not_picked":["hexamod:FastForward","hexamod:HauntingEcho","hexamod:GhostShield"],"picked":"SKIP","floor":20},{"not_picked":["hexamod:ShieldOfDarkness","hexamod:SuperheatedStrike","hexamod:GhostOfSpireFuture"],"picked":"SKIP","floor":21},{"not_picked":["hexamod:SwordOfDarkness","hexamod:ThermalTransfer","hexamod:InspiringFlames"],"picked":"SKIP","floor":21},{"not_picked":["hexamod:SuperheatedStrike","hexamod:BacktrackSmack"],"picked":"hexamod:ApocalypticArmor","floor":23},{"not_picked":["hexamod:SkipABeat","hexamod:ShieldOfDarkness"],"picked":"hexamod:FourthSeal","floor":23},{"not_picked":["hexamod:ThirdSeal","hexamod:SixthSeal"],"picked":"hexamod:FourthSeal","floor":26},{"not_picked":["hexamod:RecurringNightmare","hexamod:ChargedBarrage"],"picked":"hexamod:Rewind","floor":26},{"not_picked":["hexamod:GhostOfSpirePast","hexamod:HauntingEcho"],"picked":"hexamod:FlamesFromBeyond","floor":27},{"not_picked":["hexamod:HauntingEcho+1","hexamod:UnlimitedPower"],"picked":"hexamod:CrushingStance","floor":27},{"not_picked":["hexamod:FourthSeal","hexamod:SpectersWail"],"picked":"hexamod:HauntingEcho","floor":28},{"not_picked":["hexamod:SpectralSpark","hexamod:FourthSeal"],"picked":"hexamod:ShieldOfDarkness+1","floor":28},{"not_picked":["hexamod:GhostLash","hexamod:GhostOfSpirePast"],"picked":"hexamod:GhostShield","floor":30},{"not_picked":["hexamod:BacktrackSmack","hexamod:RainOfEmbers"],"picked":"hexamod:ParanormalForm","floor":30},{"not_picked":["hexamod:RadiantFlame","hexamod:Incineration"],"picked":"hexamod:InspiringFlames","floor":31},{"not_picked":["hexamod:ThirdSeal","hexamod:RainOfEmbers"],"picked":"hexamod:Hexaguard","floor":32},{"not_picked":["hexamod:TimeOfNeed","hexamod:EmpoweringStance"],"picked":"hexamod:HexaLevel","floor":33},{"not_picked":["hexamod:TimeOfNeed","hexamod:VolcanoVisage"],"picked":"hexamod:CrushingStance","floor":33},{"not_picked":["hexamod:SpectralAdrenaline+1","hexamod:SpectersWail"],"picked":"hexamod:BurningTouch","floor":36},{"not_picked":["hexamod:Firestarter+1","hexamod:BacktrackSmack"],"picked":"hexamod:ThermalTransfer+1","floor":36},{"not_picked":["hexamod:BacktrackSmack+1","hexamod:AdvancingGuard"],"picked":"hexamod:Again+1","floor":37},{"not_picked":["hexamod:ThermalTransfer+1","hexamod:ApocalypseNow"],"picked":"hexamod:NightmareStrike+1","floor":38},{"not_picked":["hexamod:ThermalTransfer+1","hexamod:Firestarter"],"picked":"hexamod:FlamesFromBeyond+1","floor":38},{"not_picked":["hexamod:NightmareStrike+1","hexamod:ThermalTransfer+1"],"picked":"hexamod:Hexaguard","floor":39},{"not_picked":["hexamod:SoulSteal+1","hexamod:NecessarySacrifice"],"picked":"hexamod:GhostflameBarrier+1","floor":39},{"not_picked":["hexamod:SecondSeal","hexamod:SixthSeal"],"picked":"hexamod:ThirdSeal","floor":43},{"not_picked":["hexamod:SpectersWail","hexamod:InspiringFlames+1"],"picked":"hexamod:ThermalTransfer+1","floor":43},{"not_picked":["hexamod:ThirdSeal","hexamod:FourthSeal"],"picked":"hexamod:SixthSeal","floor":44},{"not_picked":["hexamod:AdvancingGuard+1","hexamod:PhantomCloak"],"picked":"hexamod:GhostShield","floor":44},{"not_picked":["hexamod:SpectralAdrenaline","hexamod:Again"],"picked":"hexamod:BurningTouch","floor":46},{"not_picked":["hexamod:NightmareStrike+1","hexamod:BacktrackSmack+1"],"picked":"hexamod:NightmareGuise","floor":46},{"not_picked":["hexamod:Hexaguard+1","hexamod:GhostOfSpirePresent"],"picked":"hexamod:HauntingEcho+1","floor":48},{"not_picked":["hexamod:FlamesFromBeyond","hexamod:SpectersWail+1"],"picked":"hexamod:Hexaguard+1","floor":49}],"player_experience":44979,"relics_obtained":[{"floor":3,"key":"vexMod:ConsolationPrize"},{"floor":7,"key":"Bag of Marbles"},{"floor":9,"key":"Bottled Lightning"},{"floor":23,"key":"Regal Pillow"},{"floor":24,"key":"InkBottle"},{"floor":27,"key":"Mercury Hourglass"},{"floor":29,"key":"testmod-LifeArmor"},{"floor":41,"key":"Mummified Hand"},{"floor":44,"key":"testmod-Muramasa"},{"floor":46,"key":"Juzu Bracelet"}],"event_choices":[{"damage_healed":0,"gold_gain":400,"player_choice":"Sell","damage_taken":0,"max_hp_gain":0,"max_hp_loss":0,"event_name":"¶÷ÂåË¹µÄÅÌ×Ó","floor":5,"relics_lost":["testmod-TestBox"],"gold_loss":0},{"cards_removed":["hexamod:Strike"],"damage_healed":0,"gold_gain":0,"player_choice":"Card Removal","damage_taken":0,"max_hp_gain":0,"max_hp_loss":0,"event_name":"The Cleric","floor":12,"gold_loss":0},{"cards_removed":["hexamod:Strike"],"damage_healed":0,"gold_gain":0,"player_choice":"Elegance","damage_taken":0,"max_hp_gain":0,"max_hp_loss":0,"event_name":"Back to Basics","floor":22,"gold_loss":0}],"is_beta":false,"boss_relics":[{"not_picked":["testmod-IncinerationGenerator","Snecko Eye"],"picked":"testmod-DreamHouse"},{"not_picked":["SlaversCollar","Black Star"],"picked":"vexMod:CursedCompass"}],"items_purged_floors":[10,21,30,48],"is_endless":false,"potions_floor_spawned":[6,9,14,15,20,27,31,33,39,46,49],"ascension_level":3}}