{"host":"6999i8eg5ewbhdiq","time":1609419316,"event":{"mods":["AchievementEnabler","BaseMod","Colored Map","Colored Powertips","Highlight Path","Minty Spire (QoL Compilation)"],"gold_per_floor":[114,131,306,306,323,323,356,375,375,394,23,38,38,48,48,146,146,164,178,178,197,211,211,228,245,245,245,245,245,263,9,9,104,104,118,131,143,18,18,18],"floor_reached":39,"playtime":2639,"items_purged":["Defend_G","Strike_G","Strike_G"],"score":447,"play_id":"d755e484-158e-4d50-9d54-ae2554671e20","local_time":"20201231135516","is_ascension_mode":true,"campfire_choices":[{"data":"Venomology","floor":6.0,"key":"SMITH"},{"floor":15.0,"key":"REST"},{"floor":23.0,"key":"REST"},{"floor":28.0,"key":"REST"},{"floor":32.0,"key":"REST"}],"circlet_count":0,"master_deck":["Strike_G","Strike_G","Strike_G","Defend_G","Defend_G","Defend_G","Defend_G","Survivor","Neutralize","Venomology+1","Dagger Throw","Quick Slash","Doubt","Underhanded Strike","Tools of the Trade","Leg Sweep","Underhanded Strike","Acrobatics","Acrobatics","Decay","Acrobatics","Glass Knife"],"relics":["Ring of the Snake","Gremlin Horn","Shuriken","Turnip","Fusion Hammer","Thread and Needle","Mummified Hand","Happy Flower","HoveringKite"],"acts_visited":["Exordium","TheCity","TheBeyond"],"potions_floor_usage":[39],"damage_taken":[{"damage":1.0,"enemies":"2 Louse","floor":1.0,"turns":5.0},{"damage":0.0,"enemies":"Small Slimes","floor":2.0,"turns":3.0},{"damage":6.0,"enemies":"Jaw Worm","floor":5.0,"turns":4.0},{"damage":30.0,"enemies":"Gremlin Nob","floor":7.0,"turns":4.0},{"damage":1.0,"enemies":"Blue Slaver","floor":8.0,"turns":5.0},{"damage":8.0,"enemies":"Exordium Wildlife","floor":10.0,"turns":4.0},{"damage":2.0,"enemies":"3 Louse","floor":12.0,"turns":4.0},{"damage":0.0,"enemies":"Lots of Slimes","floor":14.0,"turns":1.0},{"damage":46.0,"enemies":"Hexaghost","floor":16.0,"turns":10.0},{"damage":25.0,"enemies":"2 Thieves","floor":18.0,"turns":4.0},{"damage":0.0,"enemies":"Chosen","floor":19.0,"turns":4.0},{"damage":36.0,"enemies":"Snecko","floor":21.0,"turns":7.0},{"damage":2.0,"enemies":"3 Cultists","floor":22.0,"turns":5.0},{"damage":0.0,"enemies":"Centurion and Healer","floor":24.0,"turns":5.0},{"damage":13.0,"enemies":"Snecko","floor":25.0,"turns":4.0},{"damage":0.0,"enemies":"Snake Plant","floor":30.0,"turns":5.0},{"damage":60.0,"enemies":"Automaton","floor":33.0,"turns":9.0},{"damage":61.0,"enemies":"3 Darklings","floor":35.0,"turns":6.0},{"damage":2.0,"enemies":"Orb Walker","floor":36.0,"turns":4.0},{"damage":10.0,"enemies":"Maw","floor":37.0,"turns":6.0},{"damage":53,"enemies":"4 Shapes","floor":39,"turns":5}],"seed_played":"4378349113170217359","potions_obtained":[{"floor":5.0,"key":"GamblersBrew"},{"floor":16.0,"key":"Weak Potion"},{"floor":18.0,"key":"CunningPotion"},{"floor":21.0,"key":"FearPotion"},{"floor":22.0,"key":"CultistPotion"},{"floor":30.0,"key":"Strength Potion"},{"floor":36.0,"key":"FearPotion"}],"is_trial":false,"path_per_floor":["M","M","?","?","M","R","E","M","T","M","$","M","?","M","R","B",null,"M","M","?","M","M","R","M","M","T","?","R","?","M","$","R","B",null,"M","M","M","$","M"],"character_chosen":"THE_SILENT","items_purchased":["Turnip","Happy Flower"],"campfire_rested":4,"item_purchase_floors":[11,31],"current_hp_per_floor":[69,69,69,74,68,68,38,37,37,29,29,27,27,27,49,3,75,50,50,50,14,12,34,34,21,21,21,43,43,43,43,65,5,75,14,12,2,2,0,0],"gold":18,"neow_bonus":"ONE_RANDOM_RARE_CARD","is_daily":false,"chose_seed":false,"campfire_upgraded":1,"win_rate":0.0,"timestamp":1609419316,"path_taken":["M","M","?","?","M","R","E","M","T","M","$","M","?","M","R","BOSS","M","M","?","M","M","R","M","M","T","?","R","?","M","$","R","BOSS","M","M","M","$","M"],"items_purchased_type":["Relic","Relic"],"build_version":"2020-12-22","purchased_purges":3,"victory":false,"max_hp_per_floor":[70,70,70,75,75,75,75,75,75,75,75,75,75,75,75,75,75,75,75,75,75,75,75,75,75,75,75,75,75,75,75,75,75,75,75,75,75,75,75,75],"card_choices":[{"not_picked":["Setup","Eviscerate"],"picked":"Dagger Throw","floor":1.0},{"not_picked":["Setup","Bane"],"picked":"Quick Slash","floor":2.0},{"not_picked":["Well Laid Plans","Catalyst","Deadly Poison"],"picked":"SKIP","floor":5.0},{"not_picked":["Cloak And Dagger","Riddle With Holes"],"picked":"Underhanded Strike","floor":7.0},{"not_picked":["Dodge and Roll","Deflect","Crippling Poison"],"picked":"SKIP","floor":8.0},{"not_picked":["Bouncing Flask","Envenom","Deflect"],"picked":"SKIP","floor":10.0},{"not_picked":["Bouncing Flask","Skewer","Deflect"],"picked":"SKIP","floor":12.0},{"not_picked":["Well Laid Plans","Sucker Punch","Leg Sweep"],"picked":"SKIP","floor":14.0},{"not_picked":["Bullet Time","Night Terror"],"picked":"Tools of the Trade","floor":16.0},{"not_picked":["Catalyst","Caltrops"],"picked":"Leg Sweep","floor":18.0},{"not_picked":["Footwork","Endless Agony","PiercingWail"],"picked":"SKIP","floor":19.0},{"not_picked":["Calculated Gamble","Blade Dance+1"],"picked":"Underhanded Strike","floor":21.0},{"not_picked":["Dagger Spray","Blade Dance","Outmaneuver"],"picked":"SKIP","floor":22.0},{"not_picked":["Eviscerate","Die Die Die"],"picked":"Acrobatics","floor":24.0},{"not_picked":["Bane+1","Slice"],"picked":"Acrobatics","floor":25.0},{"not_picked":["Dagger Spray","Cloak And Dagger"],"picked":"Acrobatics","floor":30.0},{"not_picked":["Doppelganger","Night Terror"],"picked":"Glass Knife","floor":33.0},{"not_picked":["PiercingWail+1","Outmaneuver+1","Finisher+1"],"picked":"SKIP","floor":35.0},{"not_picked":["Accuracy+1","Blade Dance","Dagger Throw+1"],"picked":"SKIP","floor":36.0},{"not_picked":["Venomology","Predator","PiercingWail"],"picked":"SKIP","floor":37.0}],"player_experience":111016,"relics_obtained":[{"floor":7.0,"key":"Gremlin Horn"},{"floor":9.0,"key":"Shuriken"},{"floor":26.0,"key":"Thread and Needle"}],"event_choices":[{"damage_healed":0.0,"max_hp_gain":0.0,"max_hp_loss":0.0,"gold_gain":175.0,"event_name":"Liars Game","player_choice":"AGREE","floor":3.0,"gold_loss":0.0,"damage_taken":0.0,"cards_obtained":["Doubt"]},{"damage_healed":0.0,"max_hp_gain":5.0,"max_hp_loss":0.0,"gold_gain":0.0,"event_name":"Big Fish","player_choice":"Donut","floor":4.0,"gold_loss":0.0,"damage_taken":0.0},{"damage_healed":0.0,"max_hp_gain":0.0,"max_hp_loss":0.0,"gold_gain":0.0,"event_name":"Shining Light","player_choice":"Ignored","floor":13.0,"gold_loss":0.0,"damage_taken":0.0},{"damage_healed":0.0,"max_hp_gain":0.0,"max_hp_loss":0.0,"gold_gain":0.0,"event_name":"Ghosts","player_choice":"Ignored","floor":20.0,"gold_loss":0.0,"damage_taken":0.0},{"damage_healed":0.0,"max_hp_gain":0.0,"max_hp_loss":0.0,"gold_gain":0.0,"event_name":"Forgotten Altar","player_choice":"Smashed Altar","floor":27.0,"gold_loss":0.0,"damage_taken":0.0,"cards_obtained":["Decay"]},{"damage_healed":0.0,"max_hp_gain":0.0,"max_hp_loss":0.0,"gold_gain":0.0,"event_name":"The Mausoleum","player_choice":"Opened","floor":29.0,"gold_loss":0.0,"damage_taken":0.0,"relics_obtained":["Mummified Hand"]}],"is_beta":false,"boss_relics":[{"not_picked":["Sozu","Snecko Eye"],"picked":"Fusion Hammer"},{"not_picked":["Velvet Choker","Pandora\u0027s Box"],"picked":"HoveringKite"}],"items_purged_floors":[11,31,38],"is_endless":false,"potions_floor_spawned":[5,12,16,18,19,21,22,30,36],"killed_by":"4 Shapes","ascension_level":3}}