{"host":"0ueeacaatm8t6jyh","time":1609403018,"event":{"mods":["AchievementEnabler","BaseMod","Colored Powertips","Minty Spire (QoL Compilation)","Rare Cards Sparkle","StSLib"],"gold_per_floor":[110,129,15,15,15,15,28,47,47,47,77,77,91,124,124,226,526,536,553,567,336,336,336,336],"floor_reached":23,"playtime":893,"items_purged":["Strike_P"],"score":314,"play_id":"ec00c59b-876c-4493-a241-ebe94321ea8e","local_time":"20201231162338","is_ascension_mode":true,"campfire_choices":[{"data":"Consecrate","floor":6.0,"key":"SMITH"},{"floor":10.0,"key":"REST"},{"data":"TalkToTheHand","floor":12.0,"key":"SMITH"},{"data":"Pray","floor":15.0,"key":"SMITH"}],"circlet_count":0,"master_deck":["Strike_P+1","Strike_P","Defend_P","Defend_P","Defend_P","Defend_P","Eruption","Vigilance","Wireheading","Consecrate+1","Wallop+1","LikeWater","Prostrate","FearNoEvil","TalkToTheHand+1","Pray+1","Scrawl","CurseOfTheBell","Vengeance+1","Crescendo+1","Nirvana"],"relics":["VioletLotus","Dream Catcher","Molten Egg 2","Sundial","Calling Bell","Old Coin","The Courier","Blood Vial","PreservedInsect"],"acts_visited":["Exordium","TheCity"],"potions_floor_usage":[],"damage_taken":[{"damage":9.0,"enemies":"2 Louse","floor":1.0,"turns":3.0},{"damage":0.0,"enemies":"Jaw Worm","floor":2.0,"turns":3.0},{"damage":0.0,"enemies":"Cultist","floor":7.0,"turns":3.0},{"damage":7.0,"enemies":"Gremlin Gang","floor":8.0,"turns":4.0},{"damage":0.0,"enemies":"Lagavulin","floor":11.0,"turns":7.0},{"damage":2.0,"enemies":"Looter","floor":13.0,"turns":3.0},{"damage":0.0,"enemies":"Gremlin Nob","floor":14.0,"turns":2.0},{"damage":9.0,"enemies":"The Guardian","floor":16.0,"turns":12.0},{"damage":33.0,"enemies":"Spheric Guardian","floor":18.0,"turns":6.0},{"damage":14.0,"enemies":"2 Thieves","floor":19.0,"turns":4.0},{"damage":23.0,"enemies":"Centurion and Healer","floor":20.0,"turns":5.0},{"damage":20,"enemies":"Gremlin Leader","floor":23,"turns":1}],"seed_played":"5910588819911593497","potions_obtained":[{"floor":1.0,"key":"Block Potion"},{"floor":5.0,"key":"Fire Potion"},{"floor":5.0,"key":"StancePotion"},{"floor":8.0,"key":"PowerPotion"},{"floor":11.0,"key":"Fruit Juice"},{"floor":16.0,"key":"AttackPotion"},{"floor":20.0,"key":"EssenceOfSteel"}],"is_trial":false,"path_per_floor":["M","M","$","?","?","R","M","M","T","R","E","R","M","E","R","B",null,"M","M","M","$","?","E"],"character_chosen":"WATCHER","items_purchased":["Wallop","LikeWater","PreservedInsect","Nirvana"],"campfire_rested":1,"item_purchase_floors":[3,3,21,21],"current_hp_per_floor":[63,63,63,49,49,49,49,42,42,63,68,68,66,66,66,57,72,41,29,8,8,8,0,0],"gold":336,"neow_bonus":"BOSS_RELIC","is_daily":false,"chose_seed":false,"campfire_upgraded":3,"win_rate":0.0,"timestamp":1609403018,"path_taken":["M","M","$","?","?","R","?","M","T","R","E","R","M","E","R","BOSS","M","M","?","$","?","E"],"items_purchased_type":["Card","Card","Relic","Card"],"build_version":"2020-12-22","purchased_purges":1,"victory":false,"max_hp_per_floor":[72,72,72,72,72,72,72,72,72,72,77,77,77,77,77,77,77,77,77,77,77,77,77,77],"card_choices":[{"not_picked":["Fasting2","PathToVictory"],"picked":"Wireheading","floor":1.0},{"not_picked":["Perseverance","Prostrate"],"picked":"Consecrate","floor":2.0},{"not_picked":["FlurryOfBlows","Consecrate"],"picked":"Prostrate","floor":7.0},{"not_picked":["Indignation","FlurryOfBlows"],"picked":"FearNoEvil","floor":8.0},{"not_picked":["CrushJoints","Halt"],"picked":"TalkToTheHand","floor":10.0},{"not_picked":["Swivel","ForeignInfluence","JustLucky+1"],"picked":"SKIP","floor":11.0},{"not_picked":["WindmillStrike+1","FollowUp+1","Sanctity"],"picked":"SKIP","floor":13.0},{"not_picked":["ReachHeaven+1","Fasting2"],"picked":"Pray","floor":14.0},{"not_picked":["Judgement","SpiritShield"],"picked":"Scrawl","floor":16.0},{"not_picked":["Sanctity","Prostrate"],"picked":"Vengeance+1","floor":18.0},{"not_picked":["WindmillStrike+1","Protect"],"picked":"Crescendo+1","floor":19.0},{"not_picked":["MasterReality","EmptyFist+1","Protect"],"picked":"SKIP","floor":20.0}],"player_experience":328791,"relics_obtained":[{"floor":9.0,"key":"Dream Catcher"},{"floor":11.0,"key":"Molten Egg 2"},{"floor":14.0,"key":"Sundial"},{"floor":17.0,"key":"Old Coin"},{"floor":17.0,"key":"The Courier"},{"floor":17.0,"key":"Blood Vial"}],"event_choices":[{"damage_healed":0.0,"max_hp_gain":0.0,"max_hp_loss":0.0,"gold_gain":0.0,"event_name":"Shining Light","player_choice":"Entered Light","floor":4.0,"gold_loss":0.0,"damage_taken":14.0,"cards_upgraded":["Wallop","Strike_P"]},{"damage_healed":0.0,"max_hp_gain":0.0,"max_hp_loss":0.0,"gold_gain":0.0,"event_name":"Lab","player_choice":"Got Potions","floor":5.0,"gold_loss":0.0,"damage_taken":0.0},{"cards_removed":["Strike_P"],"damage_healed":0.0,"max_hp_gain":0.0,"max_hp_loss":0.0,"gold_gain":0.0,"event_name":"Back to Basics","player_choice":"Elegance","floor":22.0,"gold_loss":0.0,"damage_taken":0.0}],"is_beta":false,"boss_relics":[{"not_picked":["Runic Pyramid","Velvet Choker"],"picked":"Calling Bell"}],"items_purged_floors":[21],"is_endless":false,"potions_floor_spawned":[1,8,11,16,20],"killed_by":"Gremlin Leader","ascension_level":5}}