{"host":"i0s8vbixp24k5aul","time":1609426284,"event":{"mods":["2.2 Compatiblity","Act Like it!","Aspiration","BaseMod","Better Note","Better Third Choice","Better Vampires","BetterUpgradePreview","Colorless Booster Pack","Dota2Spire","GifTheSpireLib","Halation","Hermit","Hubris","Jedi Mod","Minty Spire (QoL Compilation)","Optimize The Spire","StSLib","The Animator","TheWitcher","vexMod","??????REMEMod"],"gold_per_floor":[122,122,133,156,207,234,6,25,25,25,0,0,30,30,30,140,140],"floor_reached":16,"playtime":2413,"items_purged":["Pain"],"score":102,"play_id":"7e84129c-524a-4911-98f5-47847657dc1b","local_time":"20201231175124","is_ascension_mode":false,"campfire_choices":[{"floor":12,"key":"REST"},{"floor":15,"key":"REST"}],"circlet_count":0,"master_deck":["SnafuTest:DefaultCommonAttack","SnafuTest:DefaultCommonAttack","SnafuTest:DefaultCommonAttack","SnafuTest:BountyHunt","SnafuTest:DefaultCommonSkill","SnafuTest:DefaultCommonSkill","SnafuTest:DefaultCommonSkill","SnafuTest:SignYrden","SnafuTest:SpellTortoise","Core Surge","SnafuTest:ShoulderSlam","SnafuTest:Shooting","SnafuTest:MCSuccubusSeduction","SnafuTest:MelitelesCare","SnafuTest:SpellIncendiaryShower","SnafuTest:Siege","SnafuTest:AncestralRitual"],"relics":["SnafuTest:UnstableMutagenRelic","REME_ComplimentaryCards","WarpedTongs","SnafuTest:GriffinRelic","Toolbox","Blue Candle"],"acts_visited":["Exordium"],"potions_floor_usage":[5],"damage_taken":[{"damage":2,"enemies":"Small Slimes","floor":1,"turns":4},{"damage":4,"enemies":"Cultist","floor":3,"turns":3},{"damage":8,"enemies":"Jaw Worm","floor":4,"turns":2},{"damage":14,"enemies":"Blue Slaver","floor":5,"turns":3},{"damage":45,"enemies":"3 Sentries","floor":6,"turns":8},{"damage":15,"enemies":"2 Fungi Beasts","floor":8,"turns":3},{"damage":11,"enemies":"Exordium Wildlife","floor":13,"turns":5},{"damage":78,"enemies":"Slime Boss","floor":16,"turns":11}],"seed_played":"-4229431383091083288","potions_obtained":[{"floor":1,"key":"REME_GoldPotion"},{"floor":6,"key":"Ancient Potion"}],"is_trial":false,"path_per_floor":["M","?","M","M","M","E","$","M","T","$","?","R","M","?","R","B"],"character_chosen":"THE_WITCHER","items_purchased":["Toolbox"],"campfire_rested":2,"item_purchase_floors":[7],"current_hp_per_floor":[73,73,69,61,47,11,11,3,3,3,3,25,21,46,68,0,0],"gold":140,"neow_bonus":"THREE_CARDS","is_daily":false,"chose_seed":false,"campfire_upgraded":0,"win_rate":0.0,"timestamp":1609426284,"path_taken":["M","?","?","?","M","E","$","M","T","?","?","R","M","?","R","BOSS"],"items_purchased_type":["Relic"],"build_version":"2020-12-22","purchased_purges":1,"victory":false,"max_hp_per_floor":[75,75,75,75,75,75,75,75,75,75,75,75,75,75,75,75,75],"card_choices":[{"not_picked":["SnafuTest:FlashingRaid","SnafuTest:BattleCry"],"picked":"SnafuTest:SpellTortoise","floor":0},{"not_picked":["SnafuTest:SpellTelekinesis","SnafuTest:HermitsErudition"],"picked":"SnafuTest:ShoulderSlam","floor":1},{"not_picked":["SnafuTest:PowerAlwaysOnRoads","SnafuTest:BombMoonDust"],"picked":"SnafuTest:Shooting","floor":3},{"not_picked":["SnafuTest:PayBank","SnafuTest:SwiftAssault"],"picked":"SnafuTest:MCSuccubusSeduction","floor":4},{"not_picked":["SnafuTest:BombNorthernWind","SnafuTest:PowerVainGlory"],"picked":"SnafuTest:MelitelesCare","floor":5},{"not_picked":["SnafuTest:SignYrden","SnafuTest:SpellCalcinedMetamorphism"],"picked":"SnafuTest:SpellIncendiaryShower","floor":6},{"not_picked":["SnafuTest:SpellDispellingPush","SnafuTest:MCMockAndRun"],"picked":"SnafuTest:Siege","floor":8},{"not_picked":["SnafuTest:BombNorthernWind","SnafuTest:SpellIncendiaryShower"],"picked":"SnafuTest:AncestralRitual","floor":13}],"player_experience":750095,"relics_obtained":[{"floor":6,"key":"SnafuTest:GriffinRelic"},{"floor":9,"key":"Blue Candle"}],"event_choices":[{"damage_healed":0,"gold_gain":0,"player_choice":"Rummage","damage_taken":0,"relics_obtained":["WarpedTongs"],"max_hp_gain":0,"max_hp_loss":0,"event_name":"Accursed Blacksmith","floor":2,"gold_loss":0,"cards_obtained":["Pain"]},{"damage_healed":0,"gold_gain":0,"player_choice":"Left","damage_taken":0,"max_hp_gain":0,"max_hp_loss":0,"event_name":"betterThird:BetterGoop","floor":11,"gold_loss":25},{"damage_healed":25,"gold_gain":0,"player_choice":"Banana","damage_taken":0,"max_hp_gain":0,"max_hp_loss":0,"event_name":"Big Fish","floor":14,"gold_loss":0}],"is_beta":false,"boss_relics":[],"items_purged_floors":[7],"is_endless":false,"potions_floor_spawned":[1,6],"killed_by":"Slime Boss","ascension_level":0}}