{"host":"hn5ue0hgikd0sqnx","time":1609426520,"event":{"mods":["AchievementEnabler","Astrologer","Bard","BaseMod","Colored Map","Conspire","Curses Come First","Downfall","GifTheSpireLib","Hermit","Hubris","Infinite Spire","Marisa????????","Minty Spire (QoL Compilation)","Potionbrewer","Random Character Mod","Rare Cards Sparkle","Relic Stats","Remilia??????","Replay The Spire","StSLib","Td1madao Mod","The Animator","The Bug Knight","The Construct","The Elementalist","The Gatherer","The Hierophant","The Judge","The Mystic","The Problem Sleuth","The Runesmith","The Senshi","The Servant 0.9.4","The Spell Scribe","The Wild Card","The Witch","TheArtist","TheBandit","TheFirefly","Yuyuko"],"gold_per_floor":[111,121,121,121,136,170,170,213,213,213,249,65,65,88,88,214,214,228,268,268],"floor_reached":19,"playtime":2209,"items_purged":[],"score":185,"play_id":"0c3e1a02-b3da-4932-9997-b0b318046570","local_time":"20201231085520","is_ascension_mode":false,"campfire_choices":[{"floor":13.0,"key":"REST"},{"floor":15.0,"key":"REST"}],"circlet_count":1,"master_deck":["Runesmith:Strike_RS","Runesmith:Strike_RS","Runesmith:Strike_RS","Runesmith:Strike_RS","Runesmith:Defend_RS","Runesmith:Defend_RS","Runesmith:Defend_RS","Runesmith:Defend_RS","Runesmith:CraftFirestone+1","Runesmith:Fortify","Runesmith:RuneHurl","Runesmith:Retool","Runesmith:Grindstone","Runesmith:EnergizedChisel","Injury","Runesmith:LithiumIon","Runesmith:EarthShield","Runesmith:PoweredAnvil+1","Runesmith:GoWithTheFlow","Runesmith:CraftProtectio","Runesmith:PoweredAnvil","Runesmith:CraftMedicinae","Runesmith:Reinforce+1"],"relics":["Runesmith:BrokenRuby","Circlet","Replay:Bottled Steam","Golden Idol","Anchor","infinitespire:EmpoweringShard","ReplayTheSpireMod:Ninjato","sneckomod:BlankCard","hubris:ScarierMask"],"acts_visited":["Exordium","TheCity"],"potions_floor_usage":[],"damage_taken":[{"damage":0.0,"enemies":"2 Louse","floor":1.0,"turns":3.0},{"damage":0.0,"enemies":"Small Slimes","floor":2.0,"turns":3.0},{"damage":6.0,"enemies":"Cultist","floor":5.0,"turns":4.0},{"damage":14.0,"enemies":"Replay:BlueRogue","floor":6.0,"turns":5.0},{"damage":23.0,"enemies":"3 Sentries","floor":8.0,"turns":6.0},{"damage":18.0,"enemies":"Gremlin Nob","floor":11.0,"turns":5.0},{"damage":2.0,"enemies":"3 Louse","floor":14.0,"turns":5.0},{"damage":16.0,"enemies":"Slime Boss","floor":16.0,"turns":8.0},{"damage":10.0,"enemies":"Chosen","floor":18.0,"turns":5.0},{"damage":17.0,"enemies":"conspire:MimicChest","floor":19.0,"turns":6.0}],"seed_played":"2878174681671060060","potions_obtained":[{"floor":2.0,"key":"Explosive Potion"},{"floor":6.0,"key":"potionbrewer:InfectionPotion"},{"floor":8.0,"key":"sneckomod:MuddlingPotion"},{"floor":14.0,"key":"potionbrewer:ToxicPotion"}],"is_trial":true,"path_per_floor":["M","M","?","?","M","E","?","E","T","T","E","$","R","M","R","B",null,"M","?"],"character_chosen":"RUNESMITH_CLASS","items_purchased":["Runesmith:PoweredAnvil+1","Runesmith:GoWithTheFlow","Runesmith:CraftProtectio"],"campfire_rested":2,"item_purchase_floors":[12,12,12],"current_hp_per_floor":[70,70,70,70,64,50,50,27,27,27,9,9,30,28,49,33,70,60,43,43],"gold":268,"neow_bonus":"","is_daily":false,"chose_seed":false,"campfire_upgraded":0,"win_rate":0.0,"timestamp":1609426520,"path_taken":["M","M","?","?","?","E","?","E","T","?","E","$","R","M","R","BOSS","M","?"],"items_purchased_type":["Card","Card","Card"],"build_version":"2020-12-22","purchased_purges":0,"victory":false,"max_hp_per_floor":[70,70,70,70,70,70,70,70,70,70,70,70,70,70,70,70,70,70,70,70],"relic_stats":{"counters":[10,50],"Golden Idol":65,"obtain_stats":[{"Runesmith:BrokenRuby":0,"Anchor":8,"ReplayTheSpireMod:Ninjato":10,"LagranYue:RandomDrawCardRelic":0,"Golden Idol":7,"sneckomod:BlankCard":11,"hubris:ScarierMask":17,"Circlet":0,"infinitespire:EmpoweringShard":9,"Replay:Bottled Steam":6},{"Runesmith:BrokenRuby":0,"Anchor":5,"ReplayTheSpireMod:Ninjato":5,"LagranYue:RandomDrawCardRelic":0,"Golden Idol":4,"sneckomod:BlankCard":6,"hubris:ScarierMask":8,"Circlet":0,"infinitespire:EmpoweringShard":5,"Replay:Bottled Steam":4},{"Runesmith:BrokenRuby":0,"Anchor":21,"ReplayTheSpireMod:Ninjato":21,"LagranYue:RandomDrawCardRelic":0,"Golden Idol":15,"sneckomod:BlankCard":26,"hubris:ScarierMask":39,"Circlet":0,"infinitespire:EmpoweringShard":21,"Replay:Bottled Steam":15}]},"card_choices":[{"not_picked":["Runesmith:Grindstone","Runesmith:MakeshiftArmor"],"picked":"Runesmith:RuneHurl","floor":1.0},{"not_picked":["Runesmith:HeatExchange","Runesmith:Overpower"],"picked":"Runesmith:Retool","floor":2.0},{"not_picked":["Runesmith:CraftProtectio","Runesmith:BackupBattery"],"picked":"Runesmith:Grindstone","floor":5.0},{"not_picked":["Runesmith:UnlimitedPower","Runesmith:Overpower"],"picked":"Runesmith:EnergizedChisel","floor":6.0},{"not_picked":["Runesmith:Attraction","Runesmith:Overpower"],"picked":"Runesmith:LithiumIon","floor":8.0},{"not_picked":["Runesmith:Repurpose","Runesmith:HeatExchange"],"picked":"Runesmith:EarthShield","floor":11.0},{"not_picked":["Runesmith:MakeshiftArmor","Runesmith:FrozenChisel"],"picked":"Runesmith:PoweredAnvil","floor":14.0},{"not_picked":["Runesmith:ReplicatingBarrier","Runesmith:DuctTape"],"picked":"Runesmith:CraftMedicinae","floor":16.0},{"not_picked":["Runesmith:ChiselStab","Runesmith:StaticCage"],"picked":"Runesmith:Reinforce+1","floor":18.0}],"player_experience":34018,"relics_obtained":[{"floor":6.0,"key":"Replay:Bottled Steam"},{"floor":8.0,"key":"Anchor"},{"floor":9.0,"key":"infinitespire:EmpoweringShard"},{"floor":10.0,"key":"ReplayTheSpireMod:Ninjato"},{"floor":11.0,"key":"sneckomod:BlankCard"},{"floor":19,"key":"Circlet"}],"event_choices":[{"damage_healed":0.0,"max_hp_gain":0.0,"max_hp_loss":0.0,"gold_gain":0.0,"event_name":"conspire:Investor","player_choice":"Leave","floor":3.0,"gold_loss":0.0,"damage_taken":0.0},{"damage_healed":0.0,"max_hp_gain":0.0,"max_hp_loss":0.0,"gold_gain":0.0,"event_name":"Upgrade Shrine","player_choice":"Upgraded","floor":4.0,"gold_loss":0.0,"damage_taken":0.0,"cards_upgraded":["Runesmith:CraftFirestone"]},{"damage_healed":0.0,"max_hp_gain":0.0,"max_hp_loss":0.0,"gold_gain":0.0,"event_name":"Golden Idol","player_choice":"Take Wound","floor":7.0,"gold_loss":0.0,"damage_taken":0.0,"relics_obtained":["Golden Idol"],"cards_obtained":["Injury"]}],"is_beta":false,"boss_relics":[{"not_picked":["Coffee Dripper","expansioncontent:StudyCardRelic"],"picked":"hubris:ScarierMask"}],"items_purged_floors":[],"is_endless":false,"potions_floor_spawned":[2,6,8,14],"ascension_level":0}}