{"host":"w5ovz9boloi14a0g","time":1609442969,"event":{"mods":["BaseMod","Googly Eyes","Minty Spire (QoL Compilation)","StSLib","SuperFastMode"],"gold_per_floor":[364,364,378,328,103,103,143,143,143,162,200,53,53,86,86,212,275,291,291,314,72,87,87,87],"floor_reached":23,"playtime":576,"items_purged":[],"score":207,"play_id":"ce1b5e79-ea2e-41da-825a-454d2137a080","local_time":"20201231132929","is_ascension_mode":true,"campfire_choices":[{"data":"Enlightenment","floor":6.0,"key":"SMITH"},{"floor":8.0,"key":"REST"},{"floor":13.0,"key":"REST"},{"data":"Uppercut","floor":15.0,"key":"SMITH"}],"circlet_count":0,"master_deck":["Strike_R","Strike_R","Strike_R","Strike_R","Strike_R","Defend_R","Defend_R","Defend_R","Defend_R","Bash+1","Whirlwind","Injury","Enlightenment+1","Cleave","Uppercut+1","Dropkick","Pommel Strike+1"],"relics":["Burning Blood","Golden Idol","HandDrill","Lantern","Ornamental Fan","Mercury Hourglass","Happy Flower","Odd Mushroom","Tiny House","GremlinMask","StrikeDummy"],"acts_visited":["Exordium","TheCity"],"potions_floor_usage":[],"damage_taken":[{"damage":14.0,"enemies":"Jaw Worm","floor":1.0,"turns":5.0},{"damage":2.0,"enemies":"Small Slimes","floor":3.0,"turns":3.0},{"damage":57.0,"enemies":"Gremlin Nob","floor":7.0,"turns":6.0},{"damage":1.0,"enemies":"Cultist","floor":10.0,"turns":3.0},{"damage":21.0,"enemies":"3 Sentries","floor":11.0,"turns":7.0},{"damage":0.0,"enemies":"The Mushroom Lair","floor":14.0,"turns":2.0},{"damage":57.0,"enemies":"Hexaghost","floor":16.0,"turns":12.0},{"damage":1.0,"enemies":"Chosen","floor":18.0,"turns":4.0},{"damage":13,"enemies":"2 Thieves","floor":20,"turns":4},{"damage":25,"enemies":"Snecko","floor":22,"turns":6},{"damage":59,"enemies":"Slavers","floor":23,"turns":4}],"seed_played":"-4883412534104256123","potions_obtained":[{"floor":3.0,"key":"BloodPotion"},{"floor":11.0,"key":"BloodPotion"},{"floor":17.0,"key":"Weak Potion"}],"is_trial":false,"path_per_floor":["M","?","M","?","$","R","E","R","T","M","E","$","R","?","R","B",null,"M","?","M","$","M","E"],"character_chosen":"IRONCLAD","items_purchased":["HandDrill","Enlightenment","Happy Flower","StrikeDummy"],"campfire_rested":2,"item_purchase_floors":[5,5,12,21],"current_hp_per_floor":[72,72,76,76,76,76,25,49,49,54,39,39,63,69,69,18,85,85,85,78,78,59,0,0],"gold":87,"neow_bonus":"TWO_FIFTY_GOLD","is_daily":false,"chose_seed":false,"campfire_upgraded":2,"win_rate":0.0,"timestamp":1609442969,"path_taken":["M","?","M","?","?","R","E","R","T","M","E","$","R","?","R","BOSS","M","?","?","$","M","E"],"items_purchased_type":["Relic","Card","Relic","Relic"],"build_version":"2020-12-22","purchased_purges":0,"victory":false,"max_hp_per_floor":[80,80,80,80,80,80,80,80,80,80,80,80,80,80,80,80,85,85,85,85,85,85,85,85],"card_choices":[{"not_picked":["Power Through","Havoc"],"picked":"Whirlwind","floor":1.0},{"not_picked":["Body Slam","Burning Pact","Anger"],"picked":"SKIP","floor":3.0},{"not_picked":["Reaper","Anger","Dark Embrace"],"picked":"SKIP","floor":7.0},{"not_picked":["Clash","Combust"],"picked":"Cleave","floor":10.0},{"not_picked":["Havoc","True Grit","Warcry"],"picked":"SKIP","floor":11.0},{"not_picked":["Ghostly Armor","Clash"],"picked":"Uppercut","floor":14.0},{"not_picked":["Sentinel","Rupture"],"picked":"Dropkick","floor":17.0},{"not_picked":["Perfected Strike+1","Shrug It Off+1","Searing Blow"],"picked":"SKIP","floor":18.0},{"not_picked":["Sword Boomerang+1","Carnage"],"picked":"Pommel Strike+1","floor":20},{"not_picked":["Clothesline","Seeing Red+1","Pummel+1"],"picked":"SKIP","floor":22}],"player_experience":57209,"relics_obtained":[{"floor":7.0,"key":"Lantern"},{"floor":9.0,"key":"Ornamental Fan"},{"floor":11.0,"key":"Mercury Hourglass"},{"floor":14.0,"key":"Odd Mushroom"}],"event_choices":[{"damage_healed":0.0,"max_hp_gain":0.0,"max_hp_loss":0.0,"gold_gain":0.0,"event_name":"Golden Idol","player_choice":"Take Wound","floor":2.0,"gold_loss":0.0,"damage_taken":0.0,"relics_obtained":["Golden Idol"],"cards_obtained":["Injury"]},{"cards_removed":["Shame"],"damage_healed":0.0,"max_hp_gain":0.0,"max_hp_loss":0.0,"gold_gain":0.0,"event_name":"The Cleric","player_choice":"Card Removal","floor":4.0,"gold_loss":50.0,"damage_taken":0.0},{"damage_healed":0.0,"max_hp_gain":0.0,"max_hp_loss":0.0,"gold_gain":0.0,"event_name":"Mushrooms","player_choice":"Fought Mushrooms","floor":14.0,"gold_loss":0.0,"damage_taken":0.0},{"damage_healed":0.0,"max_hp_gain":0.0,"max_hp_loss":0.0,"gold_gain":0.0,"event_name":"FaceTrader","player_choice":"Trade","floor":19.0,"gold_loss":0.0,"damage_taken":0.0,"relics_obtained":["GremlinMask"]}],"is_beta":false,"boss_relics":[{"not_picked":["Velvet Choker","Philosopher\u0027s Stone"],"picked":"Tiny House"}],"items_purged_floors":[],"is_endless":false,"potions_floor_spawned":[3,11,18,22],"killed_by":"Slavers","ascension_level":1}}