{"host":"rmxeoilydwnfa1ap","time":1609412499,"event":{"mods":["2.2 Compatiblity","BaseMod","Better Third Choice","BetterRewards","Defuse TimeMaze Blight","HololiveMod","Hubris","Humility","Minty Spire (QoL Compilation)","Rare Cards Sparkle","Remove Card Discount Mod","Shop Mod","Spicy Shops","StSLib","¡¾ÒÅÎï¿¨ÅÆ¡¿REMEMod"],"gold_per_floor":[76,76,37,37,35,35,35,35,35,51,31,57,57,97,97,97,97],"floor_reached":16,"playtime":383,"items_purged":["Pain","Hololive_DiamondStrike","Hololive_WolfAndLamb+1","Hololive_FlareMind","Hololive_DurableLive","Hololive_Recruit","Hololive_AWSL","Hololive_OpenUp","Hololive_ASMR","Hololive_StarCraft","Hololive_BeCareful"],"score":154,"play_id":"3e0402d7-e1fe-4657-b257-fe4c9a84b27d","local_time":"20201231190139","daily_mods":["SealedDeck","Shiny","Vintage","Heirloom","Time Dilation","Flight","Elite Swarm"],"is_ascension_mode":false,"campfire_choices":[{"data":"Hololive_Nanodesu","floor":6,"key":"SMITH"},{"data":"Hololive_CallYozoraMel","floor":7,"key":"SMITH"},{"data":"Hololive_Thief","floor":8,"key":"SMITH"},{"data":"Hololive_Nanodesu","floor":13,"key":"SMITH"},{"data":"Hololive_CallHimemoriLuna","floor":15,"key":"SMITH"}],"circlet_count":0,"master_deck":["Hololive_Thief+1","Hololive_DDD","Hololive_Rebirth","Hololive_HighAtkLowDef","Hololive_MaximGun","Hololive_IdolExercise","Hololive_ScarfAndHalo","Hololive_Nanodesu+1","Hololive_CallNatsuiroMatsuri","Hololive_CocoNews","Hololive_CallShishiroBotan+1","Hololive_CocoNews","Hololive_CallMurasakiShion","Hololive_CallHimemoriLuna+1","Hololive_CallKiryuuCoco","Hololive_FlyingPonyTail","Hololive_CocoNews","Hololive_CallYozoraMel+1","Hololive_CallTokinoSora","Hololive_Nanodesu+1","Hololive_Thief"],"relics":["Hololive_TheStar","REME_ComplimentaryCards","Dead Branch","WarpedTongs","Girya","Bottled Lightning","hubris:PeanutButter","CeramicFish"],"acts_visited":["Exordium"],"potions_floor_usage":[],"damage_taken":[{"damage":0.0,"enemies":"Jaw Worm","floor":1.0,"turns":2.0},{"damage":0,"enemies":"Small Slimes","floor":10,"turns":2},{"damage":0,"enemies":"Gremlin Nob","floor":12,"turns":2},{"damage":0,"enemies":"3 Sentries","floor":14,"turns":3},{"damage":0,"enemies":"Hexaghost","floor":16,"turns":1}],"seed_played":"5724975559951581285","potions_obtained":[{"floor":14,"key":"EssenceOfSteel"}],"is_trial":true,"path_per_floor":["M","?","$","?","$","R","R","R","T","M","$","E","R","E","R","B"],"character_chosen":"Hololive_HololiveCharacter","items_purchased":["Hololive_CallTokinoSora"],"campfire_rested":0,"item_purchase_floors":[3],"current_hp_per_floor":[36,29,29,29,29,29,29,29,29,37,37,37,37,37,37,37,37],"gold":97,"neow_bonus":"","is_daily":false,"chose_seed":false,"campfire_upgraded":5,"win_rate":0.0,"timestamp":1609412499,"path_taken":["M","?","$","?","$","R","R","R","T","?","?","E","R","E","R","BOSS"],"items_purchased_type":["Card"],"build_version":"2020-12-22","purchased_purges":11,"victory":false,"max_hp_per_floor":[36,36,36,36,36,36,36,36,36,37,37,37,37,37,37,37,37],"card_choices":[{"not_picked":["Hololive_FlareMind","Hololive_DiamondStrike","Hololive_StarCraft"],"picked":"Hololive_Nanodesu","floor":12},{"not_picked":["Hololive_ASMR","Hololive_MaximGun","Hololive_HighAtkLowDef"],"picked":"Hololive_Thief","floor":14}],"player_experience":62069,"relics_obtained":[{"floor":9,"key":"Girya"},{"floor":10,"key":"Bottled Lightning"},{"floor":12,"key":"hubris:PeanutButter"},{"floor":14,"key":"CeramicFish"}],"event_choices":[{"damage_healed":36.0,"max_hp_gain":0.0,"max_hp_loss":36.0,"gold_gain":0.0,"event_name":"betterThird:BetterShining","player_choice":"Upgrade","floor":2.0,"gold_loss":0.0,"damage_taken":7.0,"cards_upgraded":["Hololive_CallShishiroBotan","Hololive_WolfAndLamb"]},{"damage_healed":0,"gold_gain":0,"player_choice":"Rummage","damage_taken":0,"relics_obtained":["WarpedTongs"],"max_hp_gain":0,"max_hp_loss":0,"event_name":"Accursed Blacksmith","floor":4,"gold_loss":0,"cards_obtained":["Pain"]}],"is_beta":false,"boss_relics":[],"items_purged_floors":[5,11,11,11,11,11,11,11,11,11,11],"is_endless":true,"potions_floor_spawned":[10,14],"killed_by":"Hexaghost","ascension_level":0}}