{"host":"igj4vwc42ivwqexo","time":1609421624,"event":{"mods":["BaseMod","Better Third Choice","Koishi","Marisa????????","Minty Spire (QoL Compilation)","Shop Mod","StSLib","The Blue Laboratory","The Disciple","The Hierophant","The Servant 0.9.4"],"gold_per_floor":[118,134,154,170,170,170,204,4,56,75,91,166,166,200,200,200,200],"floor_reached":16,"playtime":3584,"items_purged":["Regret"],"score":134,"play_id":"efeed513-40c3-4a7e-b91f-2a5f2faaa26d","local_time":"20201231143344","is_ascension_mode":true,"campfire_choices":[{"data":"Apotheosis","floor":6,"key":"SMITH"},{"data":"Storm","floor":15,"key":"SMITH"}],"circlet_count":0,"master_deck":["Strike_B","Strike_B","Strike_B","Strike_B","Defend_B","Defend_B","Defend_B","Defend_B","Zap","Dualcast","Writhe","Apotheosis+1","Coolheaded","Hologram","Electrodynamics","Thunder Strike","Coolheaded","Hello World","Wish","Storm+1"],"relics":["Cracked Core","InkBottle","Nunchaku","Dream Catcher","Eternal Feather","Smiling Mask"],"acts_visited":["Exordium"],"potions_floor_usage":[11,14],"damage_taken":[{"damage":0,"enemies":"Cultist","floor":1,"turns":3},{"damage":2,"enemies":"Jaw Worm","floor":2,"turns":3},{"damage":4,"enemies":"Small Slimes","floor":3,"turns":3},{"damage":4,"enemies":"Blue Slaver","floor":4,"turns":4},{"damage":20,"enemies":"Lagavulin","floor":7,"turns":6},{"damage":2,"enemies":"2 Fungi Beasts","floor":10,"turns":4},{"damage":2,"enemies":"Lots of Slimes","floor":11,"turns":2},{"damage":9,"enemies":"Gremlin Nob","floor":14,"turns":6},{"damage":34,"enemies":"The Guardian","floor":16,"turns":2}],"seed_played":"-6555108492847684160","potions_obtained":[{"floor":2,"key":"blueLaboratory:ImpenetrablePotion"},{"floor":7,"key":"blueLaboratory:StoneskinPotion"},{"floor":14,"key":"blueLaboratory:AbyssPotion"}],"is_trial":false,"path_per_floor":["M","M","M","M","?","R","E","$","T","M","M","?","?","E","R","B"],"character_chosen":"DEFECT","items_purchased":["Thunder Strike","Coolheaded"],"campfire_rested":0,"item_purchase_floors":[8,8],"current_hp_per_floor":[75,73,69,65,65,65,45,45,45,43,41,30,18,9,21,0,0],"gold":200,"neow_bonus":"RANDOM_COLORLESS_2","is_daily":false,"chose_seed":false,"campfire_upgraded":2,"win_rate":0.0,"timestamp":1609421624,"path_taken":["M","M","M","M","?","R","E","?","T","?","M","?","?","E","R","BOSS"],"items_purchased_type":["Card","Card"],"build_version":"2020-12-22","purchased_purges":1,"victory":false,"max_hp_per_floor":[75,75,75,75,75,75,75,75,75,75,75,75,75,75,75,75,75],"card_choices":[{"not_picked":["Mayhem","Magnetism"],"picked":"Apotheosis","floor":0},{"not_picked":["Beam Cell","Barrage","Gash"],"picked":"SKIP","floor":1},{"not_picked":["Stack","Compile Driver"],"picked":"Coolheaded","floor":2},{"not_picked":["Redo","Steam"],"picked":"Hologram","floor":3},{"not_picked":["Leap","Gash"],"picked":"Electrodynamics","floor":4},{"not_picked":["Redo","Turbo","Gash"],"picked":"SKIP","floor":7},{"not_picked":["Amplify","Steam","Chill"],"picked":"SKIP","floor":10},{"not_picked":["Turbo","Compile Driver"],"picked":"Hello World","floor":11},{"not_picked":["Gash","Ball Lightning"],"picked":"Storm","floor":14}],"player_experience":269730,"relics_obtained":[{"floor":7,"key":"Nunchaku"},{"floor":9,"key":"Dream Catcher"},{"floor":14,"key":"Smiling Mask"}],"event_choices":[{"damage_healed":0,"gold_gain":0,"player_choice":"Box","damage_taken":0,"relics_obtained":["InkBottle"],"max_hp_gain":0,"max_hp_loss":0,"event_name":"Big Fish","floor":5,"gold_loss":0,"cards_obtained":["Regret"]},{"damage_healed":0,"gold_gain":75,"player_choice":"Gold","damage_taken":11,"max_hp_gain":0,"max_hp_loss":0,"event_name":"betterThird:BetterGoop","floor":12,"gold_loss":0}],"is_beta":false,"boss_relics":[],"items_purged_floors":[8],"is_endless":false,"potions_floor_spawned":[2,7,14],"killed_by":"The Guardian","ascension_level":4}}