{"host":"951sez6ulsv0fw1i","time":1609451795,"event":{"mods":["2.2 Compatiblity","Act Like it!","Aspiration","BaseMod","Better Third Choice","BetterRewards","CCEM","CapriCore","Conspire","Downfall","Gensokyo","Googly Eyes","Hermit","Infinite Spire","JesterMod","Luminous","Marisa????????","Minty Spire (QoL Compilation)","Potionbrewer","Reimu??????","Spicy Shops","StSLib","The Cursed","The Immortal","The Marked","The Runesmith","The Servant 0.9.4","TheVacant"],"gold_per_floor":[109,109,127,32,52,52,331,4,59,59,59,252,270,310,310,422,422,443,443,452,470,499,541,541,569,569,569,23,52,94,94,94,356,356,376,325,81,110,389,427,427,441,509,529,557,557,557,592,592,592],"floor_reached":51,"playtime":3103,"items_purged":["MokouMod:Defend"],"score":1064,"play_id":"80013de3-afa3-4bda-b8df-b6f78febf0c4","local_time":"20201231225635","is_ascension_mode":true,"campfire_choices":[{"data":"MokouMod:InfernalWave","floor":6,"key":"SMITH"},{"floor":10,"key":"REST"},{"floor":15,"key":"RECALL"},{"data":"MokouMod:Extinguish","floor":24,"key":"SMITH"},{"floor":27,"key":"DIG"},{"floor":32,"key":"DIG"},{"floor":46,"key":"DIG"},{"floor":49,"key":"DIG"}],"circlet_count":0,"master_deck":["MokouMod:Strike+1","MokouMod:Strike","MokouMod:Strike","MokouMod:Strike","MokouMod:Strike","MokouMod:Defend","MokouMod:Defend","MokouMod:Defend","MokouMod:HeatSpark+1","MokouMod:InfernalWave+1","MokouMod:EnchantingBambooForest","MokouMod:HeartofFire","MokouMod:HeatTransfer","MokouMod:Rekindle","MokouMod:FlareStarter","MokouMod:Ventilation","infinitespire:Collect","infinitespire:Oblivion","MokouMod:Firecracker","MokouMod:Extinguish+1","MokouMod:BlazingComet","MokouMod:FlickeringFlame","MokouMod:Rebirth","Gensokyo:CustomPotion","MokouMod:FlareStarter+1","MokouMod:ProfanedFlare","MokouMod:Sear+1","MokouMod:Refresh+1"],"relics":["Philosopher\u0027s Stone","Gensokyo:OccultBall","Ornamental Fan","Whetstone","Meat on the Bone","CeramicFish","infinitespire:WardingShard","MealTicket","Letter Opener","aspiration:RitualDagger","Gensokyo:MosesMiracle","SacredBark","aspiration:Nostalgia","Ring of the Snake","infinitespire:Satchel","Shovel","Sundial","CCEMRelics:SpiritsEdge","conspire:TreasureMap","aspiration:Nostalgia","theVacant:BrassGoblet","TheAbacus","CCEMRelics:JestersCrown","Omamori","infinitespire:BottledMercury","conspire:Boomerang","infinitespire:CursedDice","Black Star","potionbrewer:Keyblade","infinitespire:Golems Mask","CCEMRelics:Pendulum","aspiration:FetidBarrel","Bronze Scales","Regal Pillow","Calipers","CCEMRelics:TinyMinotavrHorn","Bottled Tornado","RuthlessExorcism:ReiMu","aspiration:StickyExplosives_weak"],"acts_visited":["Exordium","Gensokyo:Gensokyo","Gensokyo:Gensokyoer"],"potions_floor_usage":[44,44,44],"damage_taken":[{"damage":7,"enemies":"Gensokyo:2_Kodama","floor":1,"turns":3},{"damage":9,"enemies":"Gensokyo:Gryphon","floor":3,"turns":3},{"damage":0,"enemies":"Gensokyo:Python","floor":5,"turns":4},{"damage":62,"enemies":"Gensokyo:Mamizou","floor":7,"turns":11},{"damage":44,"enemies":"Gensokyo:Cirno","floor":12,"turns":7},{"damage":14,"enemies":"Gensokyo:Kitsune","floor":13,"turns":2},{"damage":6,"enemies":"Gensokyo:Aya","floor":14,"turns":5},{"damage":29,"enemies":"Gensokyo:Reimu","floor":16,"turns":9},{"damage":42,"enemies":"Gensokyo:AngelMirror","floor":18,"turns":4},{"damage":21,"enemies":"Gensokyo:3_Dogs","floor":22,"turns":3},{"damage":52,"enemies":"Gensokyo:Koishi","floor":23,"turns":5},{"damage":9,"enemies":"Gensokyo:Swordslinger","floor":25,"turns":3},{"damage":32,"enemies":"Gensokyo:Slime_Group","floor":29,"turns":4},{"damage":45,"enemies":"Gensokyo:Tenshi","floor":30,"turns":7},{"damage":18,"enemies":"Gensokyo:Eiki","floor":33,"turns":6},{"damage":12,"enemies":"Gensokyo:3_Boulders","floor":35,"turns":4},{"damage":34,"enemies":"Gensokyo:AncientGuardian","floor":38,"turns":6},{"damage":15,"enemies":"Gensokyo:Rafflesia","floor":39,"turns":5},{"damage":15,"enemies":"Gensokyo:Doremy","floor":40,"turns":5},{"damage":19,"enemies":"Gensokyo:4_Bats","floor":42,"turns":3},{"damage":54,"enemies":"Gensokyo:4_Bats","floor":44,"turns":3},{"damage":6,"enemies":"Gensokyo:SeedOfUnknown","floor":45,"turns":2},{"damage":19,"enemies":"Gensokyo:Marisa","floor":48,"turns":4},{"damage":12,"enemies":"Gensokyo:Yuyuko","floor":50,"turns":3}],"seed_played":"5354616961403722408","potions_obtained":[{"floor":3,"key":"potionbrewer:BoundlessPotion"},{"floor":7,"key":"Ancient Potion"},{"floor":12,"key":"Strength Potion"},{"floor":18,"key":"SteroidPotion"},{"floor":22,"key":"SteroidPotion"},{"floor":45,"key":"Strength Potion"}],"is_trial":false,"path_per_floor":["M","?","M","COS","M","R","E","$","T","R","T","E","M","E","R","B",null,"M","?","?","AVR","M","E","R","M","T","R","COS","M","E","M","R","B",null,"M","?","COS","M","M","E","?","M","T","R","M","R","?","E","R","B",null],"character_chosen":"MKU","items_purchased":["Whetstone","Meat on the Bone"],"campfire_rested":1,"item_purchase_floors":[8,8],"current_hp_per_floor":[68,68,59,59,59,59,18,18,18,40,40,30,28,34,34,17,75,45,45,45,45,36,61,61,60,60,60,60,39,21,18,18,41,75,75,75,75,42,54,61,61,53,53,68,75,75,64,64,64,64],"gold":592,"neow_bonus":"BOSS_RELIC","is_daily":false,"chose_seed":false,"campfire_upgraded":2,"win_rate":0.0,"timestamp":1609451795,"path_taken":["M","?","M","COS","?","R","E","$","T","R","?","E","M","E","R","BOSS","M","?","?","AVR","M","E","R","M","T","R","COS","M","E","M","R","BOSS","M","?","COS","M","M","E","?","M","T","R","M","R","?","E","R","BOSS"],"items_purchased_type":["Relic","Relic"],"build_version":"2020-12-22","purchased_purges":1,"victory":true,"max_hp_per_floor":[75,75,75,75,75,75,75,75,75,75,75,75,75,75,75,75,75,75,75,75,75,75,75,75,75,75,75,75,75,75,75,75,75,75,75,75,75,75,75,75,75,75,75,75,75,75,75,75,75,75],"card_choices":[{"not_picked":["MokouMod:IndiscriminateIgnition","MokouMod:ScorchingColumn"],"picked":"MokouMod:UncontrollableSolarReaction","floor":1},{"not_picked":["MokouMod:IgneousBlow","MokouMod:IgnitionBlast","MokouMod:SearingShot"],"picked":"SKIP","floor":3},{"not_picked":["MokouMod:Overheat","MokouMod:Burn"],"picked":"MokouMod:InfernalWave","floor":5},{"not_picked":["MokouMod:ExplosiveFlame","MokouMod:Ventilation"],"picked":"MokouMod:EnchantingBambooForest","floor":7},{"not_picked":["MokouMod:AdaptivePyromancy","MokouMod:ThermalPressure"],"picked":"MokouMod:HeartofFire","floor":7},{"not_picked":["MokouMod:DanceofFlames","MokouMod:ImperishableFlame"],"picked":"MokouMod:Singe","floor":12},{"not_picked":["MokouMod:Combust","MokouMod:AdaptivePyromancy","MokouMod:Singe"],"picked":"SKIP","floor":13},{"not_picked":["MokouMod:Rebirth","MokouMod:EternalBurstReactor"],"picked":"MokouMod:HeatTransfer","floor":14},{"not_picked":["MokouMod:RadiantBlade","MokouMod:Ventilation"],"picked":"MokouMod:Rekindle","floor":16},{"not_picked":["MokouMod:ResoluteFlare","MokouMod:AdaptivePyromancy"],"picked":"MokouMod:FlareStarter","floor":18},{"not_picked":["MokouMod:Afterburner+1","MokouMod:SubterraneanCore"],"picked":"MokouMod:Firecracker","floor":22},{"not_picked":["MokouMod:FusionFlare","MokouMod:RoaringFlare"],"picked":"MokouMod:Extinguish","floor":23},{"not_picked":["MokouMod:FlickeringFlame+1","MokouMod:ShiftIgnition"],"picked":"MokouMod:RisingSunBarrier","floor":25},{"not_picked":["MokouMod:RoaringFlare","MokouMod:UncontrollableSolarReaction"],"picked":"MokouMod:BlazingComet","floor":29},{"not_picked":["MokouMod:EnchantingBambooForest","MokouMod:Wildfire"],"picked":"MokouMod:FlickeringFlame","floor":30},{"not_picked":["MokouMod:PhoenixForm","MokouMod:SpontaneousHumanCombustion"],"picked":"MokouMod:Rebirth","floor":33},{"not_picked":["MokouMod:ResoluteFlare+1","MokouMod:Ember+1","MokouMod:TemporalFireSeal"],"picked":"SKIP","floor":35},{"not_picked":["MokouMod:RoaringFlare","MokouMod:GuidingSmoke+1"],"picked":"MokouMod:FlareStarter+1","floor":38},{"not_picked":["MokouMod:BlazingComet","MokouMod:SearingShot"],"picked":"MokouMod:ProfanedFlare","floor":39},{"not_picked":["MokouMod:BlazingComet+1","MokouMod:Cataclysm"],"picked":"MokouMod:Sear+1","floor":40},{"not_picked":["MokouMod:IgneousBlow+1","MokouMod:TemporalFireSeal+1","MokouMod:ThermalPressure"],"picked":"SKIP","floor":42},{"not_picked":["MokouMod:Ember+1","MokouMod:Stoke","MokouMod:SubterraneanCore"],"picked":"SKIP","floor":44},{"not_picked":["MokouMod:BurningHiddenBullet","MokouMod:ResoluteFlare"],"picked":"MokouMod:Refresh+1","floor":45},{"not_picked":["MokouMod:HeatTransfer+1","MokouMod:ProfanedFlare","MokouMod:TemporalFireSeal"],"picked":"SKIP","floor":48}],"player_experience":549709,"relics_obtained":[{"floor":7,"key":"Ornamental Fan"},{"floor":9,"key":"CeramicFish"},{"floor":11,"key":"infinitespire:WardingShard"},{"floor":12,"key":"MealTicket"},{"floor":14,"key":"Gensokyo:OccultBall"},{"floor":14,"key":"Letter Opener"},{"floor":16,"key":"Gensokyo:OccultBall"},{"floor":22,"key":"Gensokyo:OccultBall"},{"floor":23,"key":"infinitespire:Satchel"},{"floor":25,"key":"Shovel"},{"floor":25,"key":"Gensokyo:MosesMiracle"},{"floor":26,"key":"Sundial"},{"floor":27,"key":"CCEMRelics:SpiritsEdge"},{"floor":30,"key":"Omamori"},{"floor":32,"key":"conspire:Boomerang"},{"floor":33,"key":"infinitespire:CursedDice"},{"floor":33,"key":"Gensokyo:OccultBall"},{"floor":38,"key":"infinitespire:Golems Mask"},{"floor":38,"key":"Gensokyo:OccultBall"},{"floor":40,"key":"Gensokyo:OccultBall"},{"floor":40,"key":"Bronze Scales"},{"floor":40,"key":"Regal Pillow"},{"floor":43,"key":"Calipers"},{"floor":44,"key":"Gensokyo:OccultBall"},{"floor":46,"key":"CCEMRelics:TinyMinotavrHorn"},{"floor":48,"key":"Bottled Tornado"},{"floor":48,"key":"RuthlessExorcism:ReiMu"},{"floor":49,"key":"aspiration:StickyExplosives_weak"}],"event_choices":[],"is_beta":false,"boss_relics":[{"not_picked":["aspiration:PoetsPen_weak","Sozu"],"picked":"aspiration:RitualDagger"},{"not_picked":["SlaversCollar","RedLine:ReiMu"],"picked":"Black Star"}],"items_purged_floors":[21],"is_endless":false,"potions_floor_spawned":[3,7,12,18,22,38,45],"ascension_level":2}}