{"host":"l68ey5cc6843p92k","time":1609394470,"event":{"mods":["Act Like it!","Arknights The Spire","Aspiration","BaseMod","Friendly Minions","Hallownest","Infinite Spire","Kiyohime????","Minty Spire (QoL Compilation)","Permanent Neow","Rare Cards Sparkle","Replay The Spire","Shop Mod","StSLib","The Bug Knight","The Servant 0.9.4","slay the spire mod where everything is the same but ironclad has a cowboy hat"],"gold_per_floor":[114,114,129,141,51,51,61,109,109,109,126,142,160,185,185,280,280,292,309,309,309,309],"floor_reached":21,"playtime":1764,"items_purged":[],"score":183,"play_id":"50a23c7d-b01b-47a5-9ba5-e8785d8e3890","local_time":"20201231140110","is_ascension_mode":false,"campfire_choices":[{"data":"ats:Hammer On","floor":6,"key":"SMITH"},{"floor":10,"key":"REST"},{"floor":15,"key":"REST"}],"circlet_count":0,"master_deck":["ats:Strike C","ats:Strike G","ats:Strike S","ats:Strike V","ats:Armor Crushing Shot","ats:Defend","ats:Defend","ats:Defend","ats:Defend","ats:Emotion Absorption","ats:Poison Spread","ats:Poison Spread","ats:Explosion Area Strengthen","ats:Hammer On+1","ats:Thorns","ats:Apocalypse","ats:Poison Spread","ats:Shell Defense","ats:Hammer On","ats:Revitalization","ats:Dogmatic Field","ats:Magnetic Hammer","Comet"],"relics":["ats:Sanity","aspiration:Nostalgia","Iron Core","ats:Spiritual Recovery","Orichalcum","ats:Originium","Replay:Bottled Steam","aspiration:ServantSkillbook"],"acts_visited":["Exordium","TheCity"],"potions_floor_usage":[11,16,18,19],"damage_taken":[{"damage":6,"enemies":"Jaw Worm","floor":1,"turns":5},{"damage":1,"enemies":"Cultist","floor":3,"turns":3},{"damage":0,"enemies":"Small Slimes","floor":4,"turns":3},{"damage":6,"enemies":"3 Louse","floor":7,"turns":3},{"damage":8,"enemies":"Exordium Thugs","floor":11,"turns":6},{"damage":3,"enemies":"2 Fungi Beasts","floor":12,"turns":3},{"damage":8,"enemies":"Looter","floor":13,"turns":3},{"damage":12,"enemies":"Gremlin Nob","floor":14,"turns":4},{"damage":65,"enemies":"Fading Forest","floor":16,"turns":11},{"damage":23,"enemies":"Chosen","floor":18,"turns":5},{"damage":16,"enemies":"3 Byrds","floor":19,"turns":4},{"damage":87,"enemies":"3 Cultists","floor":21,"turns":5}],"seed_played":"1731073671285716002","potions_obtained":[{"floor":1,"key":"LifebloodPotion"},{"floor":4,"key":"AttackPotion"},{"floor":7,"key":"Strength Potion"},{"floor":13,"key":"PowerPotion"},{"floor":14,"key":"Fire Potion"},{"floor":18,"key":"Explosive Potion"}],"is_trial":false,"path_per_floor":["M","?","M","M","$","R","M","T","T","R","M","M","M","E","R","B",null,"M","M","?","M"],"character_chosen":"DOCTOR_CLASS","items_purchased":["ats:Hammer On","ats:Thorns"],"campfire_rested":2,"item_purchase_floors":[5,5],"current_hp_per_floor":[66,63,62,62,62,62,56,56,56,72,68,69,64,56,72,24,72,56,47,34,0,0],"gold":309,"neow_bonus":"NOSTALGIA","is_daily":false,"chose_seed":false,"campfire_upgraded":1,"win_rate":0.0,"timestamp":1609394470,"path_taken":["M","?","M","M","$","R","M","?","T","R","M","M","?","E","R","BOSS","M","M","?","M"],"items_purchased_type":["Card","Card"],"build_version":"2020-12-22","purchased_purges":0,"victory":false,"max_hp_per_floor":[72,72,72,72,72,72,72,72,72,72,72,72,72,72,72,72,72,72,72,77,77,77],"card_choices":[{"not_picked":["Headbutt","Warcry"],"picked":"ats:Poison Spread","floor":1},{"not_picked":["Rebound","Body Slam"],"picked":"ats:Poison Spread","floor":3},{"not_picked":["ats:Collapsing Strike","Evolve"],"picked":"ats:Explosion Area Strengthen","floor":4},{"not_picked":["ats:Childhood Dance","Headbutt"],"picked":"ats:Apocalypse","floor":7},{"not_picked":["ReplayTheSpireMod:Muscle Training","ats:Rapid Magazine"],"picked":"ats:Poison Spread","floor":11},{"not_picked":["Hologram","ats:Leaping Hammer"],"picked":"ats:Shell Defense","floor":12},{"not_picked":["ats:Dogmatic Field","Clash"],"picked":"ats:Hammer On","floor":13},{"not_picked":["Headbutt","ats:Directed Diagnosis"],"picked":"ats:Revitalization","floor":14},{"not_picked":["ats:True Silver Slash","Double Tap"],"picked":"ats:Dogmatic Field","floor":16},{"not_picked":["RealityMarble","ats:Poison Spread","ShatteredReality+1"],"picked":"ats:Magnetic Hammer","floor":18},{"not_picked":["ats:Poison Spread","ats:Childhood Dance+1","ats:Thorns"],"picked":"Comet","floor":19}],"player_experience":52572,"relics_obtained":[{"floor":8,"key":"ats:Spiritual Recovery"},{"floor":9,"key":"Orichalcum"},{"floor":14,"key":"ats:Originium"},{"floor":14,"key":"Replay:Bottled Steam"}],"event_choices":[{"damage_healed":0,"gold_gain":0,"player_choice":"Fled","damage_taken":3,"max_hp_gain":0,"max_hp_loss":0,"event_name":"Scrap Ooze","floor":2,"gold_loss":0},{"damage_healed":0,"gold_gain":0,"player_choice":"Shed Blood","damage_taken":18,"max_hp_gain":5,"max_hp_loss":0,"event_name":"Forgotten Altar","floor":20,"gold_loss":0}],"is_beta":false,"boss_relics":[{"not_picked":["ReplayTheSpireMod:DimensionalGlitch","infinitespire:Cupcake"],"picked":"aspiration:ServantSkillbook"}],"items_purged_floors":[],"is_endless":false,"potions_floor_spawned":[1,4,7,13,14,18],"killed_by":"3 Cultists","ascension_level":0}}