{"host":"tq7pufgtqftqw8yr","time":1609440331,"event":{"mods":["BaseMod","Downfall","Minty Spire (QoL Compilation)","StSLib"],"gold_per_floor":[99,117,135,148,168,202,202,52,62,92,108,108,142,52,71,166,216,216,232,248,0,0,0,0,25,25,75,130,130,330,330,330,330],"floor_reached":31,"playtime":3758,"items_purged":[],"score":308,"play_id":"12b03a38-c1da-4ad9-a30f-c013e9e950a9","local_time":"20210101024531","is_ascension_mode":true,"campfire_choices":[{"floor":1,"key":"RECALL"},{"floor":8,"key":"REST"},{"data":"Slimebound:Split","floor":12,"key":"SMITH"},{"data":"Slimebound:SlimeSlap","floor":18,"key":"SMITH"},{"floor":23,"key":"REST"},{"floor":26,"key":"REST"},{"floor":29,"key":"REST"}],"circlet_count":0,"master_deck":["Slimebound:Strike_Slimebound","Slimebound:Strike_Slimebound","Slimebound:Strike_Slimebound","Slimebound:Tackle","Slimebound:Defend_Slimebound","Slimebound:Defend_Slimebound","Slimebound:Defend_Slimebound","Slimebound:Defend_Slimebound","Slimebound:Split+1","Slimebound:CorrosiveSpit+1","Slimebound:SplitLeeching","Slimebound:RollThrough","Slimebound:SplitMire","Slimebound:Overexert","Slimebound:MegaLick","Slimebound:SplitSpecialist","Slimebound:Nibble","Slimebound:BestDefense","Slimebound:LevelUp","Slimebound:LeechEnergy","Slimebound:SlimeSlap+1","Slimebound:Schlurp","Slimebound:HauntingLick","Slimebound:HauntingLick+1","Slimebound:Darklings","Slimebound:PressTheAttack","Slimebound:Gluttony","Slimebound:SlimeSpikes"],"relics":["Slimebound:AbsorbEndCombat","Orichalcum","FossilizedHelix","downfall:HeartBlessingRed","downfall:HeartBlessingBlue","Lizard Tail","Question Card","Tiny House","Dream Catcher","downfall:KnowingSkull","White Beast Statue"],"acts_visited":["Exordium","TheCity"],"potions_floor_usage":[5,11,13,13,20,20,25,27],"damage_taken":[{"damage":9,"enemies":"Cultist","floor":2,"turns":4},{"damage":15,"enemies":"Small Slimes","floor":3,"turns":5},{"damage":14,"enemies":"2 Louse","floor":4,"turns":3},{"damage":13,"enemies":"Blue Slaver","floor":5,"turns":3},{"damage":40,"enemies":"Lagavulin","floor":6,"turns":7},{"damage":16,"enemies":"3 Louse","floor":9,"turns":3},{"damage":25,"enemies":"Gremlin Nob","floor":10,"turns":4},{"damage":5,"enemies":"Large Slime","floor":11,"turns":4},{"damage":16,"enemies":"3 Sentries","floor":13,"turns":7},{"damage":12,"enemies":"downfall:FleeingMerchant","floor":14,"turns":4},{"damage":9,"enemies":"Gremlin Gang","floor":15,"turns":3},{"damage":51,"enemies":"downfall:Watcher","floor":16,"turns":9},{"damage":10,"enemies":"Chosen","floor":19,"turns":3},{"damage":46,"enemies":"Sentry and Sphere","floor":20,"turns":7},{"damage":3,"enemies":"downfall:FleeingMerchant","floor":21,"turns":4},{"damage":18,"enemies":"downfall:FleeingMerchant","floor":25,"turns":4},{"damage":43,"enemies":"Snecko","floor":27,"turns":5},{"damage":32,"enemies":"Snake Plant","floor":28,"turns":3},{"damage":0,"enemies":"Book of Stabbing","floor":31,"turns":2}],"seed_played":"-4952005243185313451","potions_obtained":[{"floor":2,"key":"Strength Potion"},{"floor":9,"key":"Block Potion"},{"floor":10,"key":"LiquidMemories"},{"floor":11,"key":"Block Potion"},{"floor":13,"key":"champ:CounterPotion"},{"floor":16,"key":"Guardian:BlockOnCardUsePotion"},{"floor":17,"key":"ColorlessPotion"},{"floor":20,"key":"Weak Potion"},{"floor":25,"key":"Ancient Potion"},{"floor":27,"key":"ColorlessPotion"},{"floor":28,"key":"SpeedPotion"}],"is_trial":false,"path_per_floor":["R","M","M","M","M","E","T","R","M","E","M","R","E","$","M","B",null,"R","M","M","$","?","R","T","$","R","M","M","R","?","E"],"character_chosen":"SLIMEBOUND","items_purchased":["Slimebound:LevelUp","Slimebound:Darklings","Dream Catcher"],"campfire_rested":4,"item_purchase_floors":[14,21,21],"current_hp_per_floor":[60,57,54,52,51,35,35,66,64,49,62,62,70,70,70,41,75,75,75,43,46,40,62,62,60,75,52,32,54,54,54,54,54],"gold":330,"neow_bonus":"RANDOM_COMMON_RELIC","is_daily":false,"chose_seed":false,"campfire_upgraded":2,"win_rate":0.0,"timestamp":1609440331,"path_taken":["R","M","?","M","M","E","T","R","M","E","M","R","E","$","M","BOSS","R","M","M","$","?","R","T","?","R","?","M","R","?","E"],"items_purchased_type":["Card","Card","Relic"],"build_version":"2020-12-22","purchased_purges":0,"victory":false,"max_hp_per_floor":[60,60,60,60,60,60,60,70,70,70,70,70,70,70,70,70,75,75,75,75,75,75,75,75,75,75,75,75,75,75,75,75,75],"card_choices":[{"not_picked":["Slimebound:FlameTackle","Slimebound:SlimeBrawl","Slimebound:SplitAcid"],"picked":"SKIP","floor":2},{"not_picked":["Slimebound:SplitAcid","Slimebound:FirmFortitude"],"picked":"Slimebound:SplitLeeching","floor":3},{"not_picked":["Slimebound:SplitLeeching","Slimebound:SlimeBrawl"],"picked":"Slimebound:RollThrough","floor":4},{"not_picked":["Slimebound:LeadByExample","Slimebound:GoopSpray"],"picked":"Slimebound:SplitMire","floor":5},{"not_picked":["Slimebound:GrowthPunch","Slimebound:ItLooksTasty","Slimebound:Recollect"],"picked":"SKIP","floor":6},{"not_picked":["Slimebound:SplitLeeching","Slimebound:LeechingTouch"],"picked":"Slimebound:Overexert","floor":9},{"not_picked":["Slimebound:SamplingLick","Slimebound:ViciousTackle"],"picked":"Slimebound:MegaLick","floor":10},{"not_picked":["Slimebound:Recollect","Slimebound:SplitMire"],"picked":"Slimebound:SplitSpecialist","floor":11},{"not_picked":["Slimebound:AcidTongue","Slimebound:SamplingLick"],"picked":"Slimebound:Nibble","floor":13},{"not_picked":["Slimebound:SlimeSpikes","Slimebound:HauntingLick","Slimebound:LeechingTouch"],"picked":"Slimebound:BestDefense","floor":14},{"not_picked":["Slimebound:CheckThePlaybook","Slimebound:SpikyOuterGoop","Slimebound:SplitLeeching"],"picked":"Slimebound:LeechEnergy","floor":15},{"not_picked":["Slimebound:CheckThePlaybook","Slimebound:DouseInSlime","Slimebound:PrepareCrush"],"picked":"Slimebound:SlimeSlap","floor":16},{"not_picked":["Slimebound:ViciousTackle","Slimebound:SplitLeeching","Slimebound:SlimeBarrage"],"picked":"Slimebound:Schlurp","floor":17},{"not_picked":["Slimebound:Recollect","Slimebound:ViciousTackle","Slimebound:Replication+1"],"picked":"Slimebound:HauntingLick","floor":19},{"not_picked":["Slimebound:Nibble","Slimebound:Schlurp","Slimebound:ViciousTackle","Slimebound:SlimeBrawl+1"],"picked":"SKIP","floor":20},{"not_picked":["Slimebound:LeechingTouch","Slimebound:SlimeBrawl","Slimebound:FinishingTackle+1"],"picked":"Slimebound:HauntingLick+1","floor":21},{"not_picked":["Slimebound:GrowthPunch","Slimebound:SplitLeeching","Slimebound:SpikyOuterGoop+1"],"picked":"Slimebound:PressTheAttack","floor":23},{"not_picked":["Slimebound:SamplingLick","Slimebound:RollThrough","Slimebound:LeechingTouch+1"],"picked":"Slimebound:Gluttony","floor":25},{"not_picked":["Slimebound:LeechEnergy+1","Slimebound:FinishingTackle","Slimebound:SplitAcid"],"picked":"Slimebound:SlimeSpikes","floor":27},{"not_picked":["Slimebound:RollThrough","Slimebound:FinishingTackle","Slimebound:Repurpose","Slimebound:FormOfPuddle+1"],"picked":"SKIP","floor":28}],"player_experience":789318,"relics_obtained":[{"floor":6,"key":"FossilizedHelix"},{"floor":10,"key":"Lizard Tail"},{"floor":13,"key":"Question Card"},{"floor":24,"key":"White Beast Statue"}],"event_choices":[],"is_beta":false,"boss_relics":[{"not_picked":["Busted Crown","Coffee Dripper"],"picked":"Tiny House"}],"items_purged_floors":[],"is_endless":false,"potions_floor_spawned":[2,9,10,11,13,16,19,20,25,27,28],"killed_by":"Book of Stabbing","ascension_level":2}}