{"host":"bg8va46pgqgvtzim","time":1609399943,"event":{"mods":["BaseMod","Minty Spire (QoL Compilation)","Quick Restart","StSLib","SuperFastMode"],"gold_per_floor":[112,124,137,157,5,37,37,57,83,83,103,134,134,162,162,263,263,281,23,122,137,62,62,91,91,91,145,158,188,188,44,44,145,145,157,157,157,157,24,51,51,78,78,96,121,121,121,154,154,154,154,154,29,58,58],"floor_reached":56,"playtime":1318,"items_purged":["Strike_P","Strike_P","Strike_P"],"score":1812,"play_id":"85d818d7-0fac-4c49-b9bf-0f3903b59a61","local_time":"20201231153223","is_ascension_mode":true,"campfire_choices":[{"data":"Eruption","floor":7.0,"key":"SMITH"},{"data":"WheelKick","floor":10.0,"key":"SMITH"},{"data":"MentalFortress","floor":15.0,"key":"SMITH"},{"data":"Meditate","floor":23.0,"key":"SMITH"},{"data":"Scrawl","floor":25.0,"key":"SMITH"},{"data":"Scrawl","floor":30.0,"key":"SMITH"},{"data":"ClearTheMind","floor":32.0,"key":"SMITH"},{"data":"Madness","floor":41.0,"key":"SMITH"},{"floor":49.0,"key":"RECALL"},{"data":"Pray","floor":52.0,"key":"SMITH"}],"circlet_count":0,"master_deck":["Strike_P","Defend_P","Defend_P","Eruption+1","Vigilance","CutThroughFate","FlurryOfBlows","Meditate+1","WheelKick+1","ClearTheMind+1","MentalFortress+1","DevaForm","Scrawl+1","Scrawl+1","Crescendo","DeusExMachina","Pray+1","Flash of Steel","Panacea","Madness+1","Adaptation","Vault","Pray+1","Prostrate","Fasting2+1","TalkToTheHand+1"],"relics":["HolyWater","Medical Kit","Omamori","Tiny Chest","Ancient Tea Set","Regal Pillow","Sundial","Ornamental Fan","InkBottle","Juzu Bracelet","Art of War","ClockworkSouvenir","Black Star","Pen Nib","Darkstone Periapt","StrikeDummy","Prayer Wheel","Toy Ornithopter","Mercury Hourglass","StoneCalendar","Meat on the Bone","TeardropLocket","Anchor","HornCleat","Orichalcum"],"acts_visited":["Exordium","TheCity","TheBeyond","TheEnding"],"potions_floor_usage":[],"damage_taken":[{"damage":0.0,"enemies":"Small Slimes","floor":1.0,"turns":3.0},{"damage":0.0,"enemies":"Cultist","floor":2.0,"turns":2.0},{"damage":2.0,"enemies":"2 Louse","floor":3.0,"turns":2.0},{"damage":0.0,"enemies":"Large Slime","floor":4.0,"turns":2.0},{"damage":13.0,"enemies":"Lagavulin","floor":6.0,"turns":5.0},{"damage":0.0,"enemies":"2 Fungi Beasts","floor":8.0,"turns":2.0},{"damage":0.0,"enemies":"Looter","floor":11.0,"turns":1.0},{"damage":0.0,"enemies":"3 Sentries","floor":12.0,"turns":3.0},{"damage":0.0,"enemies":"Lagavulin","floor":14.0,"turns":4.0},{"damage":16.0,"enemies":"Hexaghost","floor":16.0,"turns":5.0},{"damage":0.0,"enemies":"Spheric Guardian","floor":18.0,"turns":3.0},{"damage":2.0,"enemies":"Chosen","floor":21.0,"turns":3.0},{"damage":7.0,"enemies":"Book of Stabbing","floor":24.0,"turns":3.0},{"damage":0.0,"enemies":"Centurion and Healer","floor":28.0,"turns":5.0},{"damage":1.0,"enemies":"Gremlin Leader","floor":29.0,"turns":5.0},{"damage":0.0,"enemies":"Collector","floor":33.0,"turns":5.0},{"damage":0.0,"enemies":"3 Darklings","floor":35.0,"turns":2.0},{"damage":0.0,"enemies":"Reptomancer","floor":40.0,"turns":4.0},{"damage":0.0,"enemies":"Giant Head","floor":42.0,"turns":3.0},{"damage":0.0,"enemies":"Orb Walker","floor":44.0,"turns":2.0},{"damage":1.0,"enemies":"Nemesis","floor":45.0,"turns":3.0},{"damage":0.0,"enemies":"Reptomancer","floor":48.0,"turns":3.0},{"damage":0.0,"enemies":"Awakened One","floor":50.0,"turns":4.0},{"damage":0,"enemies":"Shield and Spear","floor":54,"turns":3},{"damage":0,"enemies":"The Heart","floor":55,"turns":6}],"seed_played":"-3590629112025692586","potions_obtained":[{"floor":1.0,"key":"PowerPotion"},{"floor":3.0,"key":"SpeedPotion"},{"floor":11.0,"key":"BottledMiracle"},{"floor":14.0,"key":"SkillPotion"},{"floor":29.0,"key":"SpeedPotion"},{"floor":33.0,"key":"PowerPotion"},{"floor":42.0,"key":"Fire Potion"},{"floor":48.0,"key":"PowerPotion"}],"is_trial":false,"path_per_floor":["M","M","M","M","$","E","R","M","T","R","M","E","?","E","R","B",null,"M","$","?","M","$","R","E","R","T","T","M","E","R","$","R","B",null,"M","?","?","?","$","E","R","E","T","M","E","$","T","E","R","B",null,"R","$","E","B",null],"character_chosen":"WATCHER","items_purchased":["Medical Kit","Sundial","ClockworkSouvenir","Adaptation"],"campfire_rested":0,"item_purchase_floors":[5,19,31,39],"current_hp_per_floor":[72,72,70,70,70,57,57,57,57,57,57,57,57,57,57,41,72,72,72,72,70,70,70,63,63,63,63,63,62,62,62,62,62,72,72,72,72,62,62,62,62,62,62,62,61,61,61,61,61,61,72,72,72,72,72],"gold":58,"neow_bonus":"TRANSFORM_CARD","is_daily":false,"chose_seed":false,"campfire_upgraded":9,"win_rate":0.0,"timestamp":1609399943,"path_taken":["M","M","M","M","$","E","R","M","T","R","M","E","?","E","R","BOSS","M","?","?","M","$","R","E","R","T","?","M","E","R","$","R","BOSS","M","?","?","?","$","E","R","E","T","M","E","$","?","E","R","BOSS","R","$","E","BOSS"],"items_purchased_type":["Relic","Relic","Relic","Card"],"build_version":"2020-12-22","purchased_purges":3,"victory":true,"max_hp_per_floor":[72,72,72,72,72,72,72,72,72,72,72,72,72,72,72,72,72,72,72,72,72,72,72,72,72,72,72,72,72,72,72,72,72,72,72,72,72,72,72,72,72,72,72,72,72,72,72,72,72,72,72,72,72,72,72],"card_choices":[{"not_picked":["Collect","JustLucky"],"picked":"FlurryOfBlows","floor":1.0},{"not_picked":["FlyingSleeves","FlurryOfBlows"],"picked":"Meditate","floor":2.0},{"not_picked":["Indignation","Perseverance"],"picked":"WheelKick","floor":3.0},{"not_picked":["ClearTheMind","FlyingSleeves","SignatureMove"],"picked":"SKIP","floor":4.0},{"not_picked":["FlyingSleeves","SignatureMove"],"picked":"ClearTheMind","floor":4.0},{"not_picked":["WindmillStrike","Nirvana"],"picked":"MentalFortress","floor":6.0},{"not_picked":["FlurryOfBlows","Nirvana"],"picked":"DevaForm","floor":8.0},{"not_picked":["Nirvana","FlyingSleeves","EmptyFist"],"picked":"SKIP","floor":11.0},{"not_picked":["CutThroughFate","Weave"],"picked":"Scrawl","floor":12.0},{"not_picked":["Nirvana","Conclude","ForeignInfluence"],"picked":"SKIP","floor":14.0},{"not_picked":["Judgement","Blasphemy"],"picked":"Scrawl","floor":16.0},{"not_picked":["ClearTheMind","PathToVictory"],"picked":"Crescendo","floor":18.0},{"not_picked":["JustLucky","FollowUp","Protect"],"picked":"SKIP","floor":21.0},{"not_picked":["ClearTheMind","WaveOfTheHand","Consecrate"],"picked":"SKIP","floor":24.0},{"not_picked":["Conclude","PathToVictory","Weave"],"picked":"SKIP","floor":28.0},{"not_picked":["CrushJoints","BowlingBash","EmptyBody"],"picked":"SKIP","floor":29.0},{"not_picked":["Brilliance","MasterReality"],"picked":"DeusExMachina","floor":33.0},{"not_picked":["SashWhip+1","FlurryOfBlows"],"picked":"Pray+1","floor":35.0},{"not_picked":["Magnetism","Deep Breath"],"picked":"Flash of Steel","floor":38.0},{"not_picked":["Finesse","Metamorphosis"],"picked":"Panacea","floor":38.0},{"not_picked":["Magnetism","Metamorphosis"],"picked":"Madness","floor":38.0},{"not_picked":["WaveOfTheHand+1","FlyingSleeves","FollowUp+1"],"picked":"SKIP","floor":40.0},{"not_picked":["EmptyBody","Vengeance"],"picked":"Vault","floor":42.0},{"not_picked":["Consecrate","ClearTheMind+1"],"picked":"Pray","floor":44.0},{"not_picked":["Conclude","Evaluate"],"picked":"Prostrate","floor":44.0},{"not_picked":["CarveReality+1","JustLucky+1","ConjureBlade"],"picked":"SKIP","floor":45.0},{"not_picked":["Vengeance+1","Devotion"],"picked":"Fasting2+1","floor":48.0},{"not_picked":["Prostrate+1","BowlingBash+1"],"picked":"TalkToTheHand+1","floor":54}],"player_experience":2204652,"relics_obtained":[{"floor":6.0,"key":"Omamori"},{"floor":9.0,"key":"Tiny Chest"},{"floor":12.0,"key":"Ancient Tea Set"},{"floor":14.0,"key":"Regal Pillow"},{"floor":24.0,"key":"Ornamental Fan"},{"floor":26.0,"key":"InkBottle"},{"floor":27.0,"key":"Juzu Bracelet"},{"floor":29.0,"key":"Art of War"},{"floor":40.0,"key":"Darkstone Periapt"},{"floor":40.0,"key":"StrikeDummy"},{"floor":42.0,"key":"Prayer Wheel"},{"floor":42.0,"key":"Toy Ornithopter"},{"floor":45.0,"key":"Mercury Hourglass"},{"floor":45.0,"key":"StoneCalendar"},{"floor":47.0,"key":"Meat on the Bone"},{"floor":48.0,"key":"TeardropLocket"},{"floor":48.0,"key":"Anchor"},{"floor":54,"key":"HornCleat"},{"floor":54,"key":"Orichalcum"}],"event_choices":[{"cards_removed":["Defend_P"],"damage_healed":0.0,"max_hp_gain":0.0,"max_hp_loss":0.0,"gold_gain":0.0,"event_name":"Wheel of Change","player_choice":"Card Removal","floor":13.0,"gold_loss":0.0,"damage_taken":0.0},{"damage_healed":0.0,"max_hp_gain":0.0,"max_hp_loss":0.0,"gold_gain":99.0,"event_name":"Nest","player_choice":"Stole From Cult","floor":20.0,"gold_loss":0.0,"damage_taken":0.0},{"damage_healed":0.0,"max_hp_gain":0.0,"max_hp_loss":0.0,"gold_gain":0.0,"event_name":"Tomb of Lord Red Mask","player_choice":"Ignored","floor":36.0,"gold_loss":0.0,"damage_taken":0.0},{"damage_healed":0.0,"max_hp_gain":0.0,"max_hp_loss":0.0,"gold_gain":0.0,"event_name":"WeMeetAgain","player_choice":"Gave Potion","floor":37.0,"gold_loss":0.0,"damage_taken":0.0,"relics_obtained":["Pen Nib"]},{"damage_healed":0.0,"max_hp_gain":0.0,"max_hp_loss":0.0,"gold_gain":0.0,"event_name":"SensoryStone","player_choice":"Memory 3","floor":38.0,"gold_loss":0.0,"damage_taken":10.0}],"is_beta":false,"boss_relics":[{"not_picked":["Runic Dome","Astrolabe"],"picked":"HolyWater"},{"not_picked":["Fusion Hammer","SacredBark"],"picked":"Black Star"}],"items_purged_floors":[22,39,53],"is_endless":false,"potions_floor_spawned":[1,3,11,14,21,29,33,42,45,48,54],"ascension_level":1}}