{"host":"6gnv7me3tk2udb7q","time":1609449476,"event":{"mods":["BaseMod","Bestiary","Colored Map","Minty Spire (QoL Compilation)"],"gold_per_floor":[117,136,26,41,41,41,67,83,108,119,136,136,136,180,180,294,294,321,349,394,420,519,561,561,570,579,579,579,579],"floor_reached":28,"playtime":1084,"items_purged":["Injury"],"score":335,"play_id":"315d413a-39f9-4a04-8426-ab1474daa05b","local_time":"20201231161756","is_ascension_mode":true,"campfire_choices":[{"data":"Blade Dance","floor":6.0,"key":"SMITH"},{"data":"Footwork","floor":12.0,"key":"SMITH"},{"data":"Blade Dance","floor":15.0,"key":"SMITH"},{"data":"After Image","floor":24.0,"key":"SMITH"},{"floor":27.0,"key":"REST"}],"circlet_count":0,"master_deck":["Defend_G","Defend_G","Defend_G","Defend_G","Defend_G","Survivor","Neutralize","Dagger Spray","Blade Dance+1","Footwork+1","Catalyst","Blade Dance+1","Catalyst","Flying Knee","Prepared","After Image+1","Calculated Gamble+1","Deadly Poison","Bite","Bite","Bite","Bite","Bite","Catalyst","Cloak And Dagger","Doubt","Normality"],"relics":["Ring of the Snake","The Specimen","Anchor","Vajra","CeramicFish","Cursed Key","Frozen Egg 2","Bottled Lightning","Pantograph"],"acts_visited":["Exordium","TheCity"],"potions_floor_usage":[28,28],"damage_taken":[{"damage":1.0,"enemies":"2 Louse","floor":1.0,"turns":4.0},{"damage":7.0,"enemies":"Cultist","floor":2.0,"turns":5.0},{"damage":5.0,"enemies":"Jaw Worm","floor":4.0,"turns":4.0},{"damage":18.0,"enemies":"3 Sentries","floor":7.0,"turns":9.0},{"damage":3.0,"enemies":"Exordium Wildlife","floor":8.0,"turns":3.0},{"damage":0.0,"enemies":"Blue Slaver","floor":10.0,"turns":2.0},{"damage":0.0,"enemies":"Looter","floor":11.0,"turns":2.0},{"damage":16.0,"enemies":"Gremlin Nob","floor":14.0,"turns":3.0},{"damage":35.0,"enemies":"Slime Boss","floor":16.0,"turns":8.0},{"damage":4.0,"enemies":"2 Thieves","floor":18.0,"turns":4.0},{"damage":0.0,"enemies":"Spheric Guardian","floor":19.0,"turns":2.0},{"damage":0.0,"enemies":"Shelled Parasite and Fungi","floor":21.0,"turns":4.0},{"damage":40.0,"enemies":"Book of Stabbing","floor":23.0,"turns":6.0},{"damage":54,"enemies":"Gremlin Leader","floor":28,"turns":8}],"seed_played":"-6632303925466313630","potions_obtained":[{"floor":1.0,"key":"SpeedPotion"},{"floor":2.0,"key":"BlessingOfTheForge"},{"floor":10.0,"key":"Block Potion"},{"floor":11.0,"key":"Explosive Potion"},{"floor":14.0,"key":"ColorlessPotion"},{"floor":19.0,"key":"SkillPotion"},{"floor":21.0,"key":"EssenceOfSteel"},{"floor":23.0,"key":"EssenceOfSteel"}],"is_trial":false,"path_per_floor":["M","M","$","M","?","R","E","M","T","M","M","R","?","E","R","B",null,"M","M","?","M","?","E","R","T","T","R","E"],"character_chosen":"THE_SILENT","items_purchased":["Footwork"],"campfire_rested":1,"item_purchase_floors":[3],"current_hp_per_floor":[69,62,62,57,50,50,32,29,29,29,29,29,80,64,64,29,67,63,63,56,56,56,22,22,22,22,38,0,0],"gold":579,"neow_bonus":"ONE_RARE_RELIC","is_daily":false,"chose_seed":false,"campfire_upgraded":4,"win_rate":0.0,"timestamp":1609449476,"path_taken":["M","M","$","M","?","R","E","M","T","M","?","R","?","E","R","BOSS","M","?","?","M","?","E","R","?","T","R","E"],"items_purchased_type":["Card"],"build_version":"2020-12-22","purchased_purges":1,"victory":false,"max_hp_per_floor":[70,70,70,70,70,70,70,70,70,70,70,70,80,80,80,80,80,80,80,56,56,56,56,56,56,56,56,56,56],"card_choices":[{"not_picked":["Heel Hook","Infinite Blades"],"picked":"Dagger Spray","floor":1.0},{"not_picked":["Quick Slash","Backflip"],"picked":"Blade Dance","floor":2.0},{"not_picked":["Dagger Throw","Infinite Blades"],"picked":"Catalyst","floor":4.0},{"not_picked":["Predator","Bane"],"picked":"Blade Dance","floor":7.0},{"not_picked":["Concentrate","Sucker Punch"],"picked":"Catalyst","floor":8.0},{"not_picked":["Bane","Tactician"],"picked":"Flying Knee","floor":10.0},{"not_picked":["Setup","Dagger Spray"],"picked":"Wraith Form v2","floor":11.0},{"not_picked":["Bullet Time","Backstab"],"picked":"Prepared","floor":14.0},{"not_picked":["Unload","Venomology"],"picked":"After Image","floor":16.0},{"not_picked":["Sucker Punch","Slice"],"picked":"Calculated Gamble+1","floor":18.0},{"not_picked":["Caltrops","Cloak And Dagger"],"picked":"Deadly Poison","floor":19.0},{"not_picked":["PiercingWail","Flying Knee"],"picked":"Catalyst","floor":21.0},{"not_picked":["Phantasmal Killer","Concentrate"],"picked":"Cloak And Dagger","floor":23.0}],"player_experience":568044,"relics_obtained":[{"floor":7.0,"key":"Anchor"},{"floor":9.0,"key":"Vajra"},{"floor":14.0,"key":"CeramicFish"},{"floor":23.0,"key":"Frozen Egg 2"},{"floor":25.0,"key":"Bottled Lightning"},{"floor":26.0,"key":"Pantograph"}],"event_choices":[{"damage_healed":0.0,"max_hp_gain":0.0,"max_hp_loss":0.0,"gold_gain":0.0,"event_name":"Wheel of Change","player_choice":"Damaged","floor":5.0,"gold_loss":0.0,"damage_taken":7.0},{"cards_removed":["Wraith Form v2"],"damage_healed":41.0,"max_hp_gain":10.0,"max_hp_loss":0.0,"gold_gain":0.0,"event_name":"Bonfire Elementals","player_choice":"Offered Rare","floor":13.0,"gold_loss":0.0,"damage_taken":0.0},{"damage_healed":0.0,"max_hp_gain":0.0,"max_hp_loss":24.0,"gold_gain":0.0,"event_name":"Vampires","player_choice":"Became a vampire","floor":20.0,"gold_loss":0.0,"damage_taken":0.0,"cards_obtained":["Bite","Bite","Bite","Bite","Bite"]},{"damage_healed":0.0,"max_hp_gain":0.0,"max_hp_loss":0.0,"gold_gain":99.0,"event_name":"Nest","player_choice":"Stole From Cult","floor":22.0,"gold_loss":0.0,"damage_taken":0.0}],"is_beta":false,"boss_relics":[{"not_picked":["Empty Cage","Sozu"],"picked":"Cursed Key"}],"items_purged_floors":[3],"is_endless":false,"potions_floor_spawned":[1,2,10,11,14,19,21,23],"killed_by":"Gremlin Leader","ascension_level":5}}