{"host":"z59j9eghykmqrz8g","time":1609422804,"event":{"mods":["Aspiration","BaseMod","Conspire","Infinite Spire","Minty Spire (QoL Compilation)","Replay The Spire","StSLib","vexMod"],"gold_per_floor":[112,212,230,244,260,294,294,319,343,343,356,372,372,372,372,477,477,495,506,506,506,520,550,550,582,582,71,170,23,39,39,39,136,136,151,151,167,229,240,277,277,277,277,277,294,312,324,32,32,32],"floor_reached":51,"playtime":4979,"items_purged":[],"score":950,"play_id":"ac6ec740-80b4-4628-b569-8dfa8d53f900","local_time":"20210101005324","daily_mods":["SealedDeck","Vintage","Heirloom","Time Dilation"],"is_ascension_mode":false,"campfire_choices":[{"data":"Cloak And Dagger","floor":7,"key":"SMITH"},{"floor":10,"key":"REST"},{"data":"Dodge and Roll","floor":15,"key":"SMITH"},{"data":"A Thousand Cuts","floor":24,"key":"SMITH"},{"data":"Noxious Fumes","floor":41,"key":"SMITH"},{"data":"Hidden Blade","floor":44,"key":"SMITH"},{"floor":49,"key":"DIG"}],"circlet_count":0,"master_deck":["After Image","Dodge and Roll+1","Cloak And Dagger+1","Poisoned Stab","Poisoned Stab","Flying Knee","Poisoned Stab+1","Blade Dance+1","Poisoned Stab","Blade Dance+1","Deflect","A Thousand Cuts+1","Caltrops+1","Accuracy+1","Hidden Blade+1","Noxious Fumes+1","Gash","Apotheosis","Swift Strike"],"relics":["Ring of the Snake","conspire:GiftBox","infinitespire:WardingShard","Iron Hammer","Happy Flower","Meat on the Bone","aspiration:HummingbirdHeart","Nunchaku","Pet Ghost","Oddly Smooth Stone","White Beast Statue","vexMod:InvisibilityCloak","vexMod:MysteryBossChallenge","Inserter","Boot","infinitespire:PuzzleCube","MutagenicStrength","conspire:DecoderRing","aspiration:Stabinomicon","Divine Protection","aspiration:Lifesprig","Potion Belt","TheAbacus","CeramicFish","vexMod:PaidLearning","Blue Doll","Ring of Chaos","Lantern","vexMod:RetaliationKit","Replay:Kaleidoscope","aspiration:FrozenJewel","vexMod:MemoryStick","HornCleat","Bronze Scales","Darkstone Periapt","MawBank","aspiration:DefectSkillbook","Tiny Chest","Omamori","ReplayTheSpireMod:ShopPack","Replay:Mystery Machine"],"acts_visited":["Exordium","TheCity","TheBeyond"],"potions_floor_usage":[16,16],"damage_taken":[{"damage":0,"enemies":"conspire:RoseBush","floor":1,"turns":1},{"damage":0,"enemies":"infinitespire:Voidling","floor":3,"turns":2},{"damage":0,"enemies":"Cultist","floor":4,"turns":2},{"damage":10,"enemies":"Looter","floor":5,"turns":2},{"damage":0,"enemies":"Gremlin Nob","floor":6,"turns":3},{"damage":1,"enemies":"Replay:BlueRogue","floor":8,"turns":3},{"damage":4,"enemies":"conspire:2 RoseBushes","floor":11,"turns":1},{"damage":0,"enemies":"Exordium Wildlife","floor":12,"turns":2},{"damage":0,"enemies":"Hexaghost","floor":16,"turns":5},{"damage":3,"enemies":"Shell Parasite","floor":18,"turns":3},{"damage":8,"enemies":"conspire:FuzzyDice","floor":19,"turns":3},{"damage":0,"enemies":"Sentry and Sphere","floor":22,"turns":3},{"damage":0,"enemies":"Book of Stabbing","floor":23,"turns":3},{"damage":0,"enemies":"conspire:Head Lice","floor":25,"turns":3},{"damage":0,"enemies":"Centurion and Healer","floor":30,"turns":3},{"damage":0,"enemies":"conspire:MysteriousRune","floor":33,"turns":3},{"damage":0,"enemies":"Orb Walker","floor":35,"turns":1},{"damage":0,"enemies":"3 Shapes","floor":37,"turns":1},{"damage":3,"enemies":"2 Orb Walkers","floor":38,"turns":3},{"damage":0,"enemies":"Spire Growth","floor":39,"turns":1},{"damage":0,"enemies":"Nemesis","floor":40,"turns":3},{"damage":0,"enemies":"3 Darklings","floor":45,"turns":2},{"damage":0,"enemies":"Writhing Mass","floor":46,"turns":2},{"damage":102,"enemies":"conspire:OrnateMirror","floor":50,"turns":4}],"seed_played":"1107227196319761152","potions_obtained":[{"floor":3,"key":"PowerPotion"},{"floor":4,"key":"BlessingOfTheForge"},{"floor":8,"key":"SpeedPotion"},{"floor":16,"key":"Weak Potion"},{"floor":18,"key":"Swift Potion"},{"floor":19,"key":"Strength Potion"},{"floor":22,"key":"SkillPotion"},{"floor":23,"key":"EntropicBrew"},{"floor":30,"key":"Poison Potion"},{"floor":33,"key":"SteroidPotion"},{"floor":35,"key":"AttackPotion"},{"floor":37,"key":"Adrenaline Potion"},{"floor":45,"key":"FairyPotion"}],"is_trial":true,"path_per_floor":["M","?","M","M","M","E","R","E","T","R","M","M","T","?","R","B",null,"M","M","?","?","M","E","R","E","T","$","?","$","M","$","R","B",null,"M","?","M","?","M","E","R","T","T","R","M","M","AVR","$","R","B",null],"character_chosen":"THE_SILENT","items_purchased":["Potion Belt","Accuracy","TheAbacus","CeramicFish","vexMod:PaidLearning","Omamori","ReplayTheSpireMod:ShopPack","Gash"],"campfire_rested":1,"item_purchase_floors":[27,27,27,27,29,48,48,48],"current_hp_per_floor":[70,70,70,70,60,60,60,59,59,70,66,66,66,66,66,66,70,67,59,59,59,59,59,59,59,59,59,59,59,59,59,70,70,70,70,70,70,67,67,67,67,67,67,67,67,67,67,67,67,24],"gold":32,"neow_bonus":"","is_daily":false,"chose_seed":false,"campfire_upgraded":5,"win_rate":0.0,"timestamp":1609422804,"path_taken":["M","?","?","M","M","E","R","E","T","R","M","M","?","?","R","BOSS","M","M","?","?","?","E","R","E","T","$","?","$","M","?","R","BOSS","M","?","?","?","M","E","R","?","T","R","M","M","AVR","?","R","BOSS"],"items_purchased_type":["Relic","Card","Relic","Relic","Relic","Relic","Relic","Card"],"build_version":"2020-12-22","purchased_purges":0,"victory":true,"max_hp_per_floor":[70,70,70,70,70,70,70,70,70,70,70,70,70,70,70,70,70,70,70,70,70,70,70,70,70,70,70,70,70,70,70,70,70,70,70,70,70,70,70,70,70,70,70,70,70,70,70,70,70,70],"card_choices":[{"not_picked":["Glass Knife","Malaise"],"picked":"After Image","floor":0},{"not_picked":["Prepared","Quick Slash","Bouncing Flask"],"picked":"SKIP","floor":6},{"not_picked":["Bane","Concentrate","Storm of Steel"],"picked":"SKIP","floor":8},{"not_picked":["aspiration:Lunge","Corpse Explosion"],"picked":"A Thousand Cuts","floor":16},{"not_picked":["Backflip+1","Replay:Bag of Tricks"],"picked":"Caltrops+1","floor":23},{"not_picked":["Backflip+1","Dodge and Roll+1","conspire:DoublingDagger"],"picked":"SKIP","floor":25},{"not_picked":["Underhanded Strike+1","Bane+1"],"picked":"Hidden Blade","floor":38},{"not_picked":["Hidden Blade","Prepared+1"],"picked":"Noxious Fumes","floor":40},{"not_picked":["Transmutation","Master of Strategy","Magnetism"],"picked":"Apotheosis","floor":48},{"not_picked":["Panacea","Thinking Ahead","Forethought"],"picked":"Swift Strike","floor":48}],"player_experience":1496874,"relics_obtained":[{"floor":1,"key":"infinitespire:WardingShard"},{"floor":3,"key":"Iron Hammer"},{"floor":4,"key":"Happy Flower"},{"floor":5,"key":"Meat on the Bone"},{"floor":6,"key":"aspiration:HummingbirdHeart"},{"floor":8,"key":"Nunchaku"},{"floor":9,"key":"Pet Ghost"},{"floor":11,"key":"Oddly Smooth Stone"},{"floor":12,"key":"White Beast Statue"},{"floor":13,"key":"vexMod:InvisibilityCloak"},{"floor":18,"key":"Boot"},{"floor":19,"key":"infinitespire:PuzzleCube"},{"floor":22,"key":"conspire:DecoderRing"},{"floor":23,"key":"aspiration:Stabinomicon"},{"floor":25,"key":"Divine Protection"},{"floor":26,"key":"aspiration:Lifesprig"},{"floor":30,"key":"Blue Doll"},{"floor":35,"key":"Lantern"},{"floor":37,"key":"vexMod:RetaliationKit"},{"floor":38,"key":"Replay:Kaleidoscope"},{"floor":39,"key":"aspiration:FrozenJewel"},{"floor":40,"key":"vexMod:MemoryStick"},{"floor":42,"key":"HornCleat"},{"floor":43,"key":"Bronze Scales"},{"floor":45,"key":"Darkstone Periapt"},{"floor":46,"key":"MawBank"},{"floor":49,"key":"Replay:Mystery Machine"}],"event_choices":[{"damage_healed":0,"gold_gain":100,"player_choice":"Gold","damage_taken":0,"max_hp_gain":0,"max_hp_loss":0,"event_name":"Wheel of Change","floor":2,"gold_loss":0},{"damage_healed":0,"gold_gain":0,"player_choice":"Inject Mutagens","damage_taken":0,"relics_obtained":["MutagenicStrength"],"max_hp_gain":0,"max_hp_loss":0,"event_name":"Drug Dealer","floor":20,"gold_loss":0},{"damage_healed":0,"gold_gain":99,"player_choice":"Stole From Cult","damage_taken":0,"max_hp_gain":0,"max_hp_loss":0,"event_name":"Nest","floor":28,"gold_loss":0},{"damage_healed":0,"gold_gain":0,"player_choice":"Full Heal","damage_taken":0,"max_hp_gain":0,"max_hp_loss":0,"event_name":"Wheel of Change","floor":36,"gold_loss":0},{"damage_healed":0,"gold_gain":0,"player_choice":"Fight","damage_taken":0,"max_hp_gain":0,"max_hp_loss":0,"event_name":"Mysterious Sphere","floor":38,"gold_loss":0}],"is_beta":false,"boss_relics":[{"not_picked":["vexMod:NewClearReactor","ReplayTheSpireMod:DimensionalGlitch"],"picked":"vexMod:MysteryBossChallenge"},{"not_picked":["conspire:SlowCooker","aspiration:PoetsPen_weak"],"picked":"Ring of Chaos"}],"items_purged_floors":[],"is_endless":false,"potions_floor_spawned":[3,4,8,16,18,19,22,23,25,30,33,35,37,38,39,40,45,46],"ascension_level":0}}