{"host":"5jn3rki867005t18","time":1609383913,"event":{"mods":["AchievementEnabler","BaseMod","Colored Map","DeckTracker","Highlight Path","Minty Spire (QoL Compilation)","Permanent Neow","Quick Restart","StSLib","SuperFastMode"],"gold_per_floor":[119,134,209,220,237,269,269,303,350,376,155,155,179,198,198,312,312,335,359,359,370,387,387,419,433,487,487,271,287,287,287,287,385,385,396,411,430,238,238,238],"floor_reached":39,"playtime":2011,"items_purged":["Strike_B","Strike_B","Defend_B"],"score":417,"play_id":"ca19cdac-31f2-4df3-a35b-6240762dee0b","local_time":"20201231120513","is_ascension_mode":false,"campfire_choices":[{"floor":7.0,"key":"REST"},{"data":"Loop","floor":12.0,"key":"SMITH"},{"floor":15.0,"key":"REST"},{"floor":23,"key":"REST"},{"floor":27,"key":"REST"},{"floor":32,"key":"REST"}],"circlet_count":0,"master_deck":["Defend_B","Defend_B","Zap","Dualcast+1","Loop+1","Ball Lightning","Cold Snap","Turbo","Gash","Ball Lightning","Reboot","Cold Snap","Meteor Strike","Sweeping Beam+1","Ball Lightning","Coolheaded+1","Conserve Battery","Streamline","Rebound+1","Glacier","Hello World","Aggregate","Loop","Reboot","Thunder Strike","Sunder+1","Streamline","Compile Driver+1","Leap","Conserve Battery"],"relics":["Cracked Core","Toy Ornithopter","Pear","Lantern","Empty Cage","Nloth\u0027s Gift","Anchor","Bag of Preparation","Potion Belt","Busted Crown"],"acts_visited":["Exordium","TheCity","TheBeyond"],"potions_floor_usage":[16,24,29],"damage_taken":[{"damage":1.0,"enemies":"Jaw Worm","floor":1.0,"turns":3.0},{"damage":1.0,"enemies":"Cultist","floor":2.0,"turns":4.0},{"damage":1.0,"enemies":"2 Louse","floor":4.0,"turns":2.0},{"damage":6.0,"enemies":"Large Slime","floor":5.0,"turns":4.0},{"damage":19.0,"enemies":"3 Sentries","floor":6.0,"turns":6.0},{"damage":25.0,"enemies":"Lagavulin","floor":8.0,"turns":5.0},{"damage":6.0,"enemies":"Exordium Thugs","floor":10.0,"turns":5.0},{"damage":6.0,"enemies":"Red Slaver","floor":13.0,"turns":3.0},{"damage":3.0,"enemies":"Looter","floor":14.0,"turns":2.0},{"damage":38,"enemies":"Hexaghost","floor":16,"turns":10},{"damage":8,"enemies":"Spheric Guardian","floor":18,"turns":6},{"damage":11,"enemies":"Shell Parasite","floor":19,"turns":5},{"damage":16,"enemies":"Chosen and Byrds","floor":21,"turns":5},{"damage":20,"enemies":"Shelled Parasite and Fungi","floor":22,"turns":5},{"damage":50,"enemies":"Gremlin Leader","floor":24,"turns":6},{"damage":5,"enemies":"Centurion and Healer","floor":25,"turns":8},{"damage":2,"enemies":"3 Cultists","floor":29,"turns":8},{"damage":85,"enemies":"Champ","floor":33,"turns":12},{"damage":31,"enemies":"3 Darklings","floor":35,"turns":6},{"damage":15,"enemies":"3 Shapes","floor":36,"turns":4},{"damage":38,"enemies":"Sphere and 2 Shapes","floor":37,"turns":3},{"damage":5,"enemies":"Transient","floor":39,"turns":3}],"seed_played":"276366077667326821","potions_obtained":[{"floor":1.0,"key":"Fire Potion"},{"floor":4.0,"key":"Swift Potion"},{"floor":5.0,"key":"PotionOfCapacity"},{"floor":8.0,"key":"BlessingOfTheForge"},{"floor":13.0,"key":"AttackPotion"},{"floor":22,"key":"Swift Potion"},{"floor":25,"key":"PotionOfCapacity"},{"floor":29,"key":"FairyPotion"}],"is_trial":false,"path_per_floor":["M","M","?","M","M","E","R","E","T","M","$","R","M","M","R","B",null,"M","M","?","M","M","R","E","M","T","R","$","M","T","?","R","B",null,"M","M","M","$","M"],"character_chosen":"DEFECT","items_purchased":["Lantern","Glacier","Hello World","Leap","Conserve Battery"],"campfire_rested":5,"item_purchase_floors":[11,28,28,38,38],"current_hp_per_floor":[74,73,62,61,55,36,58,48,48,47,47,47,41,38,63,30,85,77,66,66,50,30,55,10,5,5,30,30,33,33,33,58,3,85,54,39,1,1,0,0],"gold":238,"neow_bonus":"UPGRADE_CARD","is_daily":false,"chose_seed":false,"campfire_upgraded":1,"win_rate":0.0,"timestamp":1609383913,"path_taken":["M","M","?","M","M","E","R","E","T","M","$","R","M","M","R","BOSS","M","M","?","M","M","R","E","M","T","R","$","?","?","?","R","BOSS","M","M","M","$","M"],"items_purchased_type":["Relic","Card","Card","Card","Card"],"build_version":"2020-12-22","purchased_purges":3,"victory":false,"max_hp_per_floor":[75,75,75,75,75,75,75,85,85,85,85,85,85,85,85,85,85,85,85,85,85,85,85,85,85,85,85,85,85,85,85,85,85,85,85,85,85,85,85,85],"card_choices":[{"not_picked":["Hologram","Rebound"],"picked":"Loop","floor":1.0},{"not_picked":["Redo","Turbo"],"picked":"Ball Lightning","floor":2.0},{"not_picked":["Go for the Eyes","Ball Lightning"],"picked":"Coolheaded","floor":4.0},{"not_picked":["Tempest","Aggregate"],"picked":"Cold Snap","floor":5.0},{"not_picked":["Barrage","Consume"],"picked":"Turbo","floor":6.0},{"not_picked":["Buffer","Skim"],"picked":"Gash","floor":8.0},{"not_picked":["Redo","Compile Driver"],"picked":"Ball Lightning","floor":10.0},{"not_picked":["Beam Cell","Consume"],"picked":"Reboot","floor":13.0},{"not_picked":["Hologram","Streamline"],"picked":"Cold Snap","floor":14.0},{"not_picked":["Core Surge","Creative AI"],"picked":"Meteor Strike","floor":16},{"not_picked":["Turbo","Steam+1"],"picked":"Sweeping Beam+1","floor":18},{"not_picked":["Sweeping Beam","Gash"],"picked":"Ball Lightning","floor":19},{"not_picked":["Rebound","Genetic Algorithm"],"picked":"Coolheaded+1","floor":21},{"not_picked":["Melter","Steam+1"],"picked":"Conserve Battery","floor":22},{"not_picked":["Hyperbeam","Sweeping Beam+1"],"picked":"Streamline","floor":24},{"not_picked":["Core Surge","Reprogram"],"picked":"Rebound+1","floor":25},{"not_picked":["Gash","Skim"],"picked":"Aggregate","floor":29},{"not_picked":["Biased Cognition","Machine Learning"],"picked":"Thunder Strike","floor":33},{"not_picked":[],"picked":"Sunder+1","floor":35},{"not_picked":[],"picked":"Streamline","floor":36},{"not_picked":[],"picked":"Compile Driver+1","floor":37}],"player_experience":144815,"relics_obtained":[{"floor":6.0,"key":"Toy Ornithopter"},{"floor":8.0,"key":"Pear"},{"floor":9.0,"key":"CeramicFish"},{"floor":24,"key":"Anchor"},{"floor":26,"key":"Bag of Preparation"},{"floor":30,"key":"Potion Belt"}],"event_choices":[{"damage_healed":0.0,"max_hp_gain":0.0,"max_hp_loss":0.0,"gold_gain":75.0,"event_name":"World of Goop","player_choice":"Gather Gold","floor":3.0,"gold_loss":0.0,"damage_taken":11.0},{"damage_healed":0,"gold_gain":0,"player_choice":"Traded Relic","damage_taken":0,"relics_obtained":["Nloth\u0027s Gift"],"max_hp_gain":0,"max_hp_loss":0,"event_name":"N\u0027loth","floor":20,"relics_lost":["CeramicFish"],"gold_loss":0},{"damage_healed":0,"gold_gain":0,"cards_transformed":["Defend_B","Coolheaded"],"player_choice":"Became Test Subject","damage_taken":0,"max_hp_gain":0,"max_hp_loss":0,"event_name":"Drug Dealer","floor":31,"gold_loss":0,"cards_obtained":["Loop","Reboot"]}],"is_beta":false,"boss_relics":[{"not_picked":["Astrolabe","Snecko Eye"],"picked":"Empty Cage"},{"not_picked":["SacredBark","Philosopher\u0027s Stone"],"picked":"Busted Crown"}],"items_purged_floors":[11,28,38],"is_endless":false,"potions_floor_spawned":[1,4,5,8,13,22,25,29],"killed_by":"Transient","ascension_level":0}}