{"host":"x7xd4wkamhrqrrvw","time":1609451750,"event":{"mods":["BaseMod","Minty Spire (QoL Compilation)","StSLib"],"gold_per_floor":[110,126,143,93,93,120,139,198,273,273,273,273],"floor_reached":11,"playtime":329,"items_purged":[],"score":117,"play_id":"7d1ab28b-5f5b-4769-a3c5-d262ecc2abda","local_time":"20201231195550","is_ascension_mode":true,"campfire_choices":[{"data":"Hyperbeam","floor":10,"key":"SMITH"}],"circlet_count":0,"master_deck":["AscendersBane","Strike_B","Strike_B","Defend_B","Defend_B","Defend_B","Defend_B","Zap","Dualcast","Streamline","Steam","Gash","Hyperbeam+1"],"relics":["Cracked Core","Bird Faced Urn","Smiling Mask","Cables"],"acts_visited":["Exordium"],"potions_floor_usage":[6,8],"damage_taken":[{"damage":14,"enemies":"Small Slimes","floor":1,"turns":4},{"damage":2,"enemies":"2 Louse","floor":2,"turns":2},{"damage":0,"enemies":"Cultist","floor":3,"turns":3},{"damage":16,"enemies":"3 Sentries","floor":6,"turns":10},{"damage":3,"enemies":"3 Louse","floor":7,"turns":3},{"damage":30,"enemies":"Lagavulin Event","floor":8,"turns":6},{"damage":9,"enemies":"Lagavulin","floor":11,"turns":2}],"seed_played":"-5139555417775480952","potions_obtained":[{"floor":2,"key":"FearPotion"},{"floor":3,"key":"ColorlessPotion"}],"is_trial":false,"path_per_floor":["M","M","M","?","?","E","M","?","T","R","E"],"character_chosen":"DEFECT","items_purchased":[],"campfire_rested":0,"item_purchase_floors":[],"current_hp_per_floor":[61,59,59,59,52,36,33,3,3,3,0,0],"gold":273,"neow_bonus":"TEN_PERCENT_HP_BONUS","is_daily":false,"chose_seed":false,"campfire_upgraded":1,"win_rate":0.0,"timestamp":1609451750,"path_taken":["M","M","M","?","?","E","M","?","T","R","E"],"items_purchased_type":[],"build_version":"2020-12-22","purchased_purges":0,"victory":false,"max_hp_per_floor":[82,82,82,82,82,82,82,82,82,82,82,82],"card_choices":[{"not_picked":["Turbo","Sweeping Beam"],"picked":"Streamline","floor":1},{"not_picked":["Gash","Compile Driver"],"picked":"Steam","floor":2},{"not_picked":["Loop","Redo","Stack"],"picked":"SKIP","floor":3},{"not_picked":["Sweeping Beam","Turbo"],"picked":"Gash","floor":6},{"not_picked":["Go for the Eyes","Redo"],"picked":"Hyperbeam","floor":7}],"player_experience":261188,"relics_obtained":[{"floor":6,"key":"Bird Faced Urn"},{"floor":8,"key":"Smiling Mask"},{"floor":9,"key":"Cables"}],"event_choices":[{"cards_removed":["Strike_B"],"damage_healed":0,"gold_gain":0,"player_choice":"Card Removal","damage_taken":0,"max_hp_gain":0,"max_hp_loss":0,"event_name":"The Cleric","floor":4,"gold_loss":50},{"cards_removed":["Strike_B"],"damage_healed":0,"gold_gain":0,"player_choice":"Card Removal","damage_taken":7,"max_hp_gain":0,"max_hp_loss":0,"event_name":"Golden Wing","floor":5,"gold_loss":0},{"damage_healed":0,"gold_gain":0,"player_choice":"Searched \u00271\u0027 times","damage_taken":0,"max_hp_gain":0,"max_hp_loss":0,"event_name":"Dead Adventurer","floor":8,"gold_loss":0}],"is_beta":false,"boss_relics":[],"items_purged_floors":[],"is_endless":false,"potions_floor_spawned":[2,3],"killed_by":"Lagavulin","ascension_level":12}}