{"host":"zit9o0ax6c2l3y2b","time":1609384621,"event":{"mods":["Aspiration","BaseMod","Colored Map","Conspire","Downfall","Glutton Mod","Hermit","Hubris","Infinite Spire","Minty Spire (QoL Compilation)","Random Character Button","Relic Filter","Replay The Spire","Shade Mod","Shop Mod","StSLib","The Construct","The Cursed","The Disciple","The Runesmith","TheArtist"],"gold_per_floor":[110,130,130,150,163,163,163,163,188,188,41,41,58,85,85,186,186,205,205,205,130,145,145,174,188,215,215,235,246,246,246],"floor_reached":30,"playtime":1439,"items_purged":["construct:AttackMode"],"score":345,"play_id":"2f8a81af-0a8b-499d-9453-55bd13e2842f","local_time":"20201230221701","is_ascension_mode":true,"campfire_choices":[{"data":"construct:SyphonStrike","floor":6,"key":"SMITH"},{"data":"construct:SyphonStrike+1","floor":8,"key":"SMITH"},{"data":"construct:HeavyBolt","floor":10,"key":"SMITH"},{"data":"construct:Enhance","floor":12,"key":"SMITH"},{"data":"construct:Enhance+1","floor":15,"key":"SMITH"},{"data":"construct:GuardCore","floor":23,"key":"SMITH"},{"floor":27,"key":"REST"}],"circlet_count":0,"master_deck":["construct:Strike_Gold","construct:Strike_Gold","construct:Strike_Gold+1","construct:Strike_Gold","construct:Strike_Gold","construct:Defend_Gold","construct:Defend_Gold","construct:Defend_Gold","construct:Defend_Gold","construct:Defend_Gold","construct:ClusterMines","construct:Reinforce","construct:SyphonStrike+2","construct:HeavyBolt+1","Pot Of Greed","Pot Of Greed","construct:Enhance+2","construct:FlameCore","construct:Supernova","construct:Boost","construct:GuardCore+1","construct:QuickAttack+1","construct:ScopeCore"],"relics":["construct:ClockworkPhoenix","Orichalcum","hubris:AstralHammer","Grinning Jar","infinitespire:Lychee Nut","aspiration:RunicSpoon","construct:MasterCore","Gremlin Food"],"acts_visited":["Exordium","TheCity"],"potions_floor_usage":[5,14,18,22,25,29],"damage_taken":[{"damage":0,"enemies":"2 Louse","floor":1,"turns":4},{"damage":2,"enemies":"Jaw Worm","floor":2,"turns":3},{"damage":6,"enemies":"Small Slimes","floor":4,"turns":4},{"damage":24,"enemies":"Gremlin Gang","floor":5,"turns":4},{"damage":5,"enemies":"Looter","floor":13,"turns":2},{"damage":14,"enemies":"3 Sentries","floor":14,"turns":7},{"damage":0,"enemies":"Slime Boss","floor":16,"turns":4},{"damage":1,"enemies":"3 Byrds","floor":18,"turns":4},{"damage":1,"enemies":"Spheric Guardian","floor":22,"turns":4},{"damage":34,"enemies":"Book of Stabbing","floor":24,"turns":4},{"damage":12,"enemies":"Centurion and Healer","floor":25,"turns":5},{"damage":23,"enemies":"Shelled Parasite and Fungi","floor":28,"turns":6},{"damage":22,"enemies":"Snake Plant","floor":29,"turns":3},{"damage":19,"enemies":"Slavers","floor":30,"turns":1}],"seed_played":"-3671780738619845309","potions_obtained":[{"floor":4,"key":"champ:CounterPotion"},{"floor":5,"key":"Fire Potion"},{"floor":16,"key":"sneckomod:MuddlingPotion"},{"floor":18,"key":"ColorlessPotion"},{"floor":24,"key":"AttackPotion"},{"floor":28,"key":"DistilledChaos"}],"is_trial":false,"path_per_floor":["M","M","$","M","M","R","?","R","T","R","$","R","M","E","R","B",null,"M","?","?","$","M","R","E","M","T","R","M","M","E"],"character_chosen":"THE_CONSTRUCT_MOD","items_purchased":["construct:Enhance","construct:FlameCore"],"campfire_rested":1,"item_purchase_floors":[11,11],"current_hp_per_floor":[85,83,83,77,53,53,46,46,46,46,46,46,41,27,27,33,63,63,63,63,63,62,62,32,26,26,44,27,10,0,0],"gold":246,"neow_bonus":"RANDOM_COMMON_RELIC","is_daily":false,"chose_seed":false,"campfire_upgraded":6,"win_rate":0.0,"timestamp":1609384621,"path_taken":["M","M","$","M","M","R","?","R","T","R","$","R","M","E","R","BOSS","M","?","?","$","M","R","E","M","T","R","M","M","E"],"items_purchased_type":["Card","Card"],"build_version":"2020-12-22","purchased_purges":1,"victory":false,"max_hp_per_floor":[85,85,85,85,85,85,85,85,85,85,85,85,85,63,63,63,63,63,63,63,63,63,63,63,63,63,63,63,63,63,63],"card_choices":[{"not_picked":["construct:VentSteam","construct:FlashFreeze"],"picked":"construct:ClusterMines","floor":1},{"not_picked":["construct:FierceBash","construct:FlammableFog"],"picked":"construct:Reinforce","floor":2},{"not_picked":["construct:Reinforce","construct:SweepLaser"],"picked":"construct:SyphonStrike","floor":4},{"not_picked":["construct:FlammableFog","construct:Stasis"],"picked":"construct:HeavyBolt","floor":5},{"not_picked":["construct:Reinforce","construct:SyphonStrike","construct:Supernova"],"picked":"SKIP","floor":13},{"not_picked":["construct:Reinforce","construct:SyphonStrike"],"picked":"construct:Supernova","floor":13},{"not_picked":["construct:ModeShift","construct:SiegeForm","construct:Failsafe"],"picked":"SKIP","floor":14},{"not_picked":["construct:PhosphorStorm+1","construct:ModeShift","construct:HardReboot"],"picked":"SKIP","floor":18},{"not_picked":["construct:FlammableFog","construct:Forcefield"],"picked":"construct:GuardCore","floor":22},{"not_picked":["construct:FocusedBeam","construct:Afterburners"],"picked":"construct:QuickAttack+1","floor":24},{"not_picked":["construct:HeavyBolt","construct:Backfire"],"picked":"construct:ScopeCore","floor":25},{"not_picked":["construct:Accumulate","construct:Anticipate","construct:Forcefield"],"picked":"SKIP","floor":28},{"not_picked":["construct:Backfire+1","construct:Versatility","construct:FlammableFog"],"picked":"SKIP","floor":29}],"player_experience":405174,"relics_obtained":[{"floor":9,"key":"Grinning Jar"},{"floor":14,"key":"infinitespire:Lychee Nut"},{"floor":24,"key":"construct:MasterCore"},{"floor":26,"key":"Gremlin Food"}],"event_choices":[{"damage_healed":0,"gold_gain":0,"player_choice":"Success","damage_taken":7,"relics_obtained":["hubris:AstralHammer"],"max_hp_gain":0,"max_hp_loss":0,"event_name":"Scrap Ooze","floor":7,"gold_loss":0},{"damage_healed":0,"gold_gain":0,"player_choice":"Read","damage_taken":0,"max_hp_gain":0,"max_hp_loss":0,"event_name":"The Library","floor":19,"gold_loss":0,"cards_obtained":["construct:Boost"]},{"cards_removed":["construct:DefenseMode"],"damage_healed":0,"gold_gain":0,"player_choice":"Purged","damage_taken":0,"max_hp_gain":0,"max_hp_loss":0,"event_name":"Purifier","floor":20,"gold_loss":0}],"is_beta":false,"boss_relics":[{"not_picked":["Honey Jar","Abe\u0027s Treasure"],"picked":"aspiration:RunicSpoon"}],"items_purged_floors":[21],"is_endless":false,"potions_floor_spawned":[4,5,16,18,24,28],"killed_by":"Slavers","ascension_level":3}}