{"host":"hd496gdorkfoob6n","time":1609387253,"event":{"mods":["2.2 Compatiblity","AchievementEnabler","BaseMod","Colored Map","Downfall","Hermit","Minty Spire (QoL Compilation)","StSLib"],"gold_per_floor":[99,117,127,127,37,54,54,79,79,109,42,52,52,70,85,190,190,190,203,42,60,79,99,123,135,147,144,180,192,216,253,275,382,394,406,432,459,522,264,279,279,296,325,100,111,131,158,169,181,181,181,211,48,48,48],"floor_reached":56,"playtime":6396,"items_purged":["Regret","Slimebound:Defend_Slimebound","Slimebound:Strike_Slimebound"],"score":1245,"play_id":"aae3ac86-4604-43f3-b9d0-1e738541d4dd","local_time":"20201230230053","is_ascension_mode":false,"campfire_choices":[{"data":"Slimebound:Split","floor":1.0,"key":"SMITH"},{"floor":13.0,"key":"REST"},{"data":"Slimebound:RallyTheTroops","floor":18.0,"key":"SMITH"},{"floor":25,"key":"REST"},{"data":"Slimebound:LevelUp","floor":29,"key":"SMITH"},{"floor":35,"key":"RECALL"},{"floor":44,"key":"REST"},{"floor":54,"key":"REST"}],"circlet_count":0,"master_deck":["Slimebound:Strike_Slimebound+1","Slimebound:Strike_Slimebound","Slimebound:Tackle+1","Slimebound:Defend_Slimebound","Slimebound:Defend_Slimebound","Slimebound:Defend_Slimebound","Slimebound:Split+1","Slimebound:CorrosiveSpit+1","Slimebound:LevelUp+1","Slimebound:SamplingLick","Slimebound:Schlurp","Slimebound:Schlurp","Slimebound:DuplicatedForm+1","Slimebound:SplitLeeching","Slimebound:SplitMire","Slimebound:RejuvenatingLick","Slimebound:SamplingLick","Slimebound:LevelUp+1","Slimebound:SplitBruiser","Slimebound:RallyTheTroops+1","Slimebound:LeechingTouch","Slimebound:SamplingLick","Slimebound:GrowthPunch","Slimebound:Prepare+1","Slimebound:Split+1","Slimebound:OneTwoCombo","Slimebound:MassRepurpose","Slimebound:HauntingLick","Slimebound:AcidTongue+1","Slimebound:SlimeSlap","Slimebound:Split+1","Slimebound:SplitMire","Slimebound:TongueLash","Slimebound:ComboTackle+1","Slimebound:SplitMire+1","Master of Strategy"],"relics":["Slimebound:AbsorbEndCombat","Gremlin Horn","Frozen Egg 2","Tiny Chest","Busted Crown","MawBank","Bag of Preparation","Incense Burner","Fusion Hammer","FossilizedHelix","DollysMirror","Anchor","Blood Vial","downfall:HeartBlessingRed","downfall:HeartBlessingGreen","downfall:HeartBlessingBlue","Letter Opener","Orichalcum"],"acts_visited":["Exordium","TheCity","TheBeyond","TheEnding"],"potions_floor_usage":[31,33,47,47,52,55,55,55],"damage_taken":[{"damage":8.0,"enemies":"Small Slimes","floor":2.0,"turns":3.0},{"damage":16.0,"enemies":"2 Louse","floor":3.0,"turns":3.0},{"damage":9.0,"enemies":"downfall:FleeingMerchant","floor":5.0,"turns":4.0},{"damage":8.0,"enemies":"Cultist","floor":6.0,"turns":3.0},{"damage":33.0,"enemies":"Gremlin Nob","floor":8.0,"turns":4.0},{"damage":18.0,"enemies":"Lagavulin","floor":10.0,"turns":5.0},{"damage":41.0,"enemies":"downfall:FleeingMerchant","floor":11.0,"turns":4.0},{"damage":21.0,"enemies":"Lots of Slimes","floor":12.0,"turns":3.0},{"damage":14.0,"enemies":"Blue Slaver","floor":14.0,"turns":2.0},{"damage":13.0,"enemies":"Red Slaver","floor":15.0,"turns":3.0},{"damage":55.0,"enemies":"downfall:Watcher","floor":16.0,"turns":6.0},{"damage":16,"enemies":"Chosen","floor":19,"turns":3},{"damage":40,"enemies":"downfall:FleeingMerchant","floor":20,"turns":4},{"damage":38,"enemies":"3 Byrds","floor":21,"turns":4},{"damage":20,"enemies":"Sentry and Sphere","floor":22,"turns":3},{"damage":27,"enemies":"Centurion and Healer","floor":23,"turns":4},{"damage":20,"enemies":"downfall:FleeingMerchant","floor":27,"turns":4},{"damage":22,"enemies":"Chosen and Byrds","floor":30,"turns":4},{"damage":35,"enemies":"Slavers","floor":31,"turns":4},{"damage":43,"enemies":"Snake Plant","floor":32,"turns":4},{"damage":57,"enemies":"downfall:Silent","floor":33,"turns":7},{"damage":31,"enemies":"3 Darklings","floor":36,"turns":4},{"damage":16,"enemies":"3 Shapes","floor":37,"turns":2},{"damage":60,"enemies":"2 Orb Walkers","floor":38,"turns":5},{"damage":9,"enemies":"downfall:FleeingMerchant","floor":39,"turns":3},{"damage":22,"enemies":"Transient","floor":40,"turns":5},{"damage":69,"enemies":"Maw","floor":42,"turns":5},{"damage":55,"enemies":"Giant Head","floor":43,"turns":6},{"damage":7,"enemies":"Sphere and 2 Shapes","floor":45,"turns":3},{"damage":12,"enemies":"4 Shapes","floor":46,"turns":3},{"damage":25,"enemies":"Reptomancer","floor":47,"turns":3},{"damage":44,"enemies":"Transient","floor":48,"turns":5},{"damage":16,"enemies":"Jaw Worm Horde","floor":49,"turns":2},{"damage":41,"enemies":"downfall:Defect","floor":50,"turns":6},{"damage":46,"enemies":"downfall:CharBossMerchant","floor":52,"turns":5},{"damage":149,"enemies":"downfall:NeowBoss","floor":55,"turns":25}],"seed_played":"1396053841740956656","potions_obtained":[{"floor":3.0,"key":"ColorlessPotion"},{"floor":6.0,"key":"Dexterity Potion"},{"floor":8.0,"key":"Slimebound:ThreeZeroPotion"},{"floor":16.0,"key":"EntropicBrew"},{"floor":19,"key":"GamblersBrew"},{"floor":30,"key":"AttackPotion"},{"floor":33,"key":"Ancient Potion"},{"floor":38,"key":"PowerPotion"},{"floor":45,"key":"DuplicationPotion"},{"floor":47,"key":"Energy Potion"},{"floor":48,"key":"SteroidPotion"},{"floor":49,"key":"FairyPotion"}],"is_trial":false,"path_per_floor":["R","M","M","?","$","M","T","E","?","E","$","M","R","M","M","B",null,"R","M","$","M","M","M","T","R","?","$","T","R","M","E","M","B",null,"R","M","M","?","$","M","T","M","E","R","M","M","E","M","M","B",null,"E","$","R","B",null],"character_chosen":"SLIMEBOUND","items_purchased":["Slimebound:SamplingLick","Slimebound:SamplingLick","Slimebound:SlimeSlap","DollysMirror","Anchor","Slimebound:SplitMire","Master of Strategy"],"campfire_rested":4,"item_purchase_floors":[11,20,39,39,39,39,53],"current_hp_per_floor":[66,66,60,60,66,66,66,45,45,43,35,34,53,49,46,21,66,66,64,50,36,32,29,29,48,48,56,56,56,60,53,49,32,66,66,59,61,54,66,66,66,50,62,76,76,74,70,76,76,76,76,62,62,76,40],"gold":48,"neow_bonus":"TEN_PERCENT_HP_BONUS","is_daily":false,"chose_seed":false,"campfire_upgraded":3,"win_rate":0.0,"timestamp":1609387253,"path_taken":["R","M","M","?","$","M","T","E","?","E","$","?","R","M","M","BOSS","R","M","?","M","M","M","T","R","?","$","?","R","M","E","M","BOSS","R","M","M","?","$","M","T","M","E","R","M","M","E","M","M","BOSS","E","$","R","BOSS"],"items_purchased_type":["Card","Card","Card","Relic","Relic","Card","Card"],"build_version":"2020-12-13","purchased_purges":3,"victory":true,"max_hp_per_floor":[66,66,66,66,66,66,66,66,66,66,66,66,66,66,66,66,66,66,66,66,66,66,66,66,66,66,66,66,66,66,66,66,66,66,66,66,66,66,66,66,66,66,66,76,76,76,76,76,76,76,76,76,76,76,76],"card_choices":[{"not_picked":["Slimebound:SplitLeeching","Slimebound:GrowthPunch"],"picked":"Slimebound:LevelUp","floor":2.0},{"not_picked":["Slimebound:ComboTackle","Slimebound:FinishingTackle"],"picked":"Slimebound:SamplingLick","floor":3.0},{"not_picked":["Slimebound:Chomp","Slimebound:SplitLeeching"],"picked":"Slimebound:Schlurp","floor":5.0},{"not_picked":["Slimebound:AcidTongue","Slimebound:Dissolve"],"picked":"Slimebound:Schlurp","floor":6.0},{"not_picked":["Slimebound:SlimeBrawl","Slimebound:Chomp"],"picked":"Slimebound:DuplicatedForm+1","floor":8.0},{"not_picked":["Slimebound:SplitBruiser","Slimebound:FinishingTackle"],"picked":"Slimebound:SplitMire","floor":10.0},{"not_picked":["Slimebound:SlimeSpikes","Slimebound:SplitLeeching"],"picked":"Slimebound:RejuvenatingLick","floor":11.0},{"not_picked":["Slimebound:OozeBath","Slimebound:GoopSpray","Slimebound:ComboTackle"],"picked":"SKIP","floor":12.0},{"not_picked":["Slimebound:SplitBruiser","Slimebound:SlimeSpikes"],"picked":"Slimebound:LevelUp+1","floor":14.0},{"not_picked":["Slimebound:SlimeSpikes","Slimebound:SplitLeeching"],"picked":"Slimebound:SplitBruiser","floor":15.0},{"not_picked":["Slimebound:LeechLife","Slimebound:MassFeed"],"picked":"Slimebound:RallyTheTroops","floor":16.0},{"not_picked":["Slimebound:ComboTackle"],"picked":"SKIP","floor":19},{"not_picked":[],"picked":"Slimebound:LeechingTouch","floor":20},{"not_picked":[],"picked":"Slimebound:GrowthPunch","floor":21},{"not_picked":["Slimebound:SamplingLick"],"picked":"SKIP","floor":22},{"not_picked":[],"picked":"Slimebound:Prepare+1","floor":23},{"not_picked":["Slimebound:Prepare"],"picked":"SKIP","floor":27},{"not_picked":[],"picked":"Slimebound:OneTwoCombo","floor":30},{"not_picked":[],"picked":"Slimebound:MassRepurpose","floor":31},{"not_picked":["Slimebound:Schlurp+1"],"picked":"SKIP","floor":32},{"not_picked":[],"picked":"Slimebound:HauntingLick","floor":36},{"not_picked":[],"picked":"Slimebound:AcidTongue+1","floor":37},{"not_picked":["Slimebound:FinishingTackle"],"picked":"SKIP","floor":39},{"not_picked":[],"picked":"Slimebound:TongueLash","floor":40},{"not_picked":["Slimebound:SlimeBrawl+1"],"picked":"SKIP","floor":42},{"not_picked":[],"picked":"Slimebound:ComboTackle+1","floor":43},{"not_picked":["Slimebound:RollThrough+1"],"picked":"SKIP","floor":45},{"not_picked":["Slimebound:ItLooksTasty"],"picked":"SKIP","floor":46},{"not_picked":[],"picked":"Slimebound:SplitMire+1","floor":47},{"not_picked":["Slimebound:PressTheAttack+1"],"picked":"SKIP","floor":48},{"not_picked":["Slimebound:RollThrough+1"],"picked":"SKIP","floor":49},{"not_picked":["Slimebound:DisruptingSlam+1"],"picked":"SKIP","floor":52}],"player_experience":108530,"relics_obtained":[{"floor":7.0,"key":"Gremlin Horn"},{"floor":8.0,"key":"Frozen Egg 2"},{"floor":10.0,"key":"Tiny Chest"},{"floor":24,"key":"MawBank"},{"floor":28,"key":"Bag of Preparation"},{"floor":31,"key":"Incense Burner"},{"floor":38,"key":"FossilizedHelix"},{"floor":43,"key":"Blood Vial"},{"floor":47,"key":"Letter Opener"},{"floor":52,"key":"Orichalcum"}],"event_choices":[{"damage_healed":0,"gold_gain":0,"player_choice":"Copied","damage_taken":0,"max_hp_gain":0,"max_hp_loss":0,"event_name":"Duplicator","floor":26,"gold_loss":0,"cards_obtained":["Slimebound:Split"]},{"damage_healed":0,"gold_gain":0,"player_choice":"Fight","damage_taken":0,"max_hp_gain":0,"max_hp_loss":0,"event_name":"Mysterious Sphere","floor":38,"gold_loss":0}],"is_beta":false,"boss_relics":[{"not_picked":["Tiny House","SacredBark"],"picked":"Busted Crown"},{"not_picked":["Sozu","Coffee Dripper"],"picked":"Fusion Hammer"}],"items_purged_floors":[5,20,39],"is_endless":false,"potions_floor_spawned":[3,6,8,16,19,23,30,33,38,45,46,47,48,49],"ascension_level":0}}