{"host":"ixqzyafodex1tsi5","time":1609416836,"event":{"mods":["AchievementEnabler","Act Like it!","BaseMod","Gensokyo","GifTheSpireLib","Hallownest","KomeijiMod","Lobotomy","LobotomyExtend","Minty Spire (QoL Compilation)","Relic Stats","Replay The Spire","RumiaBox-露米娅的神秘盒子","Spicy Shops","StSLib","The Cursed","[IsaacMod]以撒尖塔","【功能Mod】混沌之环修复补丁","【遗物卡牌】REMEMod"],"gold_per_floor":[116,116,116,130,16,50,60,60,60,60,71,71,32,44,44,148,148,148,148],"floor_reached":18,"playtime":6695,"items_purged":["Defend_Komeiji"],"score":160,"play_id":"f65871d6-e9f3-498a-a8d6-17f6f4c249b1","local_time":"20201231201356","is_ascension_mode":false,"campfire_choices":[{"data":"MiraiBunraku","floor":8,"key":"SMITH"},{"data":"Blasphemy","floor":10,"key":"SMITH"},{"data":"Strike_Komeiji","floor":15,"key":"PURGE"}],"circlet_count":0,"master_deck":["Strike_Komeiji","Strike_Komeiji","Strike_Komeiji","Defend_Komeiji","Defend_Komeiji","Defend_Komeiji","Dash_Komeiji","Blasphemy+1","NingyouChiyari+1","CENSORED","KokorosuKi+1","CrumblingArmor","MiraiBunraku+1","Mishyaguji+1","MHz","NingyouSP+1","NingyouSousou+1","SemiAutomaton"],"relics":["KomeijisEye","SpellCardsRule","MusicBox","REME_ComplimentaryCards","HushsDoor","SteamSale","CogitoBucket","LetterFromLob","ThirstyCross","Juzu Bracelet","DoctorsRemote","MagicDraw4","GodSword3","NitorisBag","SkinProphecy","Black Star"],"acts_visited":["Exordium","TheCity"],"potions_floor_usage":[18,18],"damage_taken":[{"damage":1.0,"enemies":"Jaw Worm","floor":1.0,"turns":5.0},{"damage":9,"enemies":"Small Slimes","floor":4,"turns":7},{"damage":95,"enemies":"Lagavulin","floor":6,"turns":10},{"damage":7,"enemies":"Cultist","floor":7,"turns":3},{"damage":9,"enemies":"Exordium Thugs","floor":11,"turns":4},{"damage":35,"enemies":"Looter","floor":14,"turns":4},{"damage":33,"enemies":"Fading Forest","floor":16,"turns":11},{"damage":90,"enemies":"2 Thieves","floor":18,"turns":5}],"seed_played":"9164901493495321901","potions_obtained":[{"floor":4,"key":"Energy Potion"},{"floor":7,"key":"Swift Potion"}],"is_trial":false,"path_per_floor":["M","?","?","M","$","E","M","R","T","R","M","T","$","M","R","B",null,"M"],"character_chosen":"KomeijiSatori","items_purchased":["Juzu Bracelet","NitorisBag"],"campfire_rested":0,"item_purchase_floors":[5,13],"current_hp_per_floor":[49,49,50,41,41,32,41,41,41,41,47,47,47,28,28,50,52,0,0],"gold":148,"neow_bonus":"","is_daily":false,"chose_seed":false,"campfire_upgraded":2,"win_rate":0.0,"timestamp":1609416836,"path_taken":["M","?","?","?","$","E","M","R","T","R","M","?","?","M","R","BOSS","M"],"items_purchased_type":["Relic","Relic"],"build_version":"2020-12-22","purchased_purges":1,"victory":false,"max_hp_per_floor":[50,50,50,50,50,50,50,50,50,50,50,50,50,50,50,52,52,54,54],"relic_stats":{"counters":[9,50],"Juzu Bracelet":0,"Black Star":0,"obtain_stats":[{"MusicBox":0,"KeepersGift":0,"ThirstyCross":2,"DoctorsRemote":6,"Juzu Bracelet":5,"MagicDraw4":9,"SkinProphecy":14,"SteamSale":0,"NitorisBag":13,"CogitoBucket":0,"KomeijisEye":0,"LetterFromLob":1,"Black Star":17,"SpellCardsRule":0,"HushsDoor":0,"GodSword3":12,"REME_ComplimentaryCards":0},{"MusicBox":0,"KeepersGift":0,"ThirstyCross":1,"DoctorsRemote":3,"Juzu Bracelet":2,"MagicDraw4":4,"SkinProphecy":7,"SteamSale":0,"NitorisBag":5,"CogitoBucket":0,"KomeijisEye":0,"LetterFromLob":1,"Black Star":8,"SpellCardsRule":0,"HushsDoor":0,"GodSword3":5,"REME_ComplimentaryCards":0},{"MusicBox":0,"KeepersGift":0,"ThirstyCross":5,"DoctorsRemote":22,"Juzu Bracelet":12,"MagicDraw4":25,"SkinProphecy":34,"SteamSale":0,"NitorisBag":29,"CogitoBucket":0,"KomeijisEye":0,"LetterFromLob":5,"Black Star":45,"SpellCardsRule":0,"HushsDoor":0,"GodSword3":29,"REME_ComplimentaryCards":0}]},"card_choices":[{"not_picked":[],"picked":"Bomb","floor":0.0},{"not_picked":["Bomb","SenyouGoraku+1"],"picked":"NingyouChiyari+1","floor":1.0},{"not_picked":["Laetitia","OldLady"],"picked":"LongBird","floor":1.0},{"not_picked":["Rudolta","Bloodbath"],"picked":"CENSORED","floor":4},{"not_picked":["RoshinSou+1","NingyouKasou+1"],"picked":"KokorosuKi+1","floor":4},{"not_picked":["Wellcheers","FairyFestival","BlackSwan"],"picked":"Singing Bowl","floor":6},{"not_picked":["Bloodbath","FairyFestival"],"picked":"CrumblingArmor","floor":6},{"not_picked":["NingyouShinki+1","KinbakuJin+1"],"picked":"MiraiBunraku","floor":6},{"not_picked":["SpiderBud","DreamingCurrent","OSAHOGD"],"picked":"Singing Bowl","floor":7},{"not_picked":["ShyakuBuku","MajikuruSanhai+1"],"picked":"Mishyaguji+1","floor":7},{"not_picked":["Murderer","WallGazer","FairyFestival"],"picked":"Singing Bowl","floor":11},{"not_picked":["Murderer","FieryBird"],"picked":"MHz","floor":11},{"not_picked":["ShyakuBuku","Agarareta+1"],"picked":"NingyouSP+1","floor":11},{"not_picked":["PunishingBird","Wellcheers"],"picked":"BigBird","floor":14},{"not_picked":["Melting","ShyakuBuku"],"picked":"NingyouSousou+1","floor":14},{"not_picked":["ShyLook","Freischutz","Variant"],"picked":"Singing Bowl","floor":16},{"not_picked":["VoidDream","OSAHOGD"],"picked":"PunishingBird","floor":16},{"not_picked":["HelanNingyou","TenguhouSokujitsuken"],"picked":"SemiAutomaton","floor":16}],"player_experience":156482,"relics_obtained":[{"floor":1.0,"key":"LetterFromLob"},{"floor":6,"key":"DoctorsRemote"},{"floor":9,"key":"MagicDraw4"},{"floor":12,"key":"GodSword3"}],"event_choices":[],"is_beta":false,"boss_relics":[{"not_picked":["ReplayTheSpireMod:DimensionalGlitch","SoulBox"],"picked":"Black Star"},{"not_picked":[]}],"items_purged_floors":[5],"is_endless":false,"potions_floor_spawned":[4,7],"killed_by":"2 Thieves","ascension_level":0}}