{"host":"czzthkrvfe6r7fjf","time":1609402688,"event":{"mods":["ATMod(∞¢Ë™Mod)","Act Like it!","BaseMod","Downfall","GungeonMod","Marisa£®ÏF”Í°°ƒß¿Ì…≥£©","Minty Spire (QoL Compilation)","Quick Restart","StSLib","The Servant 0.9.4","Waifu the Spire","°æπ¶ƒ‹Mod°øªÏ„Á÷Æª∑–ﬁ∏¥≤π∂°"],"gold_per_floor":[112,262,262,145,160,194,194,194,263,263,281,306,325,53,53,127,127,138,138,138,63,63,93,93,93,93],"floor_reached":25,"playtime":706,"items_purged":["Regret","Strike_G"],"score":495,"play_id":"a275ce2d-4ba6-460e-a38b-56d48f439c27","local_time":"20201231161808","is_ascension_mode":true,"campfire_choices":[{"data":"Blade Dance","floor":7.0,"key":"SMITH"},{"data":"Accuracy","floor":10.0,"key":"SMITH"},{"data":"AT_FamilyPortrait","floor":15.0,"key":"SMITH"},{"data":"Burst","floor":24,"key":"SMITH"}],"circlet_count":0,"master_deck":["AscendersBane","Strike_G","Strike_G","Strike_G","Strike_G","Defend_G","Defend_G","Defend_G","Defend_G","Defend_G","Survivor","Neutralize","AT_FamilyPortrait+1","Blade Dance+1","Accuracy+1","Accuracy","Tools of the Trade","Burst+1","Calculated Gamble+1","PiercingWail","RitualDagger"],"relics":["Ring of the Snake","AT_ATBox","NeowsBlessing","Orichalcum","DemoMod:BigBoy","AT_ForceNature","Dream Catcher","AT_ArchangelStaff","CaptainsWheel","Toy Ornithopter"],"acts_visited":["Exordium","TheCity"],"potions_floor_usage":[23],"damage_taken":[{"damage":0.0,"enemies":"Small Slimes","floor":1.0,"turns":1.0},{"damage":0.0,"enemies":"2 Louse","floor":5.0,"turns":1.0},{"damage":0.0,"enemies":"Lagavulin","floor":6.0,"turns":1.0},{"damage":0.0,"enemies":"Cultist","floor":11.0,"turns":3.0},{"damage":0.0,"enemies":"3 Sentries","floor":12.0,"turns":3.0},{"damage":5.0,"enemies":"Large Slime","floor":13.0,"turns":3.0},{"damage":7.0,"enemies":"Hexaghost","floor":16.0,"turns":9.0},{"damage":21.0,"enemies":"Spheric Guardian","floor":18.0,"turns":4.0},{"damage":1,"enemies":"Gremlin Leader","floor":23,"turns":4},{"damage":11,"enemies":"Book of Stabbing","floor":25,"turns":5}],"seed_played":"985113725072028413","potions_obtained":[{"floor":5.0,"key":"Dexterity Potion"},{"floor":11.0,"key":"hexamod:EctoCoolerPotion"},{"floor":13.0,"key":"AttackPotion"},{"floor":18.0,"key":"DemoMod:LeadSkinPotion"}],"is_trial":false,"path_per_floor":["M","?","?","$","M","E","R","?","T","R","M","E","M","$","R","B",null,"M","?","?","?","?","E","R","E"],"character_chosen":"THE_SILENT","items_purchased":["Accuracy","AT_ArchangelStaff"],"campfire_rested":0,"item_purchase_floors":[4,14],"current_hp_per_floor":[59,59,59,59,59,59,59,59,59,59,59,59,54,54,54,47,61,40,40,40,40,34,33,33,22,22],"gold":93,"neow_bonus":"THREE_ENEMY_KILL","is_daily":false,"chose_seed":false,"campfire_upgraded":4,"win_rate":0.0,"timestamp":1609402688,"path_taken":["M","?","?","$","M","E","R","?","T","R","M","E","M","$","R","BOSS","M","?","?","?","?","E","R","E"],"items_purchased_type":["Card","Relic"],"build_version":"2020-12-22","purchased_purges":2,"victory":false,"max_hp_per_floor":[66,66,66,66,66,66,66,66,66,66,66,66,66,66,66,66,66,66,66,66,66,66,66,66,66,66],"card_choices":[{"not_picked":["Bane","AT_TwilightShroud"],"picked":"Blade Dance","floor":1.0},{"not_picked":["Endless Agony","Riddle With Holes"],"picked":"Accuracy","floor":5.0},{"not_picked":["AT_WomanClash","AT_TwilightShroud","Expertise"],"picked":"SKIP","floor":6.0},{"not_picked":["Blade Dance","Outmaneuver"],"picked":"Tools of the Trade","floor":11.0},{"not_picked":["Acrobatics","Predator"],"picked":"Burst","floor":12.0},{"not_picked":["Accuracy","Skewer","Flying Knee"],"picked":"SKIP","floor":13.0},{"not_picked":["Riddle With Holes","AT_WindFlip"],"picked":"Calculated Gamble+1","floor":18.0},{"not_picked":["Caltrops","Deflect","Storm of Steel"],"picked":"SKIP","floor":23}],"player_experience":489039,"relics_obtained":[{"floor":6.0,"key":"DemoMod:BigBoy"},{"floor":9.0,"key":"AT_ForceNature"},{"floor":12.0,"key":"Dream Catcher"},{"floor":23,"key":"Toy Ornithopter"}],"event_choices":[{"damage_healed":0.0,"max_hp_gain":0.0,"max_hp_loss":0.0,"gold_gain":150.0,"event_name":"Liars Game","player_choice":"AGREE","floor":2.0,"gold_loss":0.0,"damage_taken":0.0,"cards_obtained":["Doubt"]},{"damage_healed":0.0,"max_hp_gain":0.0,"max_hp_loss":0.0,"gold_gain":0.0,"event_name":"Big Fish","player_choice":"Box","floor":3.0,"gold_loss":0.0,"damage_taken":0.0,"relics_obtained":["Orichalcum"],"cards_obtained":["Regret"]},{"cards_removed":["Doubt"],"damage_healed":0.0,"max_hp_gain":0.0,"max_hp_loss":0.0,"gold_gain":0.0,"event_name":"Purifier","player_choice":"Purged","floor":8.0,"gold_loss":0.0,"damage_taken":0.0},{"damage_healed":0.0,"max_hp_gain":0.0,"max_hp_loss":0.0,"gold_gain":0.0,"event_name":"The Library","player_choice":"Read","floor":19.0,"gold_loss":0.0,"damage_taken":0.0,"cards_obtained":["PiercingWail"]},{"damage_healed":0.0,"max_hp_gain":0.0,"max_hp_loss":0.0,"gold_gain":0.0,"event_name":"The Mausoleum","player_choice":"Opened","floor":20.0,"gold_loss":0.0,"damage_taken":0.0,"relics_obtained":["CaptainsWheel"],"cards_obtained":["Writhe"]},{"cards_removed":["Writhe"],"damage_healed":0.0,"max_hp_gain":0.0,"max_hp_loss":0.0,"gold_gain":0.0,"event_name":"Beggar","player_choice":"Gave Gold","floor":21.0,"gold_loss":75.0,"damage_taken":0.0},{"damage_healed":0.0,"max_hp_gain":0.0,"max_hp_loss":0.0,"gold_gain":0.0,"event_name":"Nest","player_choice":"Joined the Cult","floor":22.0,"gold_loss":0.0,"damage_taken":6.0,"cards_obtained":["RitualDagger"]}],"is_beta":false,"boss_relics":[{"not_picked":[]}],"items_purged_floors":[4,14],"is_endless":false,"potions_floor_spawned":[5,11,13,18],"killed_by":"Book of Stabbing","ascension_level":16}}