{"host":"gkm149kh1ihaqy0o","time":1609445464,"event":{"mods":["AchievementEnabler","BaseMod","Colored Powertips","Googly Eyes","Key Reminder","Minty Spire (QoL Compilation)","Permanent Neow","Quick Restart","Random Character Button","Rare Cards Sparkle","Relic Sorter","Relic Stats","SuperFastMode","Unceasing Turn Reminder","everything is the same but u backflip on backflip"],"gold_per_floor":[12,12,28,51,51,82,107,150,176,220,220,235,235,250,250,370,370,388,388,388,408,408,427,466,480,480,480,69,104,123,147,147,270,270,290,290,290,24,38,38,74,92,118,118,136,161,187,227,227,227,227],"floor_reached":50,"playtime":2699,"items_purged":["Concentrate"],"score":879,"play_id":"3c04e07b-70a4-4882-bfa7-fbbd0d941b2c","local_time":"20201231141104","is_ascension_mode":true,"campfire_choices":[{"floor":11,"key":"REST"},{"floor":13,"key":"REST"},{"data":"Tools of the Trade","floor":15,"key":"SMITH"},{"floor":27,"key":"REST"},{"floor":32,"key":"REST"},{"data":"Terror","floor":40,"key":"SMITH"},{"floor":49,"key":"REST"}],"circlet_count":0,"master_deck":["Survivor","Neutralize","Apotheosis+1","All Out Attack","Slice","Poisoned Stab+1","Tools of the Trade+1","Dash","Blade Dance","Dash","Malaise","Accuracy","Catalyst","PiercingWail","Storm of Steel","Predator","Storm of Steel","Tools of the Trade","Blade Dance+1","Expertise","Predator+1","Tactician","Deflect","Footwork+1","Envenom+1","Riddle With Holes+1","Doppelganger","PiercingWail","Well Laid Plans+1","Terror+1","Wraith Form v2+1","Cloak And Dagger+1","Tools of the Trade+1","Dagger Spray+1","Choke+1","Calculated Gamble+1"],"relics":["Ring of the Snake","Golden Idol","Omamori","War Paint","Akabeko","PreservedInsect","Pandora\u0027s Box","Enchiridion","Frozen Egg 2","Bag of Marbles","Mercury Hourglass","Shuriken","MealTicket","Cursed Key","Membership Card","Lantern","Toxic Egg 2","Bag of Preparation","Whetstone","Happy Flower"],"acts_visited":["Exordium","TheCity","TheBeyond"],"potions_floor_usage":[6,7,8,23,25,29,41,50,50],"damage_taken":[{"damage":0,"enemies":"Small Slimes","floor":1,"turns":3},{"damage":0,"enemies":"2 Louse","floor":3,"turns":2},{"damage":0,"enemies":"Jaw Worm","floor":4,"turns":4},{"damage":11,"enemies":"3 Sentries","floor":6,"turns":6},{"damage":2,"enemies":"Exordium Wildlife","floor":7,"turns":4},{"damage":4,"enemies":"Lagavulin","floor":8,"turns":7},{"damage":22,"enemies":"Gremlin Nob","floor":10,"turns":4},{"damage":0,"enemies":"Exordium Thugs","floor":12,"turns":3},{"damage":4,"enemies":"Lots of Slimes","floor":14,"turns":4},{"damage":20,"enemies":"Hexaghost","floor":16,"turns":10},{"damage":8,"enemies":"3 Byrds","floor":18,"turns":4},{"damage":4,"enemies":"Chosen","floor":21,"turns":3},{"damage":4,"enemies":"Centurion and Healer","floor":23,"turns":5},{"damage":5,"enemies":"Book of Stabbing","floor":24,"turns":3},{"damage":14,"enemies":"Shelled Parasite and Fungi","floor":25,"turns":2},{"damage":1,"enemies":"Slavers","floor":29,"turns":3},{"damage":5,"enemies":"Snake Plant","floor":30,"turns":4},{"damage":2,"enemies":"Chosen and Byrds","floor":31,"turns":4},{"damage":8,"enemies":"Automaton","floor":33,"turns":7},{"damage":18,"enemies":"3 Darklings","floor":35,"turns":6},{"damage":0,"enemies":"3 Shapes","floor":39,"turns":5},{"damage":0,"enemies":"Reptomancer","floor":41,"turns":4},{"damage":0,"enemies":"3 Darklings","floor":42,"turns":4},{"damage":2,"enemies":"Maw","floor":45,"turns":6},{"damage":1,"enemies":"Jaw Worm Horde","floor":46,"turns":3},{"damage":6,"enemies":"Giant Head","floor":48,"turns":4},{"damage":80,"enemies":"Awakened One","floor":50,"turns":6}],"seed_played":"1038623228443460194","potions_obtained":[{"floor":1,"key":"LiquidBronze"},{"floor":4,"key":"Explosive Potion"},{"floor":6,"key":"Dexterity Potion"},{"floor":10,"key":"BlessingOfTheForge"},{"floor":24,"key":"Poison Potion"},{"floor":29,"key":"GhostInAJar"},{"floor":41,"key":"GamblersBrew"},{"floor":45,"key":"Regen Potion"}],"is_trial":false,"path_per_floor":["M","?","M","M","?","E","M","E","T","E","R","M","R","M","R","B",null,"M","?","?","M","?","M","E","M","T","R","$","E","M","M","R","B",null,"M","?","?","$","M","R","E","M","T","?","M","M","T","E","R","B"],"character_chosen":"THE_SILENT","items_purchased":["Footwork+1","Shuriken","Block Potion","Membership Card","Lantern","Well Laid Plans+1"],"campfire_rested":5,"item_purchase_floors":[28,28,28,38,38,38],"current_hp_per_floor":[63,63,63,63,63,52,50,46,46,24,43,43,62,58,58,38,58,50,34,34,30,30,26,21,7,7,26,26,25,20,18,37,29,56,38,38,38,53,53,53,53,53,53,53,51,50,50,44,62,0,0],"gold":227,"neow_bonus":"RANDOM_COLORLESS_2","is_daily":false,"chose_seed":false,"campfire_upgraded":2,"win_rate":0.0,"timestamp":1609445464,"path_taken":["M","?","M","M","?","E","M","E","T","E","R","M","R","M","R","BOSS","M","?","?","M","?","M","E","?","T","R","?","E","M","?","R","BOSS","M","?","?","$","M","R","E","M","T","?","?","M","?","E","R","BOSS"],"items_purchased_type":["Card","Relic","Potion","Relic","Relic","Card"],"build_version":"2020-12-22","purchased_purges":1,"victory":false,"max_hp_per_floor":[70,65,65,65,65,65,65,65,65,65,65,65,65,65,65,65,65,65,65,65,65,65,65,65,65,65,65,65,65,65,65,65,65,65,65,62,62,62,62,62,62,62,62,62,62,62,62,62,62,62,62],"relic_stats":{"Happy Flower":[2],"counters":[27,120],"Golden Idol":166,"PreservedInsect":275,"Bag of Preparation":[8],"Whetstone":["Choke","Poisoned Stab"],"War Paint":["Defend_G","Apotheosis"],"Cursed Key":2,"Mercury Hourglass":[251],"Shuriken":[39],"Pandora\u0027s Box":["Concentrate","Heel Hook","Accuracy","Catalyst","PiercingWail","Concentrate","Storm of Steel","Predator","Storm of Steel","Tools of the Trade"],"MealTicket":15,"obtain_stats":[{"Lantern":38,"Happy Flower":48,"Golden Idol":2,"Enchiridion":19,"PreservedInsect":10,"Omamori":6,"Bag of Preparation":43,"Whetstone":47,"War Paint":8,"Frozen Egg 2":20,"Cursed Key":34,"Akabeko":9,"Mercury Hourglass":26,"Shuriken":28,"Pandora\u0027s Box":17,"MealTicket":29,"Bag of Marbles":24,"Membership Card":38,"Toxic Egg 2":41,"Ring of the Snake":0},{"Lantern":20,"Happy Flower":26,"Golden Idol":1,"Enchiridion":11,"PreservedInsect":7,"Omamori":4,"Bag of Preparation":23,"Whetstone":25,"War Paint":6,"Frozen Egg 2":11,"Cursed Key":19,"Akabeko":6,"Mercury Hourglass":15,"Shuriken":15,"Pandora\u0027s Box":10,"MealTicket":16,"Bag of Marbles":14,"Membership Card":20,"Toxic Egg 2":22,"Ring of the Snake":0},{"Lantern":88,"Happy Flower":114,"Golden Idol":3,"Enchiridion":51,"PreservedInsect":30,"Omamori":15,"Bag of Preparation":101,"Whetstone":110,"War Paint":26,"Frozen Egg 2":51,"Cursed Key":82,"Akabeko":26,"Mercury Hourglass":64,"Shuriken":64,"Pandora\u0027s Box":47,"MealTicket":67,"Bag of Marbles":62,"Membership Card":88,"Toxic Egg 2":97,"Ring of the Snake":0}],"Ring of the Snake":[54]},"card_choices":[{"not_picked":["Secret Technique","Violence"],"picked":"Apotheosis","floor":0},{"not_picked":["Poisoned Stab","Acrobatics"],"picked":"All Out Attack","floor":1},{"not_picked":["Underhanded Strike","Outmaneuver"],"picked":"Slice","floor":3},{"not_picked":["Dodge and Roll","Underhanded Strike"],"picked":"Poisoned Stab","floor":4},{"not_picked":["Distraction","Underhanded Strike"],"picked":"Tools of the Trade","floor":6},{"not_picked":["Bane","Deadly Poison"],"picked":"Dash","floor":7},{"not_picked":["Slice","Deadly Poison"],"picked":"Blade Dance","floor":8},{"not_picked":["Blade Dance","Masterful Stab","Accuracy"],"picked":"SKIP","floor":10},{"not_picked":["Acrobatics","Deadly Poison"],"picked":"Dash","floor":12},{"not_picked":["Deflect","Flechettes","Outmaneuver"],"picked":"SKIP","floor":14},{"not_picked":["Glass Knife","Phantasmal Killer"],"picked":"Malaise","floor":16},{"not_picked":["Endless Agony","Flechettes+1"],"picked":"Blade Dance+1","floor":18},{"not_picked":["Dagger Throw","Blade Dance+1"],"picked":"Expertise","floor":21},{"not_picked":["Deadly Poison","Slice+1"],"picked":"Predator+1","floor":23},{"not_picked":["Slice","Outmaneuver"],"picked":"Tactician","floor":24},{"not_picked":["Skewer","Prepared"],"picked":"Deflect","floor":25},{"not_picked":["Tactician+1","Leg Sweep"],"picked":"Envenom+1","floor":29},{"not_picked":["Setup+1","Concentrate","Poisoned Stab+1"],"picked":"SKIP","floor":30},{"not_picked":["Quick Slash","Acrobatics"],"picked":"Riddle With Holes+1","floor":31},{"not_picked":["Venomology","Tools of the Trade+1"],"picked":"Doppelganger","floor":33},{"not_picked":["Underhanded Strike+1","Endless Agony"],"picked":"PiercingWail","floor":35},{"not_picked":["Setup+1","Flying Knee"],"picked":"Terror","floor":39},{"not_picked":["Catalyst+1","Poisoned Stab"],"picked":"Wraith Form v2+1","floor":41},{"not_picked":["Dodge and Roll+1","Crippling Poison+1"],"picked":"Cloak And Dagger+1","floor":42},{"not_picked":["Cloak And Dagger+1","Dodge and Roll+1"],"picked":"Dagger Spray+1","floor":45},{"not_picked":["Skewer+1","Prepared+1"],"picked":"Choke","floor":46},{"not_picked":["Bane","Prepared+1"],"picked":"Calculated Gamble+1","floor":48}],"player_experience":606857,"relics_obtained":[{"floor":6,"key":"Omamori"},{"floor":8,"key":"War Paint"},{"floor":9,"key":"Akabeko"},{"floor":10,"key":"PreservedInsect"},{"floor":19,"key":"Enchiridion"},{"floor":24,"key":"Bag of Marbles"},{"floor":26,"key":"Mercury Hourglass"},{"floor":29,"key":"MealTicket"},{"floor":41,"key":"Toxic Egg 2"},{"floor":43,"key":"Bag of Preparation"},{"floor":47,"key":"Whetstone"},{"floor":48,"key":"Happy Flower"}],"event_choices":[{"damage_healed":0,"gold_gain":0,"player_choice":"Lose Max HP","damage_taken":0,"relics_obtained":["Golden Idol"],"max_hp_gain":0,"max_hp_loss":5,"event_name":"Golden Idol","floor":2,"gold_loss":0},{"damage_healed":0,"gold_gain":0,"player_choice":"Ignored","damage_taken":0,"max_hp_gain":0,"max_hp_loss":0,"event_name":"Liars Game","floor":5,"gold_loss":0},{"damage_healed":0,"gold_gain":0,"player_choice":"Obtained Book","damage_taken":16,"max_hp_gain":0,"max_hp_loss":0,"event_name":"Cursed Tome","floor":19,"gold_loss":0},{"damage_healed":0,"gold_gain":0,"player_choice":"Opened","damage_taken":0,"relics_obtained":["Frozen Egg 2"],"max_hp_gain":0,"max_hp_loss":0,"event_name":"The Mausoleum","floor":20,"gold_loss":0},{"damage_healed":0,"gold_gain":0,"player_choice":"Ignored","damage_taken":0,"max_hp_gain":0,"max_hp_loss":0,"event_name":"Vampires","floor":22,"gold_loss":0},{"damage_healed":0,"gold_gain":0,"player_choice":"Max HP","damage_taken":0,"max_hp_gain":0,"max_hp_loss":3,"event_name":"Winding Halls","floor":36,"gold_loss":0},{"cards_removed":["Heel Hook"],"damage_healed":0,"gold_gain":0,"player_choice":"Removed Attack","damage_taken":0,"max_hp_gain":0,"max_hp_loss":0,"event_name":"Falling","floor":37,"gold_loss":0},{"damage_healed":0,"gold_gain":0,"cards_transformed":["Concentrate"],"player_choice":"Transformed","damage_taken":0,"max_hp_gain":0,"max_hp_loss":0,"event_name":"Transmorgrifier","floor":44,"gold_loss":0,"cards_obtained":["Tools of the Trade"]}],"is_beta":false,"boss_relics":[{"not_picked":["Astrolabe","SacredBark"],"picked":"Pandora\u0027s Box"},{"not_picked":["HoveringKite","Sozu"],"picked":"Cursed Key"}],"items_purged_floors":[28],"is_endless":false,"potions_floor_spawned":[1,4,6,10,24,29,41,45],"killed_by":"Awakened One","ascension_level":9}}