{"host":"zxkjcgzis4pm3za5","time":1609422288,"event":{"mods":["AchievementEnabler","BaseMod","Colored Map","Colored Powertips","Minty Spire (QoL Compilation)","Quick Restart","RNG Fix","Random Character Button","StSLib"],"gold_per_floor":[360,375,375,375,36,36,69,69,96,134,134,158,174,49,49,173,173,191,214,214,214,237,237,237,237],"floor_reached":24,"playtime":1061,"items_purged":["Clumsy","Strike_R"],"score":326,"play_id":"0f3d659b-7dcb-4549-9c1b-ac99c5714772","local_time":"20201231191448","is_ascension_mode":true,"campfire_choices":[{"data":"Inflame","floor":6,"key":"SMITH"},{"data":"Flame Barrier","floor":8,"key":"SMITH"},{"data":"Disarm","floor":11,"key":"SMITH"},{"data":"Flex","floor":15,"key":"SMITH"},{"floor":23,"key":"REST"}],"circlet_count":0,"master_deck":["AscendersBane","Strike_R","Strike_R","Strike_R","Strike_R","Defend_R","Defend_R","Defend_R","Defend_R","Bash","Disarm+1","Pommel Strike","Flame Barrier+1","Inflame+1","Dropkick","Flex+1","Burning Pact","Offering","Feed","Warcry","Uppercut"],"relics":["Burning Blood","Golden Idol","ClockworkSouvenir","Meat on the Bone","Smiling Mask","Omamori","SlaversCollar","MutagenicStrength"],"acts_visited":["Exordium","TheCity"],"potions_floor_usage":[10,22,22],"damage_taken":[{"damage":11,"enemies":"Jaw Worm","floor":1,"turns":5},{"damage":4,"enemies":"Small Slimes","floor":2,"turns":4},{"damage":31,"enemies":"Gremlin Nob","floor":7,"turns":4},{"damage":36,"enemies":"3 Sentries","floor":10,"turns":12},{"damage":0,"enemies":"2 Louse","floor":12,"turns":2},{"damage":21,"enemies":"Exordium Thugs","floor":13,"turns":6},{"damage":26,"enemies":"Hexaghost","floor":16,"turns":8},{"damage":40,"enemies":"Spheric Guardian","floor":18,"turns":5},{"damage":15,"enemies":"Shell Parasite","floor":19,"turns":4},{"damage":52,"enemies":"Cultist and Chosen","floor":22,"turns":10},{"damage":58,"enemies":"Gremlin Leader","floor":24,"turns":7}],"seed_played":"1811335333924782553","potions_obtained":[{"floor":7,"key":"BlessingOfTheForge"},{"floor":12,"key":"GamblersBrew"},{"floor":18,"key":"Ancient Potion"},{"floor":19,"key":"EssenceOfSteel"}],"is_trial":false,"path_per_floor":["M","M","?","?","$","R","E","R","T","E","R","M","M","$","R","B",null,"M","M","?","?","M","R","E"],"character_chosen":"IRONCLAD","items_purchased":["Flame Barrier","ClockworkSouvenir","Inflame","Offering"],"campfire_rested":1,"item_purchase_floors":[5,5,5,14],"current_hp_per_floor":[67,69,69,74,74,74,49,49,49,31,31,49,46,46,46,38,69,50,56,56,56,25,51,0,0],"gold":237,"neow_bonus":"TWO_FIFTY_GOLD","is_daily":false,"chose_seed":false,"campfire_upgraded":4,"win_rate":0.0,"timestamp":1609422288,"path_taken":["M","M","?","?","$","R","E","R","T","E","R","M","M","$","R","BOSS","M","M","?","?","M","R","E"],"items_purchased_type":["Card","Relic","Card","Card"],"build_version":"2020-12-22","purchased_purges":2,"victory":false,"max_hp_per_floor":[80,80,74,79,79,79,79,79,79,79,79,79,79,79,79,79,79,82,85,85,85,88,88,88,88],"card_choices":[{"not_picked":["Evolve","Warcry"],"picked":"Disarm","floor":1},{"not_picked":["Havoc","Body Slam"],"picked":"Pommel Strike","floor":2},{"not_picked":["Sentinel","Body Slam","Dark Embrace"],"picked":"SKIP","floor":7},{"not_picked":["Clothesline","Carnage"],"picked":"Dropkick","floor":10},{"not_picked":["Anger","Shrug It Off"],"picked":"Flex","floor":12},{"not_picked":["Iron Wave","Seeing Red"],"picked":"Burning Pact","floor":13},{"not_picked":["Brutality","Reaper"],"picked":"Feed","floor":16},{"not_picked":["Havoc","Pommel Strike+1","Iron Wave"],"picked":"SKIP","floor":18},{"not_picked":["Perfected Strike","Pommel Strike"],"picked":"Warcry","floor":19},{"not_picked":["Evolve","Headbutt","Wild Strike"],"picked":"SKIP","floor":22}],"player_experience":170344,"relics_obtained":[{"floor":7,"key":"Meat on the Bone"},{"floor":9,"key":"Smiling Mask"},{"floor":10,"key":"Omamori"}],"event_choices":[{"damage_healed":0,"gold_gain":0,"player_choice":"Lose Max HP","damage_taken":0,"relics_obtained":["Golden Idol"],"max_hp_gain":0,"max_hp_loss":6,"event_name":"Golden Idol","floor":3,"gold_loss":0},{"damage_healed":0,"gold_gain":0,"player_choice":"Donut","damage_taken":0,"max_hp_gain":5,"max_hp_loss":0,"event_name":"Big Fish","floor":4,"gold_loss":0},{"damage_healed":0,"gold_gain":0,"player_choice":"Inject Mutagens","damage_taken":0,"relics_obtained":["MutagenicStrength"],"max_hp_gain":0,"max_hp_loss":0,"event_name":"Drug Dealer","floor":20,"gold_loss":0},{"damage_healed":0,"gold_gain":0,"player_choice":"Read","damage_taken":0,"max_hp_gain":0,"max_hp_loss":0,"event_name":"The Library","floor":21,"gold_loss":0,"cards_obtained":["Uppercut"]}],"is_beta":false,"boss_relics":[{"not_picked":["Pandora\u0027s Box","Velvet Choker"],"picked":"SlaversCollar"}],"items_purged_floors":[5,14],"is_endless":false,"potions_floor_spawned":[7,12,18,19],"killed_by":"Gremlin Leader","ascension_level":12}}