{"host":"m77rrhbqzv44va4v","time":1609431265,"event":{"mods":["AchievementEnabler","BaseMod","Colored Map","DeckTracker","Keyboard Shortcuts","Minty Spire (QoL Compilation)","StSLib","SuperFastMode","everything is the same but u backflip on backflip"],"gold_per_floor":[15,31,41,54,71,106,206,239,264,264,283,283,140,157,157,260,260,260,260,260,84,84,84,84,84,84,84,84,84,84,84,84,84,84,84,0,0,0,0,0,0,0,0,0,0,0,0,0,0,0,0],"floor_reached":50,"playtime":1446,"items_purged":["Strike_G","Writhe"],"score":588,"play_id":"d815c6f4-67b7-47b3-948a-118c8391177c","local_time":"20210101011425","is_ascension_mode":false,"campfire_choices":[{"floor":10.0,"key":"REST"},{"data":"Tactician","floor":12.0,"key":"SMITH"},{"data":"Terror","floor":15.0,"key":"SMITH"},{"data":"A Thousand Cuts","floor":23.0,"key":"SMITH"},{"data":"Well Laid Plans","floor":27.0,"key":"SMITH"},{"floor":29.0,"key":"REST"},{"floor":32.0,"key":"REST"},{"data":"Footwork","floor":41,"key":"SMITH"},{"floor":45,"key":"RECALL"},{"data":"Grand Finale","floor":49,"key":"PURGE"}],"circlet_count":0,"master_deck":["Survivor","Neutralize","Dagger Throw","Acrobatics","Predator","Footwork+1","Terror+1","Tactician+1","PiercingWail","Dash","Underhanded Strike","Backflip","Underhanded Strike","A Thousand Cuts+1","Escape Plan","Well Laid Plans+1","Escape Plan","Blur+1","Die Die Die","Storm of Steel","Heel Hook","Bouncing Flask","Flying Knee","Burst","Catalyst","Prepared+1","Eviscerate+1"],"relics":["Ring of the Snake","Oddly Smooth Stone","Regal Pillow","Bag of Marbles","Ectoplasm","Snake Skull","Blood Vial","Pen Nib","Pandora\u0027s Box","Red Mask","Dream Catcher","Unceasing Top","Peace Pipe"],"acts_visited":["Exordium","TheCity","TheBeyond"],"potions_floor_usage":[40,50,50],"damage_taken":[{"damage":1.0,"enemies":"2 Louse","floor":1.0,"turns":3.0},{"damage":0.0,"enemies":"Cultist","floor":2.0,"turns":4.0},{"damage":2.0,"enemies":"Small Slimes","floor":3.0,"turns":3.0},{"damage":0.0,"enemies":"Looter","floor":4.0,"turns":4.0},{"damage":4.0,"enemies":"Exordium Wildlife","floor":5.0,"turns":3.0},{"damage":26.0,"enemies":"Lagavulin","floor":6.0,"turns":7.0},{"damage":10.0,"enemies":"Gremlin Nob","floor":8.0,"turns":3.0},{"damage":26.0,"enemies":"Gremlin Gang","floor":11.0,"turns":6.0},{"damage":0.0,"enemies":"Blue Slaver","floor":14.0,"turns":3.0},{"damage":10.0,"enemies":"Hexaghost","floor":16.0,"turns":8.0},{"damage":0.0,"enemies":"Spheric Guardian","floor":18.0,"turns":4.0},{"damage":3.0,"enemies":"3 Byrds","floor":19.0,"turns":4.0},{"damage":5.0,"enemies":"Centurion and Healer","floor":22.0,"turns":6.0},{"damage":5.0,"enemies":"Snake Plant","floor":24.0,"turns":4.0},{"damage":1.0,"enemies":"Shelled Parasite and Fungi","floor":25.0,"turns":4.0},{"damage":18.0,"enemies":"Cultist and Chosen","floor":28.0,"turns":6.0},{"damage":3.0,"enemies":"Gremlin Leader","floor":30.0,"turns":5.0},{"damage":21.0,"enemies":"Snake Plant","floor":31.0,"turns":3.0},{"damage":26.0,"enemies":"Automaton","floor":33.0,"turns":8.0},{"damage":1.0,"enemies":"Orb Walker","floor":35.0,"turns":2.0},{"damage":6,"enemies":"3 Shapes","floor":37,"turns":4},{"damage":14,"enemies":"Jaw Worm Horde","floor":39,"turns":4},{"damage":0,"enemies":"Giant Head","floor":40,"turns":7},{"damage":0,"enemies":"Mind Bloom Boss Battle","floor":44,"turns":3},{"damage":0,"enemies":"Reptomancer","floor":46,"turns":5},{"damage":0,"enemies":"4 Shapes","floor":47,"turns":2},{"damage":7,"enemies":"3 Darklings","floor":48,"turns":3},{"damage":72,"enemies":"Donu and Deca","floor":50,"turns":6}],"seed_played":"-8947589760317453348","potions_obtained":[{"floor":2.0,"key":"Fire Potion"},{"floor":3.0,"key":"SpeedPotion"},{"floor":4.0,"key":"Swift Potion"},{"floor":11.0,"key":"Dexterity Potion"},{"floor":19.0,"key":"ColorlessPotion"},{"floor":25.0,"key":"BlessingOfTheForge"},{"floor":28.0,"key":"GamblersBrew"},{"floor":31.0,"key":"GamblersBrew"},{"floor":35.0,"key":"DuplicationPotion"},{"floor":44,"key":"Regen Potion"}],"is_trial":false,"path_per_floor":["M","M","M","M","M","E","?","E","T","R","M","R","$","M","R","B",null,"M","M","?","$","M","R","M","M","T","R","M","R","E","M","R","B",null,"M","?","M","$","M","E","R","?","T","?","R","E","M","M","R","B"],"character_chosen":"THE_SILENT","items_purchased":["Underhanded Strike","Backflip","Well Laid Plans"],"campfire_rested":3,"item_purchase_floors":[13,13,21],"current_hp_per_floor":[69,69,67,67,63,37,37,27,27,63,37,37,37,37,37,27,70,70,67,67,67,62,62,57,56,56,56,40,70,67,48,70,44,70,69,69,64,64,52,54,54,54,54,56,56,58,60,55,55,0,0],"gold":0,"neow_bonus":"REMOVE_TWO","is_daily":false,"chose_seed":false,"campfire_upgraded":5,"win_rate":0.0,"timestamp":1609431265,"path_taken":["M","M","M","M","M","E","?","E","T","R","M","R","$","M","R","BOSS","M","?","?","$","M","R","M","M","T","R","M","R","E","M","R","BOSS","M","?","M","$","M","E","R","?","T","?","R","E","?","M","R","BOSS"],"items_purchased_type":["Card","Card","Card"],"build_version":"2020-12-22","purchased_purges":2,"victory":false,"max_hp_per_floor":[70,70,70,70,70,70,70,70,70,70,70,70,70,70,70,70,70,70,70,70,70,70,70,70,70,70,70,70,70,70,70,70,70,70,70,70,70,70,70,70,70,70,70,70,70,70,70,70,70,70,70],"card_choices":[{"not_picked":["Concentrate","Sucker Punch"],"picked":"Dagger Throw","floor":1.0},{"not_picked":["Slice","Dagger Spray"],"picked":"Acrobatics","floor":2.0},{"not_picked":["Skewer","Dagger Spray"],"picked":"Predator","floor":3.0},{"not_picked":["Flying Knee","Night Terror"],"picked":"Footwork","floor":4.0},{"not_picked":["Dagger Throw","Quick Slash"],"picked":"Terror","floor":5.0},{"not_picked":["Dodge and Roll","Noxious Fumes"],"picked":"Tactician","floor":6.0},{"not_picked":["Flying Knee","Deflect"],"picked":"PiercingWail","floor":8.0},{"not_picked":["Acrobatics","Backflip"],"picked":"Dash","floor":11.0},{"not_picked":["Setup","Tactician"],"picked":"Underhanded Strike","floor":14.0},{"not_picked":["Bullet Time","Phantasmal Killer"],"picked":"A Thousand Cuts","floor":16.0},{"not_picked":["Outmaneuver+1","Distraction"],"picked":"Escape Plan","floor":18.0},{"not_picked":["Backflip","Dagger Throw","Underhanded Strike+1"],"picked":"SKIP","floor":19.0},{"not_picked":["Choke","Footwork","Catalyst"],"picked":"SKIP","floor":22.0},{"not_picked":["Well Laid Plans+1","Bane","Dodge and Roll"],"picked":"SKIP","floor":24.0},{"not_picked":["Outmaneuver","Envenom","Predator"],"picked":"SKIP","floor":25.0},{"not_picked":["Predator","Cloak And Dagger","Flying Knee"],"picked":"SKIP","floor":28.0},{"not_picked":["Deflect","Poisoned Stab"],"picked":"Escape Plan","floor":30.0},{"not_picked":["Footwork+1","Deflect"],"picked":"Blur+1","floor":31.0},{"not_picked":["Unload","Storm of Steel"],"picked":"Die Die Die","floor":33.0},{"not_picked":["Slice","Quick Slash+1","Setup+1"],"picked":"SKIP","floor":35.0},{"not_picked":["Predator","Endless Agony","Underhanded Strike+1"],"picked":"SKIP","floor":37},{"not_picked":["Blur","Cloak And Dagger"],"picked":"Prepared+1","floor":39},{"not_picked":["Underhanded Strike","Dagger Spray+1","Slice+1"],"picked":"SKIP","floor":40},{"not_picked":["Terror+1","Infinite Blades+1"],"picked":"Eviscerate+1","floor":44},{"not_picked":["Bane+1","Dagger Spray","Cloak And Dagger"],"picked":"SKIP","floor":46},{"not_picked":["Deflect+1","Noxious Fumes","Cloak And Dagger"],"picked":"SKIP","floor":47},{"not_picked":["Deadly Poison+1","Backstab+1","Eviscerate"],"picked":"SKIP","floor":48}],"player_experience":861718,"relics_obtained":[{"floor":6.0,"key":"Oddly Smooth Stone"},{"floor":8.0,"key":"Regal Pillow"},{"floor":9.0,"key":"Bag of Marbles"},{"floor":26.0,"key":"Blood Vial"},{"floor":30.0,"key":"Pen Nib"},{"floor":40,"key":"Dream Catcher"},{"floor":44,"key":"Unceasing Top"},{"floor":46,"key":"Peace Pipe"}],"event_choices":[{"damage_healed":0.0,"max_hp_gain":0.0,"max_hp_loss":0.0,"gold_gain":100.0,"event_name":"Wheel of Change","player_choice":"Gold","floor":7.0,"gold_loss":0.0,"damage_taken":0.0},{"damage_healed":0.0,"max_hp_gain":0.0,"max_hp_loss":0.0,"gold_gain":0.0,"event_name":"The Mausoleum","player_choice":"Opened","floor":20.0,"gold_loss":0.0,"damage_taken":0.0,"relics_obtained":["Snake Skull"],"cards_obtained":["Writhe"]},{"damage_healed":0.0,"max_hp_gain":0.0,"max_hp_loss":0.0,"gold_gain":0.0,"event_name":"Tomb of Lord Red Mask","player_choice":"Paid","floor":36.0,"gold_loss":84.0,"damage_taken":0.0,"relics_obtained":["Red Mask"]},{"damage_healed":0,"gold_gain":0,"player_choice":"Memory 1","damage_taken":0,"max_hp_gain":0,"max_hp_loss":0,"event_name":"SensoryStone","floor":42,"gold_loss":0},{"damage_healed":0,"gold_gain":0,"player_choice":"Fight","damage_taken":0,"max_hp_gain":0,"max_hp_loss":0,"event_name":"MindBloom","floor":44,"gold_loss":0}],"is_beta":false,"boss_relics":[{"not_picked":["Coffee Dripper","Velvet Choker"],"picked":"Ectoplasm"},{"not_picked":["WristBlade","Snecko Eye"],"picked":"Pandora\u0027s Box"}],"items_purged_floors":[13,21],"is_endless":false,"potions_floor_spawned":[2,3,4,11,19,25,28,31,35,44,46,47],"killed_by":"Donu and Deca","ascension_level":0}}