{"host":"963ykkbusvcbqwtq","time":1609420801,"event":{"mods":["2.2 Compatiblity","AchievementEnabler","Arknights The Spire","BaseMod","Colored Map","GifTheSpireLib","GungeonMod","Lobotomy","Luminous","Minty Spire (QoL Compilation)","StSLib","SuperFastMode","The Bug Knight"],"gold_per_floor":[10111,9003,9019,9019,9035,9035,9114,8367,8367,8367,8367,8380,8414,8414,8414,8523,8523,8545,8560,7716,7728,16668,16725,16725,16725,16725,16725,16737,16758,16774,16774,16774],"floor_reached":31,"playtime":967,"items_purged":["DemoMod:Strike_Huntress","DemoMod:Strike_Huntress","DemoMod:Defend_Huntress","DemoMod:Defend_Huntress"],"score":463,"play_id":"b230f96a-764f-4328-bc33-c4cd36b16e23","local_time":"20201231222001","is_ascension_mode":true,"campfire_choices":[{"data":"DemoMod:Casey","floor":6.0,"key":"SMITH"},{"data":"DemoMod:Gungine","floor":10.0,"key":"SMITH"},{"data":"DemoMod:TableSutra","floor":15,"key":"SMITH"},{"data":"DemoMod:PotionOfGunFriendShip","floor":24,"key":"SMITH"},{"data":"DemoMod:DoubleVision","floor":27,"key":"SMITH"}],"circlet_count":0,"master_deck":["DemoMod:Defend_Huntress","DemoMod:Defend_Huntress","DemoMod:Roll","DemoMod:ManualReload","DemoMod:CrossBow","DespairKnight","DemoMod:Desperate","DemoMod:Casey+1","DemoMod:GunShield","DemoMod:ConditionalReflex","DemoMod:BattleInHaste","DemoMod:Gungine+1","DemoMod:BattleInHaste","DemoMod:TableSutra+1","DemoMod:CombinedRifle","VoidDream","DemoMod:ProbeStrike","DemoMod:DoubleVision+1","BigBadWolf","DemoMod:ProbeStrike","DemoMod:SpreadAmmo","DemoMod:PotionOfGunFriendShip+1","DemoMod:Behold!","DemoMod:FastSwitch+1","DemoMod:StrategicReserve+1","DemoMod:SkilledReload+1"],"relics":["DemoMod:Dog","CogitoBucket","RabbitCall","DemoMod:MeatBun","CaptainsWheel","DemoMod:Relodestone","Boot","DemoMod:LamentConfigurum","MealTicket","Orrery","Letter Opener","ats:Originium","DemoMod:SilverBullets","SlaversCollar","ResearcherNote","Shuriken","Question Card","OrangePellets","FossilizedHelix","Happy Flower","Lee\u0027s Waffle","DemoMod:Plus1Bullets","LuminousBracelet"],"acts_visited":["Exordium","TheCity","DemoMod:Maze"],"potions_floor_usage":[12,13,22,23],"damage_taken":[{"damage":14.0,"enemies":"Jaw Worm","floor":1.0,"turns":4.0},{"damage":0.0,"enemies":"Small Slimes","floor":3.0,"turns":2.0},{"damage":0.0,"enemies":"Cultist","floor":5.0,"turns":2.0},{"damage":0,"enemies":"Blue Slaver","floor":12,"turns":1},{"damage":0,"enemies":"Lagavulin","floor":13,"turns":6},{"damage":0,"enemies":"The Guardian","floor":16,"turns":6},{"damage":36,"enemies":"Spheric Guardian","floor":18,"turns":8},{"damage":22,"enemies":"Chosen","floor":19,"turns":4},{"damage":0,"enemies":"Shelled Parasite and Fungi","floor":21,"turns":4},{"damage":43,"enemies":"Gremlin Leader","floor":23,"turns":6},{"damage":26,"enemies":"DemoMod:Red_and_blue_shotgun_kin","floor":28,"turns":3},{"damage":34,"enemies":"DemoMod:4_Bullet_Kins","floor":29,"turns":11},{"damage":9,"enemies":"DemoMod:2_Mousers","floor":30,"turns":3},{"damage":35,"enemies":"DemoMod:Red_and_blue_shotgun_kin_with_gunsinger","floor":31,"turns":1}],"seed_played":"-4388183156283650767","potions_obtained":[{"floor":3.0,"key":"AttackPotion"},{"floor":5.0,"key":"PowerPotion"},{"floor":18,"key":"Block Potion"}],"is_trial":false,"path_per_floor":["M","$","M","?","M","R","?","$","T","R","?","M","E","?","R","B",null,"M","M","$","M","$","E","R","?","T","R","M","M","M","M"],"character_chosen":"HUNTRESS","items_purchased":["DemoMod:MeatBun","CaptainsWheel","DemoMod:Relodestone","DemoMod:GnawedKey","DemoMod:Casey","DemoMod:GunShield","DemoMod:ConditionalReflex","DemoMod:LamentConfigurum","MealTicket","Orrery","DemoMod:BattleInHaste","DemoMod:TableSutra","DemoMod:CombinedRifle","Shuriken","Question Card","OrangePellets","DemoMod:SpreadAmmo","DemoMod:PotionOfGunFriendShip","DemoMod:Behold!","FossilizedHelix","Happy Flower","Lee\u0027s Waffle","Fruit Juice"],"campfire_rested":0,"item_purchase_floors":[2,2,2,2,2,2,2,8,8,8,8,8,8,20,20,20,20,22,22,22,22,22,22],"current_hp_per_floor":[56,70,70,63,63,63,63,63,63,63,63,63,63,63,63,63,70,34,12,27,27,82,39,39,39,82,82,56,37,33,0,0],"gold":16774,"neow_bonus":"","is_daily":false,"chose_seed":false,"campfire_upgraded":5,"win_rate":0.0,"timestamp":1609420801,"path_taken":["M","$","M","?","M","R","?","?","T","R","?","M","E","?","R","BOSS","M","?","$","M","$","E","R","?","T","R","M","M","M","M"],"items_purchased_type":["Relic","Relic","Relic","Relic","Card","Card","Card","Relic","Relic","Relic","Card","Card","Card","Relic","Relic","Relic","Card","Card","Card","Relic","Relic","Relic","Potion"],"build_version":"2020-12-22","purchased_purges":4,"victory":false,"max_hp_per_floor":[70,70,70,70,70,70,70,70,70,70,70,70,70,70,70,70,70,70,70,70,70,82,82,82,82,82,82,82,97,97,97,97],"card_choices":[{"not_picked":["Murderer","WallGazer"],"picked":"DespairKnight","floor":1.0},{"not_picked":["DemoMod:TeaPot","DemoMod:FastSwitch"],"picked":"DemoMod:Desperate","floor":1.0},{"not_picked":["DemoMod:AC15","DemoMod:Rummage","DemoMod:HuntsMan"],"picked":"SKIP","floor":3.0},{"not_picked":["DemoMod:Polaris","DemoMod:Replace","DemoMod:BoxingGlove"],"picked":"SKIP","floor":5.0},{"not_picked":["DemoMod:Rummage","DemoMod:EasyReloadBullets"],"picked":"DemoMod:BattleInHaste","floor":8.0},{"not_picked":["DemoMod:HighKaliber","DemoMod:Rummage"],"picked":"DemoMod:Gungine","floor":8.0},{"not_picked":["LittlePrince","Mercenary"],"picked":"VoidDream","floor":12},{"not_picked":["DemoMod:Unity","DemoMod:SkilledReload","DemoMod:SAA"],"picked":"SKIP","floor":12},{"not_picked":["DemoMod:TableSutra","DemoMod:Rummage"],"picked":"DemoMod:ProbeStrike","floor":13},{"not_picked":["DemoMod:Elimentaler","DemoMod:DarkMarker"],"picked":"DemoMod:DoubleVision","floor":16},{"not_picked":["HeroicMonk","FairyFestival"],"picked":"BigBadWolf","floor":18},{"not_picked":["DemoMod:TeaPot","DemoMod:HuntsMan"],"picked":"DemoMod:ProbeStrike","floor":18},{"not_picked":["DemoMod:MachoBrace","DemoMod:TeaPot+1","DemoMod:Casey+1"],"picked":"SKIP","floor":19},{"not_picked":["DemoMod:FortunesFavor","DemoMod:AC15+1","DemoMod:StickyCrossBow","DemoMod:BoxingGlove"],"picked":"SKIP","floor":21},{"not_picked":["DemoMod:PotionOfGunFriendShip","DemoMod:HuntsMan","DemoMod:Casey"],"picked":"DemoMod:FastSwitch+1","floor":23},{"not_picked":["DemoMod:ShadowBullets+1","DemoMod:Elimentaler","DemoMod:RadGun"],"picked":"DemoMod:StrategicReserve+1","floor":28},{"not_picked":["DemoMod:TeaPot+1","DemoMod:BoxingGlove","DemoMod:Camera+1"],"picked":"DemoMod:SkilledReload+1","floor":29},{"not_picked":["DemoMod:AC15","DemoMod:BoxingGlove","DemoMod:GunstockTap","DemoMod:Purify+1"],"picked":"SKIP","floor":30}],"player_experience":230119,"relics_obtained":[{"floor":9.0,"key":"Letter Opener"},{"floor":13,"key":"ats:Originium"},{"floor":13,"key":"DemoMod:SilverBullets"},{"floor":23,"key":"ats:Originium"},{"floor":23,"key":"DemoMod:Plus1Bullets"}],"event_choices":[{"damage_healed":0.0,"max_hp_gain":0.0,"max_hp_loss":0.0,"gold_gain":0.0,"event_name":"Scrap Ooze","player_choice":"Success","floor":4.0,"gold_loss":0.0,"damage_taken":7.0,"relics_obtained":["Boot"]},{"damage_healed":0.0,"max_hp_gain":0.0,"max_hp_loss":0.0,"gold_gain":79.0,"event_name":"Golden Wing","player_choice":"Gained Gold","floor":7.0,"gold_loss":0.0,"damage_taken":0.0},{"cards_removed":["DemoMod:Strike_Huntress"],"damage_healed":0,"gold_gain":0,"player_choice":"Purged","damage_taken":0,"max_hp_gain":0,"max_hp_loss":0,"event_name":"Purifier","floor":14,"gold_loss":0},{"cards_removed":["DemoMod:RustySidearm"],"damage_healed":0,"gold_gain":0,"player_choice":"Elegance","damage_taken":0,"max_hp_gain":0,"max_hp_loss":0,"event_name":"Back to Basics","floor":25,"gold_loss":0}],"is_beta":false,"boss_relics":[{"not_picked":["SacredBark","Runic Pyramid"],"picked":"SlaversCollar"}],"items_purged_floors":[2,8,20,22],"is_endless":false,"potions_floor_spawned":[3,5,18],"killed_by":"DemoMod:Red_and_blue_shotgun_kin_with_gunsinger","ascension_level":2}}