{"host":"m77rrhbqzv44va4v","time":1609408419,"event":{"mods":["AchievementEnabler","BaseMod","Colored Map","DeckTracker","Keyboard Shortcuts","Minty Spire (QoL Compilation)","StSLib","SuperFastMode","everything is the same but u backflip on backflip"],"gold_per_floor":[12,27,47,47,64,97,111,111,111,111,123,123,123,143,143,143,143],"floor_reached":16,"playtime":300,"items_purged":[],"score":198,"play_id":"f6aff8c3-f27e-4846-a7b0-4cbe8e26774b","local_time":"20201231185339","is_ascension_mode":true,"campfire_choices":[{"floor":8,"key":"REST"},{"data":"Perfected Strike","floor":12,"key":"SMITH"},{"floor":15,"key":"REST"}],"circlet_count":0,"master_deck":["AscendersBane","Strike_R","Strike_R","Strike_R","Strike_R","Defend_R","Defend_R","Defend_R","Defend_R","Bash","Body Slam","Battle Trance","Whirlwind","Wild Strike","Perfected Strike+1","Pommel Strike","Flame Barrier"],"relics":["Burning Blood","Unceasing Top","Centennial Puzzle","Frozen Egg 2","Matryoshka"],"acts_visited":["Exordium"],"potions_floor_usage":[6,6],"damage_taken":[{"damage":14,"enemies":"Jaw Worm","floor":1,"turns":4},{"damage":4,"enemies":"Small Slimes","floor":2,"turns":4},{"damage":6,"enemies":"Cultist","floor":3,"turns":3},{"damage":22,"enemies":"Blue Slaver","floor":5,"turns":7},{"damage":20,"enemies":"3 Sentries","floor":6,"turns":5},{"damage":19,"enemies":"Red Slaver","floor":7,"turns":4},{"damage":21,"enemies":"Large Slime","floor":11,"turns":5},{"damage":55,"enemies":"Gremlin Gang","floor":14,"turns":4},{"damage":27,"enemies":"The Guardian","floor":16,"turns":9}],"seed_played":"-888860797247093887","potions_obtained":[{"floor":2,"key":"Regen Potion"},{"floor":3,"key":"DuplicationPotion"},{"floor":11,"key":"GamblersBrew"}],"is_trial":false,"path_per_floor":["M","M","M","?","M","E","M","R","T","?","M","R","?","M","R","B"],"character_chosen":"IRONCLAD","items_purchased":[],"campfire_rested":2,"item_purchase_floors":[],"current_hp_per_floor":[60,62,62,55,39,39,26,48,48,73,58,58,58,9,31,4,4],"gold":143,"neow_bonus":"ONE_RARE_RELIC","is_daily":false,"chose_seed":false,"campfire_upgraded":1,"win_rate":0.0,"timestamp":1609408419,"path_taken":["M","M","M","?","M","E","M","R","T","?","M","R","?","M","R","BOSS"],"items_purchased_type":[],"build_version":"2020-12-22","purchased_purges":0,"victory":false,"max_hp_per_floor":[75,75,75,75,75,75,75,75,75,75,75,75,75,75,75,75,75],"card_choices":[{"not_picked":["Warcry","Anger"],"picked":"Body Slam","floor":1},{"not_picked":["Feel No Pain","Havoc"],"picked":"Battle Trance","floor":2},{"not_picked":["Havoc","Heavy Blade"],"picked":"Whirlwind","floor":3},{"not_picked":["Headbutt","Rampage"],"picked":"Wild Strike","floor":5},{"not_picked":["Heavy Blade","Flex"],"picked":"Perfected Strike","floor":6},{"not_picked":["Thunderclap","Headbutt"],"picked":"Pommel Strike","floor":7},{"not_picked":["Warcry","Headbutt"],"picked":"Flame Barrier","floor":11},{"not_picked":["Twin Strike","Flame Barrier","Flex"],"picked":"SKIP","floor":14}],"player_experience":856678,"relics_obtained":[{"floor":6,"key":"Centennial Puzzle"},{"floor":9,"key":"Frozen Egg 2"}],"event_choices":[{"cards_removed":["Strike_R"],"damage_healed":0,"gold_gain":0,"player_choice":"Card Removal","damage_taken":7,"max_hp_gain":0,"max_hp_loss":0,"event_name":"Golden Wing","floor":4,"gold_loss":0},{"damage_healed":25,"gold_gain":0,"player_choice":"Banana","damage_taken":0,"max_hp_gain":0,"max_hp_loss":0,"event_name":"Big Fish","floor":10,"gold_loss":0},{"damage_healed":0,"gold_gain":0,"player_choice":"Gave Potion","damage_taken":0,"relics_obtained":["Matryoshka"],"max_hp_gain":0,"max_hp_loss":0,"event_name":"WeMeetAgain","floor":13,"gold_loss":0}],"is_beta":false,"boss_relics":[],"items_purged_floors":[],"is_endless":false,"potions_floor_spawned":[2,3,5,11],"killed_by":"The Guardian","ascension_level":18}}