{"host":"bz6gkvdcavhdnmlv","time":1609434860,"event":{"mods":["2.2 Compatiblity","Aspiration","BaseMod","BetterRewards","Block Reminder","CCEM","Clawfect","Colored Map","Conspire","Downfall","Energized Spire","GifTheSpireLib","Googly Eyes","Halation","Highlight Path","Hubris","Infinite Spire","Minty Spire (QoL Compilation)","Permanent Neow","Quick Restart","Replay The Spire","Spicy Shops","StSLib","Stuff the Spire","SuperFastMode","The Construct","The IronCluck","Unceasing Turn Reminder","everything is the same but u backflip on backflip"],"gold_per_floor":[114,131,131,143,2561,2580,2599,2630,2630,2644,2662,1785,639,653,653,757,757,768,2649,2658,1579,1598,1598,1636,1636,1636,1636,1660,1684,1703,1779,1779,1887,1887,1914,1935,1964,1964,1964,1964,2006,1947,1947,2010,2010,1489,1513,1528,1528,1528,1528,1528,476,514,514],"floor_reached":56,"playtime":2889,"items_purged":["Clumsy"],"score":1426,"play_id":"93d4aaca-8416-4a92-9ec3-73790be8b1c6","local_time":"20201231121420","is_ascension_mode":false,"campfire_choices":[{"floor":23,"key":"RECALL"},{"data":"Dramatic Entrance","floor":27,"key":"SMITH"},{"data":"BootSequence","floor":32,"key":"SMITH"},{"floor":40,"key":"REST"},{"floor":49,"key":"REST"},{"data":"The Bomb","floor":52,"key":"SMITH"}],"circlet_count":0,"master_deck":["Gash","Gash","Gash","Gash","Gash","Defend_B","Defend_B","Defend_B","Defend_B","Hologram","Auto Shields","Apotheosis+1","Gash","Clawfect:ClawingBeam","Clawfect:ClawingBeam","StuffTheSpire:Plugnplay","Gash","Loop","Capacitor","Redo","Clawfect:ClawingBeam","Clawfect:ClawSnap","Static Discharge","Static Discharge","Skim","BootSequence+1","ReplayTheSpireMod:Brewmster+1","Clawfect:Clawter","Clawfect:ClawForOne","Double Energy","Capacitor+1","Gash","Clawfect:ClawpileDriver","The Bomb+1","Skim","BasicCrystalCard","BasicCrystalCard","Clawfect:Clawrage","Hello World","Clawfect:Clawline","BasicCrystalCard+1","Clawfect:ClawSnap","Clawfect:ClawForTheEyes","Mirror Shield","Gash","FTL+1","Clawfect:ClawLightning+1","Clawfect:ClawSnap","Time Bomb","Clawfect:ClawLightning","Dramatic Entrance+1","Chill","Clawfect:ClawForTheEyes+1","Panache","Redo+1"],"relics":["hubris:Backtick","TungstenRod","aspiration:ArtOfWarUpgrade","conspire:DecoderRing","Orrery","Unceasing Top","hubris:PeanutButter","hubris:GlazedTorus","Potion Belt","hubris:OldNail","StuffTheSpire:SapphireSignet","Symbiotic Virus","InkBottle","hubris:CuriousFeather","Tiny Chest","CeramicFish","Sling","Runic Capacitor","halation:BlackBeret","Lizard Tail","Medical Kit","halation:Toothbrush","infinitespire:Freezer","Frozen Eye","CCEMRelics:DissonantTune","CCEMRelics:GrapeVine","hubris:ScarierMask","hubris:Icosahedron","Lantern","Bird Faced Urn","ReplayTheSpireMod:Shallot","hubris:MysteriousPyramids","Centennial Puzzle","StuffTheSpire:Mouthbags","aspiration:Lifesprig","aspiration:EnhancedActuators","Letter Opener","StuffTheSpire:Tea","halation:Sosunser","CCEMRelics:HistoryBook","hubris:Reverence"],"acts_visited":["Exordium","TheCity","TheBeyond","TheEnding"],"potions_floor_usage":[16,16,24,29,55],"damage_taken":[{"damage":0,"enemies":"Cultist","floor":1,"turns":4},{"damage":0,"enemies":"2 Louse","floor":2,"turns":3},{"damage":4,"enemies":"Small Slimes","floor":4,"turns":5},{"damage":22,"enemies":"Gremlin Gang","floor":6,"turns":5},{"damage":3,"enemies":"Looter","floor":7,"turns":4},{"damage":76,"enemies":"Gremlin Nob","floor":8,"turns":6},{"damage":2,"enemies":"Blue Slaver","floor":10,"turns":3},{"damage":1,"enemies":"Exordium Wildlife","floor":11,"turns":4},{"damage":0,"enemies":"Large Slime","floor":14,"turns":4},{"damage":22,"enemies":"The Guardian","floor":16,"turns":6},{"damage":10,"enemies":"Spheric Guardian","floor":18,"turns":3},{"damage":15,"enemies":"2 Thieves","floor":22,"turns":4},{"damage":7,"enemies":"Nightmare","floor":24,"turns":6},{"damage":6,"enemies":"Snecko","floor":28,"turns":4},{"damage":25,"enemies":"3 Cultists","floor":29,"turns":4},{"damage":9,"enemies":"Shelled Parasite and Fungi","floor":30,"turns":4},{"damage":38,"enemies":"Collector","floor":33,"turns":5},{"damage":6,"enemies":"3 Shapes","floor":35,"turns":3},{"damage":11,"enemies":"3 Darklings","floor":36,"turns":5},{"damage":16,"enemies":"4 Shapes","floor":37,"turns":5},{"damage":103,"enemies":"Reptomancer","floor":41,"turns":7},{"damage":4,"enemies":"Sphere and 2 Shapes","floor":47,"turns":3},{"damage":1,"enemies":"Writhing Mass","floor":48,"turns":4},{"damage":9,"enemies":"Donu and Deca","floor":50,"turns":4},{"damage":0,"enemies":"Shield and Spear","floor":54,"turns":1},{"damage":60,"enemies":"The Heart","floor":55,"turns":4}],"seed_played":"-7828594701775643338","potions_obtained":[{"floor":4,"key":"Milkshake"},{"floor":7,"key":"BlessingOfTheForge"},{"floor":8,"key":"SkillPotion"},{"floor":10,"key":"hexamod:EctoCoolerPotion"},{"floor":16,"key":"BlessingOfTheForge"},{"floor":22,"key":"BlessingOfTheForge"},{"floor":29,"key":"PotionOfCapacity"}],"is_trial":false,"path_per_floor":["M","M","?","M","$","M","M","E","T","M","M","$","$","M","R","B",null,"M","$","?","$","M","R","NM","R","T","R","M","M","M","T","R_BF","B",null,"M","M","M","?","?","R","E","$","T","?","T","$","M","M","R","B",null,"R","$","E","B",null],"character_chosen":"DEFECT","items_purchased":["Art of War","conspire:DecoderRing","Clawfect:ClawingBeam","Orrery","Clawfect:ClawSnap","Dramatic Entrance","Static Discharge","Potion Belt","hubris:OldNail","Skim","StuffTheSpire:SapphireSignet","Symbiotic Virus","InkBottle","hubris:CuriousFeather","BootSequence","Tiny Chest","ReplayTheSpireMod:Brewmster","Capacitor+1","Gash","Clawfect:ClawpileDriver","The Bomb","CeramicFish","Sling","Runic Capacitor","halation:BlackBeret","Lizard Tail","Medical Kit","halation:Toothbrush","infinitespire:Freezer","Frozen Eye","BasicCrystalCard","Clawfect:Clawrage","Hello World","Time Bomb","Centennial Puzzle","StuffTheSpire:Mouthbags","Chill","aspiration:Lifesprig","aspiration:EnhancedActuators","Letter Opener","StuffTheSpire:Tea","halation:Sosunser","CCEMRelics:HistoryBook","Panache"],"campfire_rested":2,"item_purchase_floors":[5,5,5,5,12,12,12,12,12,12,12,13,13,13,13,13,13,19,19,19,19,19,19,19,19,21,21,21,21,21,21,21,21,42,46,46,46,46,53,53,53,53,53,53],"current_hp_per_floor":[275,275,285,281,281,259,256,180,180,178,177,177,177,181,181,159,285,275,275,275,278,263,263,256,256,256,256,250,225,216,216,216,180,288,282,271,255,255,255,288,185,185,185,114,114,117,117,124,211,210,291,291,291,291,241],"gold":514,"neow_bonus":"BOSS_RELIC","is_daily":false,"chose_seed":false,"campfire_upgraded":3,"win_rate":0.0,"timestamp":1609434860,"path_taken":["M","M","?","M","$","M","M","E","T","M","M","?","$","?","R","BOSS","M","$","?","$","M","R","NM","R","T","R","?","M","M","?","R_BF","BOSS","M","M","M","?","?","R","E","$","T","?","?","$","M","M","R","BOSS","R","$","E","BOSS"],"items_purchased_type":["Relic","Relic","Card","Relic","Card","Card","Card","Relic","Relic","Card","Relic","Relic","Relic","Relic","Card","Relic","Card","Card","Card","Card","Card","Relic","Relic","Relic","Relic","Relic","Relic","Relic","Relic","Relic","Card","Card","Card","Card","Relic","Relic","Card","Relic","Relic","Relic","Relic","Relic","Relic","Card"],"build_version":"2020-12-22","purchased_purges":1,"victory":true,"max_hp_per_floor":[275,275,285,285,285,285,285,285,285,285,285,285,285,285,285,285,285,285,285,285,288,288,288,288,288,288,288,288,288,288,288,288,288,288,288,288,288,288,288,288,288,288,288,288,288,291,291,291,291,291,291,291,291,291,291],"card_choices":[{"not_picked":["Reinforced Body","StuffTheSpire:LoadUp"],"picked":"Hologram","floor":1},{"not_picked":["Clawfect:Clawrage","Gash"],"picked":"Auto Shields","floor":2},{"not_picked":["Clawfect:Clawline","ReplayTheSpireMod:GoodbyeWorld"],"picked":"Gash","floor":4},{"not_picked":["ReplayTheSpireMod:System Scan","StuffTheSpire:CleanHardDrive"],"picked":"StuffTheSpire:Plugnplay","floor":5},{"not_picked":["StuffTheSpire:GlassShard","Panic Button"],"picked":"Gash","floor":5},{"not_picked":["hubris:DoWhile","Stack"],"picked":"Loop","floor":5},{"not_picked":["conspire:Rain","Storm"],"picked":"Capacitor","floor":6},{"not_picked":["Hologram","Steam Power"],"picked":"Redo","floor":7},{"not_picked":["Hologram","Meteor Strike","White Noise"],"picked":"SKIP","floor":8},{"not_picked":["FTL","StuffTheSpire:Plugnplay"],"picked":"Clawfect:ClawingBeam","floor":10},{"not_picked":["Panic Button","Consume","Turbo"],"picked":"SKIP","floor":11},{"not_picked":["Clawfect:ClawLightning","ReplayTheSpireMod:System Scan"],"picked":"Clawfect:Clawter","floor":14},{"not_picked":["Rainbow","Meteor Strike"],"picked":"Clawfect:ClawForOne","floor":16},{"not_picked":["Coolheaded+1","Reinforced Body"],"picked":"Double Energy","floor":18},{"not_picked":["Rebound+1","Capacitor+1","Recycle"],"picked":"SKIP","floor":22},{"not_picked":["Sunder","Hello World+1"],"picked":"Clawfect:Clawline","floor":24},{"not_picked":["Clawfect:ClawingBeam","Core Surge"],"picked":"BasicCrystalCard+1","floor":28},{"not_picked":["Clawfect:Clawter","Turbo"],"picked":"Clawfect:ClawSnap","floor":29},{"not_picked":["Clawfect:Clawline","Consume"],"picked":"Clawfect:ClawForTheEyes","floor":30},{"not_picked":["Electrodynamics","Core Surge"],"picked":"Mirror Shield","floor":33},{"not_picked":["StuffTheSpire:Plugnplay","Conserve Battery"],"picked":"Gash","floor":35},{"not_picked":["StuffTheSpire:Plugnplay+1","Panic Button"],"picked":"FTL+1","floor":36},{"not_picked":["Clawfect:Clawline+1","Stack+1"],"picked":"Clawfect:ClawLightning+1","floor":37},{"not_picked":["Stack+1","hubris:Ukulele"],"picked":"Clawfect:ClawSnap","floor":41},{"not_picked":["Gash","Hologram"],"picked":"Clawfect:ClawLightning","floor":44},{"not_picked":["Skim","Rebound"],"picked":"Clawfect:ClawForTheEyes+1","floor":47},{"not_picked":["StuffTheSpire:Plugnplay+1","Panic Button+1","Aggregate+1"],"picked":"SKIP","floor":48},{"not_picked":["Tempest+1","Self Repair"],"picked":"Redo+1","floor":54}],"player_experience":206747,"relics_obtained":[{"floor":8,"key":"hubris:PeanutButter"},{"floor":9,"key":"hubris:GlazedTorus"},{"floor":24,"key":"CCEMRelics:DissonantTune"},{"floor":31,"key":"CCEMRelics:GrapeVine"},{"floor":41,"key":"Lantern"},{"floor":43,"key":"Bird Faced Urn"},{"floor":44,"key":"ReplayTheSpireMod:Shallot"},{"floor":45,"key":"hubris:MysteriousPyramids"},{"floor":54,"key":"hubris:Reverence"}],"event_choices":[{"cards_removed":["Apotheosis"],"damage_healed":0,"gold_gain":0,"player_choice":"Offered Rare","damage_taken":0,"max_hp_gain":10,"max_hp_loss":0,"event_name":"Bonfire Elementals","floor":3,"gold_loss":0},{"damage_healed":0,"gold_gain":0,"cards_transformed":["Defend_B"],"player_choice":"Transformed","damage_taken":0,"max_hp_gain":0,"max_hp_loss":0,"event_name":"Transmorgrifier","floor":20,"gold_loss":0,"cards_obtained":["Skim"]}],"is_beta":false,"boss_relics":[{"not_picked":["StuffTheSpire:ModemDavis","energizedSpire:StickyHand","hubris:Stopwatch"]},{"not_picked":["StuffTheSpire:RunicHypercube","Philosopher\u0027s Stone"],"picked":"hubris:ScarierMask"}],"items_purged_floors":[21],"is_endless":false,"potions_floor_spawned":[4,7,8,10,11,16,22,29,30,48],"ascension_level":0}}