{"host":"0cgp910o8339lr91","time":1609395976,"event":{"mods":["BaseMod","Colored Map","Filter the Spire","Minty Spire (QoL Compilation)","Relic Stats","Slay-I","ojb\u0027s Better Paths Mod","ojb\u0027s Info Mod"],"gold_per_floor":[14,14,37,37,101,101,142,142,142,173,188,188,238,269,269,367,367,391,50,74,140,158,193,243,274,274,3,17,30,74,124,124,223,223,238,252,302,685,760,790,840,859,859,877,909,333,349,26,26,26,26,26,26,26,56,56,56],"floor_reached":56,"playtime":6240,"items_purged":["Strike_G"],"score":2195,"play_id":"aef18cdd-9330-4fd7-87c8-764080bbc3ba","local_time":"20201231072616","is_ascension_mode":true,"campfire_choices":[{"data":"Poisoned Stab","floor":6.0,"key":"SMITH"},{"data":"Noxious Fumes","floor":8.0,"key":"SMITH"},{"data":"Neutralize","floor":12.0,"key":"SMITH"},{"floor":15.0,"key":"REST"},{"data":"Catalyst","floor":32.0,"key":"SMITH"},{"floor":49.0,"key":"RECALL"},{"floor":53,"key":"REST"}],"circlet_count":0,"master_deck":["AscendersBane","Strike_G","Strike_G","Defend_G","Defend_G","Defend_G","Survivor+1","Neutralize+1","Malaise","Noxious Fumes+1","Catalyst+1","Cloak And Dagger","Poisoned Stab+1","Leg Sweep+1","Bullet Time+1","Cloak And Dagger+1","Deadly Poison+1","A Thousand Cuts","Venomology+1","Crippling Poison+1","Blade Dance+1","Tools of the Trade","Infinite Blades","Footwork","Footwork+1","Acrobatics+1","Noxious Fumes+1","Blade Dance+1","Tools of the Trade+1","Noxious Fumes+1","Cloak And Dagger+1","Noxious Fumes+1","Catalyst+1","Noxious Fumes+1","Footwork+1","Caltrops+1"],"relics":["Ring of the Snake","SsserpentHead","Toxic Egg 2","Bag of Preparation","Ginger","Paper Crane","WristBlade","FossilizedHelix","CaptainsWheel","White Beast Statue","War Paint","Frozen Egg 2","Unceasing Top","Runic Pyramid","Shovel","Sundial","Boot","ClockworkSouvenir","Torii","Snake Skull","StrikeDummy"],"acts_visited":["Exordium","TheCity","TheBeyond","TheEnding"],"potions_floor_usage":[51,51,51,55,56,56],"damage_taken":[{"damage":0.0,"enemies":"2 Louse","floor":1.0,"turns":3.0},{"damage":2.0,"enemies":"Cultist","floor":3.0,"turns":5.0},{"damage":1.0,"enemies":"Jaw Worm","floor":5.0,"turns":5.0},{"damage":22.0,"enemies":"3 Sentries","floor":7.0,"turns":7.0},{"damage":5.0,"enemies":"Gremlin Nob","floor":10.0,"turns":3.0},{"damage":6.0,"enemies":"Gremlin Gang","floor":11.0,"turns":5.0},{"damage":20.0,"enemies":"3 Sentries","floor":14.0,"turns":7.0},{"damage":2.0,"enemies":"The Guardian","floor":16.0,"turns":7.0},{"damage":0.0,"enemies":"Shell Parasite","floor":18.0,"turns":4.0},{"damage":0.0,"enemies":"2 Thieves","floor":20.0,"turns":2.0},{"damage":0.0,"enemies":"3 Cultists","floor":21.0,"turns":4.0},{"damage":0.0,"enemies":"Snake Plant","floor":22.0,"turns":4.0},{"damage":9.0,"enemies":"Gremlin Leader","floor":23.0,"turns":5.0},{"damage":0.0,"enemies":"Book of Stabbing","floor":25.0,"turns":4.0},{"damage":0.0,"enemies":"Sentry and Sphere","floor":28.0,"turns":4.0},{"damage":0.0,"enemies":"Snecko","floor":29.0,"turns":5.0},{"damage":27.0,"enemies":"Gremlin Leader","floor":30.0,"turns":5.0},{"damage":4.0,"enemies":"Collector","floor":33.0,"turns":8.0},{"damage":12.0,"enemies":"3 Darklings","floor":35.0,"turns":4.0},{"damage":0.0,"enemies":"Orb Walker","floor":36.0,"turns":2.0},{"damage":0.0,"enemies":"Mind Bloom Boss Battle","floor":39.0,"turns":4.0},{"damage":0.0,"enemies":"Giant Head","floor":40.0,"turns":7.0},{"damage":0.0,"enemies":"Sphere and 2 Shapes","floor":42.0,"turns":5.0},{"damage":1.0,"enemies":"Writhing Mass","floor":44.0,"turns":6.0},{"damage":0.0,"enemies":"Nemesis","floor":45.0,"turns":7.0},{"damage":0.0,"enemies":"Maw","floor":47.0,"turns":6.0},{"damage":25.0,"enemies":"Time Eater","floor":50.0,"turns":8.0},{"damage":18,"enemies":"Awakened One","floor":51,"turns":9},{"damage":27,"enemies":"Shield and Spear","floor":55,"turns":6},{"damage":34,"enemies":"The Heart","floor":56,"turns":6}],"seed_played":"-3554874215813237891","potions_obtained":[{"floor":1.0,"key":"EssenceOfSteel"},{"floor":3.0,"key":"Poison Potion"},{"floor":11.0,"key":"FearPotion"},{"floor":14.0,"key":"EssenceOfSteel"},{"floor":16.0,"key":"AttackPotion"},{"floor":22.0,"key":"CultistPotion"},{"floor":23.0,"key":"Poison Potion"},{"floor":33.0,"key":"Block Potion"},{"floor":36.0,"key":"AttackPotion"},{"floor":39.0,"key":"CultistPotion"},{"floor":40.0,"key":"LiquidMemories"},{"floor":42.0,"key":"Regen Potion"},{"floor":44.0,"key":"Regen Potion"},{"floor":45.0,"key":"CultistPotion"},{"floor":55,"key":"GamblersBrew"}],"is_trial":false,"path_per_floor":["M","?","M","?","M","R","E","R","T","E","M","R","?","E","R","B",null,"M","$","M","M","M","E","?","E","T","$","M","M","E","?","R","B",null,"M","M","?","?","?","E","?","M","T","M","E","$","M","$","R","B","B",null,"R","$","E","B"],"character_chosen":"THE_SILENT","items_purchased":["FossilizedHelix","Frozen Egg 2","ClockworkSouvenir","Torii","Catalyst+1","Snake Skull","Footwork+1"],"campfire_rested":2,"item_purchase_floors":[19,27,46,46,46,48,48],"current_hp_per_floor":[59,59,57,57,56,56,34,34,34,29,23,23,23,3,21,19,50,50,50,50,50,50,41,41,41,41,41,41,41,14,14,14,10,48,36,36,36,36,36,36,36,36,36,50,60,60,60,60,60,35,17,49,60,60,33,0,0],"gold":56,"neow_bonus":"TRANSFORM_TWO_CARDS","is_daily":false,"chose_seed":false,"campfire_upgraded":4,"win_rate":0.0,"timestamp":1609395976,"path_taken":["M","?","M","?","?","R","E","R","T","E","M","R","?","E","R","BOSS","M","$","M","?","M","E","?","E","T","$","M","M","E","?","R","BOSS","M","M","?","?","?","E","?","M","T","M","E","$","M","$","R","BOSS","BOSS","R","$","E","BOSS"],"items_purchased_type":["Relic","Relic","Relic","Relic","Card","Relic","Card"],"build_version":"2020-12-22","purchased_purges":1,"victory":false,"max_hp_per_floor":[66,60,60,60,60,60,60,60,60,60,60,60,60,60,60,60,60,60,60,60,60,60,60,60,60,60,60,60,60,60,60,60,60,60,60,60,60,60,60,60,60,60,60,60,60,60,60,60,60,60,60,60,60,60,60,60,60],"relic_stats":{"Torii":26,"counters":[30,157],"Snake Skull":[51],"Bag of Preparation":[52],"Ginger":[32],"War Paint":["Defend_G","Survivor"],"Boot":[0],"SsserpentHead":450,"Shovel":0,"Sundial":[2],"obtain_stats":[{"Torii":46,"Golden Idol":2,"Snake Skull":48,"Bag of Preparation":9,"Ginger":10,"Paper Crane":14,"War Paint":26,"Frozen Egg 2":27,"Boot":45,"White Beast Statue":25,"ClockworkSouvenir":46,"SsserpentHead":4,"CaptainsWheel":23,"Shovel":39,"WristBlade":17,"Sundial":40,"Toxic Egg 2":7,"StrikeDummy":55,"FossilizedHelix":19,"Unceasing Top":30,"Ring of the Snake":0,"Runic Pyramid":34},{"Torii":25,"Golden Idol":1,"Snake Skull":26,"Bag of Preparation":4,"Ginger":5,"Paper Crane":7,"War Paint":14,"Frozen Egg 2":14,"Boot":25,"White Beast Statue":14,"ClockworkSouvenir":25,"SsserpentHead":2,"CaptainsWheel":13,"Shovel":21,"WristBlade":8,"Sundial":22,"Toxic Egg 2":4,"StrikeDummy":29,"FossilizedHelix":9,"Unceasing Top":17,"Ring of the Snake":0,"Runic Pyramid":18},{"Torii":122,"Golden Idol":3,"Snake Skull":128,"Bag of Preparation":20,"Ginger":23,"Paper Crane":35,"War Paint":65,"Frozen Egg 2":65,"Boot":122,"White Beast Statue":65,"ClockworkSouvenir":122,"SsserpentHead":8,"CaptainsWheel":61,"Shovel":97,"WristBlade":42,"Sundial":104,"Toxic Egg 2":20,"StrikeDummy":151,"FossilizedHelix":46,"Unceasing Top":79,"Ring of the Snake":0,"Runic Pyramid":87}],"Unceasing Top":[2],"Ring of the Snake":[60]},"card_choices":[{"not_picked":["Infinite Blades","Deadly Poison"],"picked":"Catalyst","floor":1.0},{"not_picked":["Sucker Punch","Dagger Throw"],"picked":"Cloak And Dagger","floor":3.0},{"not_picked":["Predator","Endless Agony"],"picked":"Poisoned Stab","floor":5.0},{"not_picked":["Accuracy","Underhanded Strike"],"picked":"Leg Sweep+1","floor":7.0},{"not_picked":["Calculated Gamble+1","Bane"],"picked":"Bullet Time+1","floor":10.0},{"not_picked":["Deflect+1","Blade Dance+1"],"picked":"Cloak And Dagger+1","floor":11.0},{"not_picked":["Flying Knee","Underhanded Strike"],"picked":"A Thousand Cuts","floor":14.0},{"not_picked":["Glass Knife","Unload"],"picked":"Venomology+1","floor":16.0},{"not_picked":["PiercingWail+1","Dagger Throw"],"picked":"Crippling Poison+1","floor":18.0},{"not_picked":["Dagger Throw","Poisoned Stab"],"picked":"Blade Dance+1","floor":20.0},{"not_picked":["Masterful Stab","Slice"],"picked":"Tools of the Trade","floor":21.0},{"not_picked":["Quick Slash+1","Dagger Throw+1","Endless Agony"],"picked":"SKIP","floor":22.0},{"not_picked":["Dodge and Roll+1","Caltrops"],"picked":"Infinite Blades","floor":23.0},{"not_picked":["Underhanded Strike","Eviscerate"],"picked":"Footwork","floor":25.0},{"not_picked":["Predator","Quick Slash"],"picked":"Footwork+1","floor":28.0},{"not_picked":["Backstab","Distraction+1"],"picked":"Acrobatics+1","floor":29.0},{"not_picked":["Glass Knife","Calculated Gamble+1"],"picked":"Noxious Fumes+1","floor":30.0},{"not_picked":["A Thousand Cuts+1","Malaise+1"],"picked":"Tools of the Trade+1","floor":33.0},{"not_picked":["Bane","Dagger Spray","Escape Plan+1"],"picked":"SKIP","floor":35.0},{"not_picked":["Deflect+1","Bane"],"picked":"Noxious Fumes+1","floor":36.0},{"not_picked":["Terror+1","Acrobatics+1"],"picked":"Cloak And Dagger+1","floor":39.0},{"not_picked":["Distraction+1","Finisher","Dagger Spray"],"picked":"SKIP","floor":40.0},{"not_picked":["Underhanded Strike+1","Deflect+1","Sucker Punch+1"],"picked":"SKIP","floor":42.0},{"not_picked":["Dagger Throw","Slice","Underhanded Strike"],"picked":"SKIP","floor":44.0},{"not_picked":["Outmaneuver+1","Riddle With Holes"],"picked":"Noxious Fumes+1","floor":45.0},{"not_picked":["Glass Knife","Dagger Spray"],"picked":"Noxious Fumes+1","floor":47.0},{"not_picked":["Deflect+1","Riddle With Holes"],"picked":"Caltrops+1","floor":55}],"player_experience":1280585,"relics_obtained":[{"floor":7.0,"key":"Toxic Egg 2"},{"floor":9.0,"key":"Bag of Preparation"},{"floor":10.0,"key":"Ginger"},{"floor":14.0,"key":"Paper Crane"},{"floor":23.0,"key":"CaptainsWheel"},{"floor":25.0,"key":"White Beast Statue"},{"floor":26.0,"key":"War Paint"},{"floor":30.0,"key":"Unceasing Top"},{"floor":39.0,"key":"Shovel"},{"floor":40.0,"key":"Sundial"},{"floor":45.0,"key":"Boot"},{"floor":55,"key":"StrikeDummy"}],"event_choices":[{"damage_healed":0.0,"max_hp_gain":0.0,"max_hp_loss":6.0,"gold_gain":0.0,"event_name":"Golden Idol","player_choice":"Lose Max HP","floor":2.0,"gold_loss":0.0,"damage_taken":0.0,"relics_obtained":["Golden Idol"]},{"damage_healed":0.0,"max_hp_gain":0.0,"max_hp_loss":0.0,"gold_gain":0.0,"event_name":"FaceTrader","player_choice":"Trade","floor":4.0,"gold_loss":0.0,"damage_taken":0.0,"relics_obtained":["SsserpentHead"]},{"damage_healed":0.0,"max_hp_gain":0.0,"max_hp_loss":0.0,"gold_gain":0.0,"cards_transformed":["Strike_G"],"event_name":"Transmorgrifier","player_choice":"Transformed","floor":13.0,"gold_loss":0.0,"damage_taken":0.0,"cards_obtained":["Deadly Poison"]},{"damage_healed":0.0,"max_hp_gain":0.0,"max_hp_loss":0.0,"gold_gain":0.0,"event_name":"Beggar","player_choice":"Ignored","floor":24.0,"gold_loss":0.0,"damage_taken":0.0},{"damage_healed":0.0,"max_hp_gain":0.0,"max_hp_loss":0.0,"gold_gain":0.0,"event_name":"The Library","player_choice":"Read","floor":31.0,"gold_loss":0.0,"damage_taken":0.0,"cards_obtained":["Blade Dance"]},{"cards_removed":["Defend_G"],"damage_healed":0.0,"max_hp_gain":0.0,"max_hp_loss":0.0,"gold_gain":0.0,"event_name":"Falling","player_choice":"Removed Skill","floor":37.0,"gold_loss":0.0,"damage_taken":0.0},{"damage_healed":0.0,"max_hp_gain":0.0,"max_hp_loss":0.0,"gold_gain":333.0,"event_name":"The Moai Head","player_choice":"Gave Idol","floor":38.0,"relics_lost":["Golden Idol"],"gold_loss":0.0,"damage_taken":0.0},{"damage_healed":0.0,"max_hp_gain":0.0,"max_hp_loss":0.0,"gold_gain":0.0,"event_name":"MindBloom","player_choice":"Fight","floor":39.0,"gold_loss":0.0,"damage_taken":0.0},{"damage_healed":0.0,"max_hp_gain":0.0,"max_hp_loss":0.0,"gold_gain":0.0,"event_name":"Tomb of Lord Red Mask","player_choice":"Ignored","floor":41.0,"gold_loss":0.0,"damage_taken":0.0}],"is_beta":false,"boss_relics":[{"not_picked":["Runic Dome","Astrolabe"],"picked":"WristBlade"},{"not_picked":["Calling Bell","Philosopher\u0027s Stone"],"picked":"Runic Pyramid"}],"items_purged_floors":[48],"is_endless":false,"potions_floor_spawned":[1,3,11,14,16,20,22,23,28,29,30,33,35,36,39,40,42,44,45,47,55],"killed_by":"The Heart","ascension_level":20}}