{"host":"fmwbmnqnrup981we","time":1609419453,"event":{"mods":["AchievementEnabler","Act Like it!","BaseMod","Better Match","Better Note","Better Skull","Better Synergies","Better Third Choice","Better Vampires","Block Reminder","Curses Come First","Downfall","Duelist Mod","Elementarium","GungeonMod","HexUI Lib","HornydragonMod","Marked Mod","Minty Spire (QoL Compilation)","Pikachu Mod","Quick Restart","Relic Stats","SIMod","StSLib","The Bug Knight","The Death Knight","The Forsaken","The Marked","The Necromancer","The Runesmith","The Servant 0.9.4","The Wild Card","TheHero","TheVacant","TheVelvet","Transform Curses","Waifu the Spire","Yuri Mod","everything is the same but u backflip on backflip"],"gold_per_floor":[109,109,284,299,311,343,343,343,343,372,386,98,132,10,10,110,110,123,138,138,153,153,178,178,208,208,208,226,236,256,266,285,285,285,285,285],"floor_reached":35,"playtime":2388,"items_purged":["Doubt"],"score":385,"play_id":"3569553b-1740-43b0-92c4-ed456f1fd2d4","local_time":"20201231125733","is_ascension_mode":true,"campfire_choices":[{"floor":7,"key":"RECALL"},{"floor":15,"key":"REST"},{"floor":24,"key":"REST"},{"floor":27,"key":"REST"},{"floor":33,"key":"REST"}],"circlet_count":0,"master_deck":["Strike_R","Strike_R","Strike_R","Strike_R","Strike_R","Defend_R","Defend_R","Defend_R","Defend_R","Bash+1","Ghostly Armor","Anger","Rage","Rampage","Feel No Pain","Iron Wave","Thunderclap","Flex","Clash","Inflame","Flex","Feed","Shrug It Off+1","Anger+1","Pummel","Clash","Anger","Seeing Red+1","Pommel Strike+1","Seeing Red+1","Pommel Strike","Thunderclap+1"],"relics":["Burning Blood","Pyrelight","Strawberry","Bag of Preparation","InkBottle","Nunchaku","Fusion Hammer","MarkOfWind","Mango","DemoMod:ChaffGrenade"],"acts_visited":["Exordium","TheCity","DemoMod:Maze"],"potions_floor_usage":[12,16,16,34,34,34],"damage_taken":[{"damage":5,"enemies":"Jaw Worm","floor":1,"turns":4},{"damage":0,"enemies":"2 Louse","floor":4,"turns":4},{"damage":0,"enemies":"Cultist","floor":5,"turns":3},{"damage":19,"enemies":"3 Sentries","floor":6,"turns":12},{"damage":27,"enemies":"Lagavulin","floor":10,"turns":6},{"damage":9,"enemies":"Large Slime","floor":11,"turns":6},{"damage":15,"enemies":"Gremlin Nob","floor":13,"turns":4},{"damage":22,"enemies":"Hexaghost","floor":16,"turns":8},{"damage":13,"enemies":"Spheric Guardian","floor":18,"turns":4},{"damage":21,"enemies":"2 Thieves","floor":19,"turns":3},{"damage":8,"enemies":"Centurion and Healer","floor":21,"turns":6},{"damage":46,"enemies":"Gremlin Leader","floor":23,"turns":10},{"damage":41,"enemies":"Slavers","floor":25,"turns":7},{"damage":0,"enemies":"DemoMod:Veteran_shot_gun_kin_and_bullet_kin","floor":28,"turns":4},{"damage":0,"enemies":"DemoMod:4_Bullet_Kins","floor":29,"turns":4},{"damage":18,"enemies":"DemoMod:Veteran_shot_gun_kin_and_red_shotgun_kin_with_gunsinger","floor":30,"turns":5},{"damage":20,"enemies":"DemoMod:Red_and_blue_shotgun_kin_with_gunsinger","floor":31,"turns":3},{"damage":0,"enemies":"DemoMod:2_Mousers","floor":32,"turns":6},{"damage":24,"enemies":"DemoMod:ResourcefulRat","floor":35,"turns":4}],"seed_played":"-4823058594459572227","potions_obtained":[{"floor":1,"key":"Dexterity Potion"},{"floor":6,"key":"Weak Potion"},{"floor":10,"key":"Fruit Juice"},{"floor":11,"key":"BlessingOfTheForge"},{"floor":16,"key":"EssenceOfSteel"},{"floor":19,"key":"DemoMod:LeadSkinPotion"},{"floor":21,"key":"Strength Potion"},{"floor":23,"key":"Strength Potion"},{"floor":30,"key":"DistilledChaos"}],"is_trial":false,"path_per_floor":["M","?","?","M","M","E","R","?","T","E","M","$","E","$","R","B",null,"M","M","?","M","?","E","R","E","T","R","M","M","M","M","M","R","B","B"],"character_chosen":"IRONCLAD","items_purchased":["DemoMod:GnawedKey","Thunderclap","Flex","Inflame","Flex"],"campfire_rested":4,"item_purchase_floors":[12,12,12,14,14],"current_hp_per_floor":[80,80,80,80,80,74,74,74,74,53,50,55,46,46,73,57,92,88,76,76,74,54,28,63,28,117,117,117,120,108,94,106,126,15,0,0],"gold":285,"neow_bonus":"UPGRADE_CARD","is_daily":false,"chose_seed":false,"campfire_upgraded":0,"win_rate":0.0,"timestamp":1609419453,"path_taken":["M","?","?","?","?","E","R","?","T","E","M","$","E","$","R","BOSS","M","?","?","M","?","E","R","E","T","R","M","M","M","M","M","R","BOSS","BOSS"],"items_purchased_type":["Relic","Card","Card","Card","Card"],"build_version":"2020-12-22","purchased_purges":1,"victory":false,"max_hp_per_floor":[80,80,80,80,80,87,87,87,87,87,87,92,92,92,92,92,92,95,98,98,98,103,117,117,117,117,117,117,120,120,120,126,126,126,126,126],"relic_stats":{"Nunchaku":[21],"counters":[20,126],"Bag of Preparation":[32],"obtain_stats":[{"DemoMod:WeirdEgg":10,"DemoMod:ChaffGrenade":25,"Mango":23,"DemoMod:GlassGuonStoneRelic":1,"Pyrelight":2,"Bag of Preparation":8,"Burning Blood":0,"Nunchaku":13,"Strawberry":6,"MarkOfWind":20,"Fusion Hammer":17,"DemoMod:GnawedKey":12,"InkBottle":34},{"DemoMod:WeirdEgg":5,"DemoMod:ChaffGrenade":13,"Mango":12,"DemoMod:GlassGuonStoneRelic":1,"Pyrelight":1,"Bag of Preparation":4,"Burning Blood":0,"Nunchaku":7,"Strawberry":4,"MarkOfWind":10,"Fusion Hammer":8,"DemoMod:GnawedKey":6,"InkBottle":19},{"DemoMod:WeirdEgg":29,"DemoMod:ChaffGrenade":77,"Mango":70,"DemoMod:GlassGuonStoneRelic":4,"Pyrelight":4,"Bag of Preparation":23,"Burning Blood":0,"Nunchaku":39,"Strawberry":23,"MarkOfWind":54,"Fusion Hammer":47,"DemoMod:GnawedKey":35,"InkBottle":115}],"Burning Blood":89,"InkBottle":[4]},"card_choices":[{"not_picked":["Heavy Blade","Cleave"],"picked":"Ghostly Armor","floor":1},{"not_picked":["Shrug It Off","Heavy Blade"],"picked":"Anger","floor":4},{"not_picked":["Reckless Charge","Combust"],"picked":"Rage","floor":5},{"not_picked":["Sentinel","Uppercut"],"picked":"Rampage","floor":6},{"not_picked":["Dark Embrace","DemoMod:BlackBlade"],"picked":"Feel No Pain","floor":10},{"not_picked":["Clothesline","Havoc"],"picked":"Iron Wave","floor":11},{"not_picked":["Flex","Fiend Fire"],"picked":"Clash","floor":13},{"not_picked":["Corruption","Limit Break"],"picked":"Feed","floor":16},{"not_picked":["Flame Barrier","Sword Boomerang+1"],"picked":"Shrug It Off+1","floor":18},{"not_picked":["Pommel Strike","Thunderclap"],"picked":"Anger+1","floor":19},{"not_picked":["Havoc","Entrench"],"picked":"Pummel","floor":21},{"not_picked":["Blood for Blood+1","Thunderclap+1"],"picked":"Clash","floor":23},{"not_picked":["Exhume","Warcry"],"picked":"Anger","floor":25},{"not_picked":["Headbutt+1","Clothesline"],"picked":"Seeing Red+1","floor":28},{"not_picked":["Heavy Blade","Flex+1"],"picked":"Pommel Strike+1","floor":29},{"not_picked":["Reckless Charge","Cleave"],"picked":"Seeing Red+1","floor":30},{"not_picked":["Heavy Blade+1","Perfected Strike+1"],"picked":"Pommel Strike","floor":31},{"not_picked":["Clothesline","Inflame"],"picked":"Thunderclap+1","floor":32}],"player_experience":413917,"relics_obtained":[{"floor":6,"key":"Strawberry"},{"floor":10,"key":"DemoMod:WeirdEgg"},{"floor":13,"key":"Nunchaku"},{"floor":23,"key":"Mango"},{"floor":25,"key":"DemoMod:ChaffGrenade"}],"event_choices":[{"damage_healed":0,"gold_gain":175,"player_choice":"AGREE","damage_taken":109,"max_hp_gain":0,"max_hp_loss":0,"event_name":"betterThird:BetterSerpent","floor":3,"gold_loss":0},{"damage_healed":0,"gold_gain":0,"player_choice":"Gave Potion","damage_taken":0,"relics_obtained":["Bag of Preparation"],"max_hp_gain":0,"max_hp_loss":0,"event_name":"WeMeetAgain","floor":8,"gold_loss":0},{"damage_healed":0,"gold_gain":0,"player_choice":"Shed Blood","damage_taken":25,"max_hp_gain":5,"max_hp_loss":0,"event_name":"Forgotten Altar","floor":22,"gold_loss":0}],"is_beta":false,"boss_relics":[{"not_picked":["Runic Cube","Astrolabe"],"picked":"Fusion Hammer"}],"items_purged_floors":[12],"is_endless":false,"potions_floor_spawned":[1,6,10,11,16,19,21,23,28,30,32],"killed_by":"DemoMod:ResourcefulRat","ascension_level":1}}