{"host":"uxx7prhn9zlu6i2v","time":1609454427,"event":{"mods":["2.2 Compatiblity","AchievementEnabler","Act Like it!","Bard","BaseMod","Better Altar","Better Match","Better Note","Better Sensory Stone","Better Skull","Better Third Choice","CapriCore","ChefMod","Colored Powertips","Conspire","Faster Ascension Climbing","Gensokyo","GifTheSpireLib","Hermit","Hubris","KomeijiMod","Lobotomy","LobotomyExtend","Marisa????????","Minty Spire (QoL Compilation)","Permanent Neow","Quick Restart","RNG Fix","Rare Cards Sparkle","Reimu??????","Relic Filter","Relic Sorter","Relic Stats","Replay The Spire","Reworked Bosses","Spicy Shops","StSLib","Stuff the Spire","The Blue Laboratory","The Bug Knight","The Immortal","Yakumo Yukari mod","??????REMEMod"],"gold_per_floor":[114,150,150,163,163,163,181,181,181,199,18,118,135,5,5,327,327,341,166,178,34,51,51,68,222,222,281,322,458,458,628,628,688,688],"floor_reached":33,"playtime":2439,"items_purged":["Wellcheers","MeatLantern"],"score":703,"play_id":"e609f094-04d0-45ce-8976-08398fd0cdf3","local_time":"20201231164027","is_ascension_mode":true,"campfire_choices":[{"floor":6,"key":"REST"},{"data":"MagicChant","floor":15,"key":"SMITH"},{"data":"BinaryStars","floor":23,"key":"SMITH"},{"data":"Free:ReiMu","floor":30,"key":"SMITH"},{"floor":32,"key":"DIG"}],"circlet_count":0,"master_deck":["AscendersBane","Strike_MRS+1","Strike_MRS+1","Strike_MRS+1","Strike_MRS+1","Defend_MRS","Defend_MRS","Defend_MRS","Defend_MRS","MasterSpark+1","UpSweep","IllusionStar","AsteroidBelt","UniverseFragment","AsteroidBelt","Gensokyo:CrescentMoonSlash","MagicChant+1","EnergyRecoil","SpiderBud","BinaryStars+1","AlicesGift","GravityBeat","Free:ReiMu+1","PunishingBird","MeteoricShower","EnergyFlow","MagicChant+1","FinalSpark"],"relics":["MiniHakkero","REME_ComplimentaryCards","CogitoBucket","RabbitCall","LetterFromLob","StuffTheSpire:TintedRock","LaetitiaHeart","Pear","StoneCalendar","hubris:TenFootPole","LuminousBracelet","hubris:RunicObelisk","Centennial Puzzle","Shovel","SimpleLauncher","ChangeAnything","Anchor","Regal Pillow","ReplayTheSpireMod:Shallot","StuffTheSpire:Expresso","HellTrain","AtMidnight","StuffTheSpire:HeavyRock"],"acts_visited":["Gensokyo:Gensokyo","Gensokyo:Gensokyoer"],"potions_floor_usage":[12,12,18,24,25,29],"damage_taken":[{"damage":3,"enemies":"Gensokyo:Gryphon","floor":1,"turns":3},{"damage":8,"enemies":"conspire:MimicChest","floor":2,"turns":6},{"damage":0,"enemies":"Gensokyo:3_Fairies","floor":4,"turns":3},{"damage":0,"enemies":"Gensokyo:Python","floor":7,"turns":4},{"damage":0,"enemies":"Gensokyo:LivingMonolith","floor":10,"turns":3},{"damage":10,"enemies":"Gensokyo:Cirno","floor":12,"turns":7},{"damage":24,"enemies":"Gensokyo:2_Rabbits","floor":13,"turns":7},{"damage":0,"enemies":"Gensokyo:Yukari","floor":16,"turns":6},{"damage":5,"enemies":"Gensokyo:3_Dogs","floor":18,"turns":5},{"damage":12,"enemies":"Gensokyo:2_Gloops","floor":20,"turns":4},{"damage":8,"enemies":"Gensokyo:Wraith","floor":22,"turns":2},{"damage":43,"enemies":"Gensokyo:Slime_Group","floor":24,"turns":6},{"damage":50,"enemies":"Gensokyo:Tenshi","floor":25,"turns":4},{"damage":4,"enemies":"Gensokyo:Monolith_and_Dog","floor":27,"turns":5},{"damage":3,"enemies":"Gensokyo:3_Gloops","floor":28,"turns":4},{"damage":32,"enemies":"Gensokyo:Koishi","floor":29,"turns":3},{"damage":146,"enemies":"Gensokyo:Slime_Group","floor":31,"turns":16},{"damage":82,"enemies":"Gensokyo:Eternal_Rivals","floor":33,"turns":6}],"seed_played":"1307284716233281493","potions_obtained":[{"floor":2,"key":"blueLaboratory:FrostheartPotion"},{"floor":7,"key":"SpeedPotion"},{"floor":13,"key":"blueLaboratory:PolymorphPotion"},{"floor":20,"key":"blueLaboratory:ArtificerPotion"},{"floor":22,"key":"Fire Potion"},{"floor":27,"key":"blueLaboratory:FruitPreserves"}],"is_trial":false,"path_per_floor":["M","?","?","M","?","R","M","E","T","M","COS","E","M","$","R","B",null,"M","$","M","COS","M","R","M","E","T","M","M","E","R","M","R","B"],"character_chosen":"MARISA","items_purchased":["AttackPotion","AlicesGift"],"campfire_rested":1,"item_purchase_floors":[14,19],"current_hp_per_floor":[60,52,28,31,17,38,38,28,38,41,41,37,31,31,31,31,79,75,75,63,63,55,55,69,31,31,33,37,37,37,72,72,0,0],"gold":688,"neow_bonus":"","is_daily":false,"chose_seed":false,"campfire_upgraded":3,"win_rate":0.0,"timestamp":1609454427,"path_taken":["M","?","?","?","?","R","M","E","T","M","COS","E","M","?","R","BOSS","M","$","M","COS","M","R","M","E","T","M","?","E","R","M","R","BOSS"],"items_purchased_type":["Potion","Card"],"build_version":"2020-12-22","purchased_purges":2,"victory":false,"max_hp_per_floor":[70,70,70,70,70,70,70,70,80,80,80,80,95,95,95,95,95,85,85,75,75,75,75,75,75,75,75,75,75,75,75,75,75,75],"relic_stats":{"Centennial Puzzle":[27],"Regal Pillow":0,"Shovel":1,"counters":[21,97],"StoneCalendar":[69],"obtain_stats":[{"StuffTheSpire:TintedRock":2,"RabbitCall":0,"Regal Pillow":25,"Pear":9,"LuminousBracelet":13,"StuffTheSpire:Expresso":29,"StoneCalendar":12,"hubris:RunicObelisk":17,"Frozen Eye":29,"CogitoBucket":0,"Centennial Puzzle":18,"Anchor":25,"Shovel":20,"LaetitiaHeart":8,"ReplayTheSpireMod:Shallot":26,"StuffTheSpire:HeavyRock":32,"AtMidnight":31,"LetterFromLob":1,"hubris:TenFootPole":13,"MiniHakkero":0,"ChangeAnything":24,"HellTrain":31,"SimpleLauncher":21,"REME_ComplimentaryCards":0},{"StuffTheSpire:TintedRock":2,"RabbitCall":0,"Regal Pillow":15,"Pear":4,"LuminousBracelet":8,"StuffTheSpire:Expresso":18,"StoneCalendar":6,"hubris:RunicObelisk":9,"Frozen Eye":17,"CogitoBucket":0,"Centennial Puzzle":10,"Anchor":15,"Shovel":11,"LaetitiaHeart":4,"ReplayTheSpireMod:Shallot":15,"StuffTheSpire:HeavyRock":20,"AtMidnight":20,"LetterFromLob":1,"hubris:TenFootPole":8,"MiniHakkero":0,"ChangeAnything":14,"HellTrain":20,"SimpleLauncher":11,"REME_ComplimentaryCards":0},{"StuffTheSpire:TintedRock":9,"RabbitCall":0,"Regal Pillow":62,"Pear":16,"LuminousBracelet":34,"StuffTheSpire:Expresso":74,"StoneCalendar":26,"hubris:RunicObelisk":40,"Frozen Eye":71,"CogitoBucket":0,"Centennial Puzzle":42,"Anchor":62,"Shovel":47,"LaetitiaHeart":16,"ReplayTheSpireMod:Shallot":62,"StuffTheSpire:HeavyRock":91,"AtMidnight":91,"LetterFromLob":3,"hubris:TenFootPole":32,"MiniHakkero":0,"ChangeAnything":58,"HellTrain":91,"SimpleLauncher":49,"REME_ComplimentaryCards":0}]},"card_choices":[{"not_picked":["SingingMachine","Bloodbath"],"picked":"MeatLantern","floor":1},{"not_picked":["DoubleSpark","6A"],"picked":"IllusionStar","floor":1},{"not_picked":["Scarecrow","Scorched","Mercenary"],"picked":"Singing Bowl","floor":2},{"not_picked":["RedShoes","FairyFestival"],"picked":"Wellcheers","floor":2},{"not_picked":["ShootingEcho","WitchLeyline"],"picked":"AsteroidBelt","floor":2},{"not_picked":["LongBird","Scorched"],"picked":"UniverseFragment","floor":4},{"not_picked":["SporeBomb","ChargingUp"],"picked":"AsteroidBelt","floor":4},{"not_picked":["PunishingBird","Murderer","SnowQueen"],"picked":"Singing Bowl","floor":7},{"not_picked":["GrandCross","6A","IllusionStar"],"picked":"SKIP","floor":7},{"not_picked":["PunishingBird","OldLady","Scorched"],"picked":"Singing Bowl","floor":10},{"not_picked":["WitchOfGreed","EventHorizon"],"picked":"MagicChant","floor":10},{"not_picked":["VoidDream","MHz","BigBadWolf"],"picked":"Singing Bowl","floor":12},{"not_picked":["LuminesStrike","SporeBomb"],"picked":"EnergyRecoil","floor":12},{"not_picked":["Murderer","PunishingBird","FairyFestival"],"picked":"Singing Bowl","floor":13},{"not_picked":["Acceleration","EscapeVelocity","DoubleSpark"],"picked":"SKIP","floor":13},{"not_picked":["Freischutz","Yin"],"picked":"SpiderBud","floor":16},{"not_picked":["MaximisePower","StarDustReverie"],"picked":"BinaryStars","floor":16},{"not_picked":["QueenBee","Funeral","Laetitia"],"picked":"Singing Bowl","floor":18},{"not_picked":["DoubleSpark","MysteriousBeam","ShootTheMoon"],"picked":"SKIP","floor":18},{"not_picked":["VoidDream","LongBird","WhitesApple"],"picked":"Singing Bowl","floor":20},{"not_picked":["ShootingEcho","FairyDestructionRay","AsteroidBelt"],"picked":"SKIP","floor":20},{"not_picked":["Laetitia","WallGazer","MeatLantern"],"picked":"Singing Bowl","floor":22},{"not_picked":["MagicAbsorber","DoubleSpark"],"picked":"GravityBeat","floor":22},{"not_picked":["Bloodbath","BeautyBeast","Alriune"],"picked":"Singing Bowl","floor":24},{"not_picked":["OSAHOGD","Bloodbath"],"picked":"PunishingBird","floor":24},{"not_picked":["AsteroidBelt","Singularity"],"picked":"MeteoricShower","floor":24},{"not_picked":["LittlePrince","Yin","CherryBlossoms"],"picked":"Singing Bowl","floor":25},{"not_picked":["SuperPerseids","IllusionStar","ChargeUpSpray+1"],"picked":"SKIP","floor":25},{"not_picked":["CrumblingArmor","FieryBird","SilentOrchestra"],"picked":"Singing Bowl","floor":27},{"not_picked":["UnstableBomb","DoubleSpark","GravityBeat+1"],"picked":"SKIP","floor":27},{"not_picked":["FairyFestival","LongBird","Woodsman"],"picked":"Singing Bowl","floor":28},{"not_picked":["ShootingEcho","ManaConvection"],"picked":"EnergyFlow","floor":28},{"not_picked":["Scorched","Scarecrow","Funeral"],"picked":"Singing Bowl","floor":29},{"not_picked":["NonDirectionalLaser","FairyDestructionRay"],"picked":"MagicChant+1","floor":29},{"not_picked":["SilentOrchestra","LongBird","GalaxyChild"],"picked":"Singing Bowl","floor":31},{"not_picked":["EarthLightRay","PropBag"],"picked":"FinalSpark","floor":31}],"player_experience":1412052,"relics_obtained":[{"floor":1,"key":"LetterFromLob"},{"floor":2,"key":"StuffTheSpire:TintedRock"},{"floor":9,"key":"Pear"},{"floor":12,"key":"StoneCalendar"},{"floor":25,"key":"Anchor"},{"floor":25,"key":"Regal Pillow"},{"floor":26,"key":"ReplayTheSpireMod:Shallot"},{"floor":29,"key":"StuffTheSpire:Expresso"},{"floor":31,"key":"AtMidnight"},{"floor":32,"key":"StuffTheSpire:HeavyRock"}],"event_choices":[],"is_beta":false,"boss_relics":[{"not_picked":["Tiny House","Velvet Choker"],"picked":"hubris:RunicObelisk"}],"items_purged_floors":[14,19],"is_endless":false,"potions_floor_spawned":[2,7,10,13,16,20,22,27],"killed_by":"Gensokyo:Eternal_Rivals","ascension_level":20}}