{"host":"Arid","time":1609402647,"event":{"mods":["2.2 Compatiblity","AchievementEnabler","Act Like it!","BaseMod","Downfall","Hermit","Jorbs\u0027s Wanderer Trilogy","Minty Spire (QoL Compilation)","StSLib","The Cursed","The Runesmith"],"gold_per_floor":[112,112,37,50,67,96,110,110,136,152,227,227,227,260,260,359,359,376,395,415,415,415,450,478,503,503,99,113,124,24,36,36,138,138,160,0,14,64,64,92,92,131,131,141,141,161,7,18,18,18,18,18,18,46,56],"floor_reached":56,"playtime":4860,"items_purged":["Regret","stsjorbsmod:RefuseToForget"],"score":1259,"play_id":"5098b75a-665d-41af-b9a9-aecbe67f8c7c","local_time":"20201231031727","is_ascension_mode":false,"campfire_choices":[{"data":"stsjorbsmod:ArcaneWeapon","floor":8,"key":"SMITH"},{"floor":12,"key":"REST"},{"data":"stsjorbsmod:TrueStrike","floor":15,"key":"SMITH"},{"data":"stsjorbsmod:ArcaneForm","floor":32,"key":"SMITH"},{"data":"expansioncontent:Chronoboost","floor":41,"key":"SMITH"},{"data":"stsjorbsmod:Prestidigitation","floor":45,"key":"SMITH"},{"floor":49,"key":"RECALL"},{"data":"stsjorbsmod:RayOfFrost","floor":52,"key":"SMITH"}],"circlet_count":0,"master_deck":["stsjorbsmod:ForbiddenGrimoire+1","stsjorbsmod:Defend_Wanderer","stsjorbsmod:Defend_Wanderer","stsjorbsmod:Defend_Wanderer","stsjorbsmod:Defend_Wanderer","stsjorbsmod:FreshAdventure","stsjorbsmod:EyeOfTheStorm+1","stsjorbsmod:ChainLightning","stsjorbsmod:SmithingStrike+1","stsjorbsmod:ArcaneWeapon+1","stsjorbsmod:TrueStrike+1","stsjorbsmod:BookOfTongues","stsjorbsmod:ArcaneForm+1","stsjorbsmod:WanderingMind+1","Slimebound:Tackle+1","Slimebound:Tackle+1","Slimebound:Tackle+1","stsjorbsmod:Rediscovery","stsjorbsmod:RayOfFrost+1","stsjorbsmod:Entangle","stsjorbsmod:Prestidigitation+1","stsjorbsmod:FlameWard","expansioncontent:Chronoboost+1","stsjorbsmod:FlameWard","stsjorbsmod:DisguiseSelf+1"],"relics":["stsjorbsmod:GrimoireRelic","Blood Vial","Happy Flower","Regal Pillow","White Beast Statue","Snecko Eye","sneckomod:BlankCard","Runesmith:AutoHammer","Ancient Tea Set","Oddly Smooth Stone","stsjorbsmod:MindGlassRelic","Coffee Dripper","Red Mask","FossilizedHelix","Du-Vu Doll","Bag of Marbles","ClockworkSouvenir","Guardian:GemstoneGun"],"acts_visited":["Exordium","TheCity","TheBeyond","TheEnding"],"potions_floor_usage":[7,14,23,23,25,29,50,55,55,55],"damage_taken":[{"damage":10,"enemies":"Small Slimes","floor":1,"turns":7},{"damage":5,"enemies":"2 Louse","floor":4,"turns":3},{"damage":1,"enemies":"Jaw Worm","floor":5,"turns":3},{"damage":25,"enemies":"Gremlin Nob","floor":6,"turns":4},{"damage":10,"enemies":"Exordium Thugs","floor":7,"turns":3},{"damage":1,"enemies":"Large Slime","floor":10,"turns":5},{"damage":16,"enemies":"3 Sentries","floor":14,"turns":5},{"damage":23,"enemies":"The Guardian","floor":16,"turns":9},{"damage":0,"enemies":"Chosen","floor":18,"turns":3},{"damage":2,"enemies":"Shell Parasite","floor":19,"turns":4},{"damage":0,"enemies":"Sentry and Sphere","floor":20,"turns":2},{"damage":21,"enemies":"Gremlin Leader","floor":23,"turns":6},{"damage":8,"enemies":"Chosen and Byrds","floor":24,"turns":3},{"damage":0,"enemies":"Slavers","floor":25,"turns":2},{"damage":0,"enemies":"Snecko","floor":28,"turns":3},{"damage":12,"enemies":"Shelled Parasite and Fungi","floor":29,"turns":4},{"damage":0,"enemies":"Sentry and Sphere","floor":31,"turns":2},{"damage":6,"enemies":"Champ","floor":33,"turns":7},{"damage":4,"enemies":"Orb Walker","floor":35,"turns":2},{"damage":4,"enemies":"3 Shapes","floor":37,"turns":4},{"damage":0,"enemies":"Mind Bloom Boss Battle","floor":38,"turns":3},{"damage":4,"enemies":"Reptomancer","floor":40,"turns":4},{"damage":0,"enemies":"Nemesis","floor":42,"turns":3},{"damage":5,"enemies":"Jaw Worm Horde","floor":44,"turns":3},{"damage":0,"enemies":"3 Darklings","floor":46,"turns":3},{"damage":0,"enemies":"Writhing Mass","floor":48,"turns":4},{"damage":74,"enemies":"Awakened One","floor":50,"turns":11},{"damage":4,"enemies":"Shield and Spear","floor":54,"turns":3},{"damage":46,"enemies":"The Heart","floor":55,"turns":6}],"seed_played":"1145859437024482464","potions_obtained":[{"floor":1,"key":"Explosive Potion"},{"floor":10,"key":"AttackPotion"},{"floor":14,"key":"Explosive Potion"},{"floor":16,"key":"FearPotion"},{"floor":18,"key":"hexamod:EctoCoolerPotion"},{"floor":20,"key":"sneckomod:MuddlingPotion"},{"floor":23,"key":"Fire Potion"},{"floor":24,"key":"Energy Potion"},{"floor":25,"key":"FearPotion"},{"floor":28,"key":"Dexterity Potion"},{"floor":29,"key":"sneckomod:MuddlingPotion"},{"floor":35,"key":"Guardian:BlockOnCardUsePotion"},{"floor":42,"key":"LiquidBronze"},{"floor":54,"key":"hexamod:EctoCoolerPotion"}],"is_trial":false,"path_per_floor":["M","?","$","M","M","E","M","R","T","M","?","R","?","E","R","B",null,"M","M","M","?","?","E","M","E","T","$","M","M","$","M","R","B",null,"M","?","M","?","?","E","R","E","T","M","R","M","$","M","R","B",null,"R","$","E","B",null],"character_chosen":"WANDERER","items_purchased":["Oddly Smooth Stone","stsjorbsmod:MindGlassRelic","ClockworkSouvenir"],"campfire_rested":1,"item_purchase_floors":[27,27,47],"current_hp_per_floor":[64,64,64,61,63,41,34,34,34,37,26,63,63,50,50,29,74,74,74,74,74,74,54,53,66,66,66,69,64,64,70,70,72,80,77,77,80,80,80,82,82,82,82,81,81,82,82,82,82,8,82,82,82,82,42],"gold":56,"neow_bonus":"TEN_PERCENT_HP_BONUS","is_daily":false,"chose_seed":false,"campfire_upgraded":6,"win_rate":0.0,"timestamp":1609402647,"path_taken":["M","?","$","M","M","E","M","R","T","M","?","R","?","E","R","BOSS","M","M","M","?","?","E","M","E","T","$","M","M","$","?","R","BOSS","M","?","M","?","?","E","R","E","T","M","R","M","$","M","R","BOSS","R","$","E","BOSS"],"items_purchased_type":["Relic","Relic","Relic"],"build_version":"2020-12-18","purchased_purges":2,"victory":true,"max_hp_per_floor":[74,74,74,74,74,74,74,74,74,74,74,74,74,74,74,74,74,74,74,74,74,74,74,74,80,80,80,80,80,80,80,80,80,80,80,80,80,80,80,82,82,82,82,82,82,82,82,82,82,82,82,82,82,82,82],"card_choices":[{"not_picked":["stsjorbsmod:Patron","stsjorbsmod:Hurt"],"picked":"stsjorbsmod:ChainLightning","floor":1},{"not_picked":["stsjorbsmod:AnimateObjects","stsjorbsmod:TrueStrike"],"picked":"stsjorbsmod:SmithingStrike","floor":4},{"not_picked":["stsjorbsmod:Materialize","stsjorbsmod:Thorns"],"picked":"stsjorbsmod:ArcaneWeapon","floor":5},{"not_picked":["stsjorbsmod:BlackTentacles","stsjorbsmod:DoubleCheck"],"picked":"stsjorbsmod:TrueStrike","floor":6},{"not_picked":["stsjorbsmod:Will","stsjorbsmod:DisguiseSelf"],"picked":"stsjorbsmod:BookOfTongues","floor":7},{"not_picked":["stsjorbsmod:BurningFlask","stsjorbsmod:TrueStrike","stsjorbsmod:Materialize"],"picked":"SKIP","floor":10},{"not_picked":["stsjorbsmod:MistyStep","stsjorbsmod:BurningFlask","stsjorbsmod:WeightOfMemory"],"picked":"SKIP","floor":14},{"not_picked":["stsjorbsmod:Banish","stsjorbsmod:HoldMonster"],"picked":"stsjorbsmod:ArcaneForm","floor":16},{"not_picked":["stsjorbsmod:BookOfTongues+1","stsjorbsmod:Rest"],"picked":"stsjorbsmod:RefuseToForget","floor":18},{"not_picked":["stsjorbsmod:AnimateObjects","stsjorbsmod:TrueStrike+1","stsjorbsmod:BlackTentacles"],"picked":"SKIP","floor":19},{"not_picked":["stsjorbsmod:WeightOfMemory+1","stsjorbsmod:Message"],"picked":"stsjorbsmod:WanderingMind+1","floor":20},{"not_picked":["stsjorbsmod:RefuseToForget","stsjorbsmod:MagicMirror"],"picked":"stsjorbsmod:Rediscovery","floor":23},{"not_picked":["stsjorbsmod:SmithingStrike","stsjorbsmod:Aid"],"picked":"stsjorbsmod:RayOfFrost","floor":24},{"not_picked":["stsjorbsmod:BlackTentacles","stsjorbsmod:ChatteringStrike+1","stsjorbsmod:TollTheDead+1"],"picked":"SKIP","floor":25},{"not_picked":["stsjorbsmod:ParryingBlow","stsjorbsmod:TollTheDead+1","stsjorbsmod:DisguiseSelf"],"picked":"SKIP","floor":28},{"not_picked":["stsjorbsmod:BurningFlask","stsjorbsmod:DoubleCheck","stsjorbsmod:Materialize+1"],"picked":"SKIP","floor":29},{"not_picked":["stsjorbsmod:Counterspell","stsjorbsmod:ChainLightning","stsjorbsmod:Hurt+1"],"picked":"SKIP","floor":31},{"not_picked":["stsjorbsmod:PurgeMind","stsjorbsmod:Trauma"],"picked":"stsjorbsmod:Entangle","floor":33},{"not_picked":["stsjorbsmod:Prepare","stsjorbsmod:Mending+1"],"picked":"stsjorbsmod:Prestidigitation","floor":35},{"not_picked":["stsjorbsmod:SmithingStrike","stsjorbsmod:MagicMissiles+1"],"picked":"stsjorbsmod:FlameWard","floor":37},{"not_picked":["Metamorphosis","Master of Strategy"],"picked":"expansioncontent:Chronoboost","floor":39},{"not_picked":["stsjorbsmod:Inferno","stsjorbsmod:WeightOfMemory","stsjorbsmod:ScorchingRay+1"],"picked":"SKIP","floor":40},{"not_picked":["stsjorbsmod:ChainLightning+1","stsjorbsmod:RefuseToForget"],"picked":"stsjorbsmod:FlameWard","floor":42},{"not_picked":["stsjorbsmod:Message","stsjorbsmod:WanderingMind+1","stsjorbsmod:TinyHut+1"],"picked":"SKIP","floor":44},{"not_picked":["stsjorbsmod:ChatteringStrike+1","stsjorbsmod:TinyHut"],"picked":"stsjorbsmod:DisguiseSelf+1","floor":46},{"not_picked":["stsjorbsmod:Counterspell","stsjorbsmod:Message","stsjorbsmod:MagicMirror+1"],"picked":"SKIP","floor":48},{"not_picked":["stsjorbsmod:UnseenServant+1","stsjorbsmod:ColorSpray","stsjorbsmod:LoseGrip+1"],"picked":"SKIP","floor":54},{"not_picked":["stsjorbsmod:UnseenServant+1","stsjorbsmod:ColorSpray","stsjorbsmod:LoseGrip+1"],"picked":"SKIP","floor":54}],"player_experience":336394,"relics_obtained":[{"floor":6,"key":"Happy Flower"},{"floor":9,"key":"Regal Pillow"},{"floor":14,"key":"White Beast Statue"},{"floor":23,"key":"sneckomod:BlankCard"},{"floor":25,"key":"Runesmith:AutoHammer"},{"floor":26,"key":"Ancient Tea Set"},{"floor":38,"key":"FossilizedHelix"},{"floor":40,"key":"Du-Vu Doll"},{"floor":42,"key":"Bag of Marbles"},{"floor":54,"key":"Guardian:GemstoneGun"}],"event_choices":[{"damage_healed":0,"gold_gain":0,"player_choice":"Box","damage_taken":0,"relics_obtained":["Blood Vial"],"max_hp_gain":0,"max_hp_loss":0,"event_name":"Big Fish","floor":2,"gold_loss":0,"cards_obtained":["Regret"]},{"damage_healed":0,"gold_gain":75,"player_choice":"Gather Gold","damage_taken":11,"max_hp_gain":0,"max_hp_loss":0,"event_name":"World of Goop","floor":11,"gold_loss":0},{"damage_healed":0,"gold_gain":0,"player_choice":"Ignored","damage_taken":0,"max_hp_gain":0,"max_hp_loss":0,"event_name":"Liars Game","floor":13,"gold_loss":0},{"damage_healed":0,"gold_gain":0,"player_choice":"Ignored","damage_taken":0,"max_hp_gain":0,"max_hp_loss":0,"event_name":"Vampires","floor":22,"gold_loss":0},{"damage_healed":0,"gold_gain":0,"player_choice":"Paid","damage_taken":0,"relics_obtained":["Red Mask"],"max_hp_gain":0,"max_hp_loss":0,"event_name":"Tomb of Lord Red Mask","floor":36,"gold_loss":160},{"damage_healed":0,"gold_gain":0,"player_choice":"Fight","damage_taken":0,"max_hp_gain":0,"max_hp_loss":0,"event_name":"MindBloom","floor":38,"gold_loss":0},{"damage_healed":0,"gold_gain":0,"player_choice":"Memory 1","damage_taken":0,"max_hp_gain":0,"max_hp_loss":0,"event_name":"SensoryStone","floor":39,"gold_loss":0}],"is_beta":true,"boss_relics":[{"not_picked":["Pandora\u0027s Box","Sozu"],"picked":"Snecko Eye"},{"not_picked":["Runic Pyramid","Calling Bell"],"picked":"Coffee Dripper"}],"items_purged_floors":[3,30],"is_endless":false,"potions_floor_spawned":[1,10,14,16,18,19,20,23,24,25,28,29,31,33,35,37,38,40,42,44,46,48,54],"ascension_level":0}}