{"host":"znvnxllcillb3rtw","time":1609388212,"event":{"mods":["BaseMod","DeckTracker","Minty Spire (QoL Compilation)","Relic Stats","StSLib","SuperFastMode","everything is the same but u backflip on backflip"],"gold_per_floor":[118,6,6,6,281,314,326,360,360,390,410,92,167,183,183,183,183],"floor_reached":16,"playtime":420,"items_purged":["Regret"],"score":286,"play_id":"2f331bf1-3447-43f4-8167-0cb9cba9b445","local_time":"20201231131652","is_ascension_mode":true,"campfire_choices":[{"data":"Reprogram","floor":15,"key":"SMITH"}],"circlet_count":0,"master_deck":["AscendersBane","Strike_B","Strike_B","Strike_B","Defend_B","Defend_B","Defend_B","Defend_B","Zap","Dualcast","Compile Driver","Streamline","Cold Snap","Loop","Turbo","Sunder","Beam Cell","Genetic Algorithm","BootSequence","Reprogram+1","Meteor Strike","Barrage"],"relics":["Cracked Core","NeowsBlessing","Ornamental Fan","Peace Pipe","Blood Vial"],"acts_visited":["Exordium"],"potions_floor_usage":[16],"damage_taken":[{"damage":0.0,"enemies":"2 Louse","floor":1.0,"turns":1.0},{"damage":0.0,"enemies":"3 Sentries","floor":6.0,"turns":1.0},{"damage":0.0,"enemies":"Small Slimes","floor":7.0,"turns":1.0},{"damage":10.0,"enemies":"Gremlin Nob","floor":8.0,"turns":3.0},{"damage":35.0,"enemies":"Lagavulin","floor":10.0,"turns":5.0},{"damage":1.0,"enemies":"Cultist","floor":11.0,"turns":3.0},{"damage":0.0,"enemies":"3 Louse","floor":14.0,"turns":2.0},{"damage":35,"enemies":"The Guardian","floor":16,"turns":10}],"seed_played":"-1533506311605718766","potions_obtained":[{"floor":1.0,"key":"AttackPotion"},{"floor":6.0,"key":"FearPotion"},{"floor":14.0,"key":"Regen Potion"}],"is_trial":false,"path_per_floor":["M","$","?","?","?","E","M","E","T","E","M","$","?","M","R","B"],"character_chosen":"DEFECT","items_purchased":["Streamline","Cold Snap","Reprogram","Meteor Strike"],"campfire_rested":0,"item_purchase_floors":[2,2,12,12],"current_hp_per_floor":[64,64,69,69,69,69,69,59,59,24,25,25,14,16,16,0,0],"gold":183,"neow_bonus":"THREE_ENEMY_KILL","is_daily":false,"chose_seed":false,"campfire_upgraded":1,"win_rate":0.0,"timestamp":1609388212,"path_taken":["M","$","?","?","?","E","M","E","T","E","?","$","?","M","R","BOSS"],"items_purchased_type":["Card","Card","Card","Card"],"build_version":"2020-12-22","purchased_purges":1,"victory":false,"max_hp_per_floor":[71,71,76,76,76,76,76,76,76,76,76,76,76,76,76,76,76],"relic_stats":{"Peace Pipe":0,"Blood Vial":6,"counters":[8,26],"Ornamental Fan":[12],"obtain_stats":[{"Peace Pipe":8,"Blood Vial":10,"NeowsBlessing":0,"Ornamental Fan":6,"Cracked Core":0},{"Peace Pipe":4,"Blood Vial":5,"NeowsBlessing":0,"Ornamental Fan":2,"Cracked Core":0},{"Peace Pipe":6,"Blood Vial":11,"NeowsBlessing":0,"Ornamental Fan":2,"Cracked Core":0}]},"card_choices":[{"not_picked":["Hologram","Skim"],"picked":"Compile Driver","floor":1.0},{"not_picked":["Compile Driver","Leap"],"picked":"Turbo","floor":6.0},{"not_picked":["Fusion","Redo"],"picked":"Sunder","floor":7.0},{"not_picked":["Hologram","Steam"],"picked":"Beam Cell","floor":8.0},{"not_picked":["Coolheaded","Ball Lightning"],"picked":"Genetic Algorithm","floor":10.0},{"not_picked":["Go for the Eyes","Redo"],"picked":"BootSequence","floor":11.0},{"not_picked":["Consume","Defragment"],"picked":"Barrage","floor":14.0}],"player_experience":2877245,"relics_obtained":[{"floor":6.0,"key":"Ornamental Fan"},{"floor":8.0,"key":"Peace Pipe"},{"floor":10.0,"key":"Blood Vial"}],"event_choices":[{"damage_healed":0.0,"max_hp_gain":5.0,"max_hp_loss":0.0,"gold_gain":0.0,"event_name":"Big Fish","player_choice":"Donut","floor":3.0,"gold_loss":0.0,"damage_taken":0.0},{"damage_healed":0.0,"max_hp_gain":0.0,"max_hp_loss":0.0,"gold_gain":0.0,"cards_transformed":["Strike_B"],"event_name":"Living Wall","player_choice":"Change","floor":4.0,"gold_loss":0.0,"damage_taken":0.0,"cards_obtained":["Loop"]},{"damage_healed":0.0,"max_hp_gain":0.0,"max_hp_loss":0.0,"gold_gain":275.0,"event_name":"Golden Shrine","player_choice":"Desecrate","floor":5.0,"gold_loss":0.0,"damage_taken":0.0,"cards_obtained":["Regret"]},{"damage_healed":0.0,"max_hp_gain":0.0,"max_hp_loss":0.0,"gold_gain":75.0,"event_name":"World of Goop","player_choice":"Gather Gold","floor":13.0,"gold_loss":0.0,"damage_taken":11.0}],"is_beta":false,"boss_relics":[],"items_purged_floors":[12],"is_endless":false,"potions_floor_spawned":[1,6,14],"killed_by":"The Guardian","ascension_level":20}}