{"host":"a5zr8hf2yymwt50u","time":1609398242,"event":{"mods":["BaseMod","Colored Map","Minty Spire (QoL Compilation)","StSLib"],"gold_per_floor":[113,131,131,142,142,142,160,160,160,160,185,135,34,70,70,201,201,225,240,258,258,258,258,283,283,283,283,130,150,186,200,200,326,326,349,349,349,364,383,383,383,408,408,421,437,770,770,562,562,562],"floor_reached":51,"playtime":2243,"items_purged":["Defend_R"],"score":868,"play_id":"e7a6d5df-2ad8-442a-aea7-12dcf85b634c","local_time":"20201231160402","is_ascension_mode":true,"campfire_choices":[{"data":"Bash","floor":6,"key":"SMITH"},{"data":"Armaments","floor":15,"key":"SMITH"},{"data":"Defend_R","floor":23,"key":"PURGE"},{"data":"Defend_R","floor":25,"key":"PURGE"},{"floor":27,"key":"RECALL"},{"data":"Perfected Strike","floor":32,"key":"SMITH"},{"data":"Perfected Strike","floor":40,"key":"SMITH"},{"data":"Armaments","floor":49,"key":"SMITH"}],"circlet_count":0,"master_deck":["Strike_R","Strike_R","Strike_R","Strike_R","Defend_R+1","Bash+1","Clothesline+1","Perfected Strike+1","Cleave","Pommel Strike","Armaments+1","Impervious","Wild Strike+1","Iron Wave","Perfected Strike+1","Feed","Wild Strike+1","Perfected Strike+1","Blood for Blood+1","Wild Strike","Armaments+1"],"relics":["Burning Blood","Meat on the Bone","Peace Pipe","Busted Crown","MutagenicStrength","StrikeDummy","DollysMirror","Happy Flower","Snecko Eye","Art of War","Vajra"],"acts_visited":["Exordium","TheCity","TheBeyond"],"potions_floor_usage":[11,16,24,30,31,33,38,50,50,50,50,50],"damage_taken":[{"damage":1,"enemies":"Cultist","floor":1,"turns":3},{"damage":4,"enemies":"Jaw Worm","floor":2,"turns":5},{"damage":0,"enemies":"2 Louse","floor":4,"turns":2},{"damage":20,"enemies":"Gremlin Gang","floor":7,"turns":3},{"damage":5,"enemies":"Blue Slaver","floor":11,"turns":7},{"damage":22,"enemies":"Lagavulin","floor":14,"turns":5},{"damage":30,"enemies":"Hexaghost","floor":16,"turns":14},{"damage":8,"enemies":"Shell Parasite","floor":18,"turns":6},{"damage":12,"enemies":"Chosen","floor":19,"turns":5},{"damage":13,"enemies":"3 Cultists","floor":20,"turns":6},{"damage":12,"enemies":"Centurion and Healer","floor":24,"turns":5},{"damage":12,"enemies":"Snake Plant","floor":29,"turns":2},{"damage":17,"enemies":"Book of Stabbing","floor":30,"turns":3},{"damage":13,"enemies":"Snecko","floor":31,"turns":3},{"damage":115,"enemies":"Champ","floor":33,"turns":11},{"damage":1,"enemies":"3 Shapes","floor":35,"turns":4},{"damage":39,"enemies":"3 Darklings","floor":38,"turns":4},{"damage":24,"enemies":"Maw","floor":39,"turns":6},{"damage":6,"enemies":"4 Shapes","floor":42,"turns":3},{"damage":22,"enemies":"Transient","floor":44,"turns":5},{"damage":0,"enemies":"3 Darklings","floor":45,"turns":2},{"damage":81,"enemies":"Time Eater","floor":50,"turns":8}],"seed_played":"3567412439295251823","potions_obtained":[{"floor":10,"key":"EssenceOfSteel"},{"floor":10,"key":"BloodPotion"},{"floor":10,"key":"EntropicBrew"},{"floor":11,"key":"SkillPotion"},{"floor":20,"key":"FearPotion"},{"floor":24,"key":"BloodPotion"},{"floor":30,"key":"LiquidMemories"},{"floor":33,"key":"BloodPotion"},{"floor":35,"key":"EntropicBrew"},{"floor":38,"key":"LiquidBronze"}],"is_trial":false,"path_per_floor":["M","M","?","M","?","R","M","?","T","?","M","?","$","E","R","B",null,"M","M","M","?","T","R","M","R","T","R","$","M","E","M","R","B",null,"M","?","?","M","M","R","?","M","T","M","M","?","?","$","R","B",null],"character_chosen":"IRONCLAD","items_purchased":["Armaments","DollysMirror","Armaments","Vajra"],"campfire_rested":0,"item_purchase_floors":[13,28,48,48],"current_hp_per_floor":[77,79,84,90,70,70,56,31,31,31,47,47,47,43,43,35,108,110,104,97,97,97,97,115,115,115,115,115,109,101,98,98,29,126,130,130,140,135,120,120,120,120,120,104,110,110,110,110,110,47],"gold":562,"neow_bonus":"TWENTY_PERCENT_HP_BONUS","is_daily":false,"chose_seed":false,"campfire_upgraded":5,"win_rate":0.0,"timestamp":1609398242,"path_taken":["M","M","?","M","?","R","M","?","T","?","?","?","?","E","R","BOSS","M","M","?","?","?","R","M","R","T","R","$","M","E","?","R","BOSS","M","?","?","?","M","R","?","M","T","M","M","?","?","$","R","BOSS"],"items_purchased_type":["Card","Relic","Card","Relic"],"build_version":"2020-12-22","purchased_purges":1,"victory":true,"max_hp_per_floor":[96,96,101,101,101,101,101,101,101,101,104,104,104,104,104,108,108,112,112,112,112,112,112,115,115,115,115,115,115,118,122,122,126,126,130,130,140,140,143,143,143,143,143,143,143,143,143,143,143,143],"card_choices":[{"not_picked":["Headbutt","Ghostly Armor"],"picked":"Clothesline","floor":1},{"not_picked":["Clash","Searing Blow"],"picked":"Perfected Strike","floor":2},{"not_picked":["Pommel Strike","True Grit"],"picked":"Cleave","floor":4},{"not_picked":["Cleave","Iron Wave"],"picked":"Feed","floor":7},{"not_picked":["Inflame","Iron Wave"],"picked":"Pommel Strike","floor":11},{"not_picked":["Disarm","Warcry"],"picked":"Shrug It Off","floor":14},{"not_picked":["Corruption","Immolate"],"picked":"Impervious","floor":16},{"not_picked":["Clothesline"],"picked":"SKIP","floor":18},{"not_picked":[],"picked":"Wild Strike+1","floor":19},{"not_picked":[],"picked":"Iron Wave","floor":20},{"not_picked":["Headbutt"],"picked":"SKIP","floor":24},{"not_picked":["Inflame"],"picked":"SKIP","floor":29},{"not_picked":["Fiend Fire"],"picked":"SKIP","floor":30},{"not_picked":["Clothesline"],"picked":"SKIP","floor":31},{"not_picked":[],"picked":"Feed","floor":33},{"not_picked":[],"picked":"Wild Strike+1","floor":35},{"not_picked":["Anger+1"],"picked":"SKIP","floor":38},{"not_picked":[],"picked":"Perfected Strike+1","floor":39},{"not_picked":[],"picked":"Blood for Blood+1","floor":42},{"not_picked":["Corruption"],"picked":"SKIP","floor":44},{"not_picked":[],"picked":"Wild Strike","floor":45}],"player_experience":220607,"relics_obtained":[{"floor":9,"key":"Meat on the Bone"},{"floor":14,"key":"Peace Pipe"},{"floor":22,"key":"StrikeDummy"},{"floor":30,"key":"Happy Flower"},{"floor":43,"key":"Art of War"}],"event_choices":[{"damage_healed":0,"gold_gain":0,"player_choice":"Donut","damage_taken":0,"max_hp_gain":5,"max_hp_loss":0,"event_name":"Big Fish","floor":3,"gold_loss":0},{"damage_healed":0,"gold_gain":0,"player_choice":"Entered Light","damage_taken":20,"max_hp_gain":0,"max_hp_loss":0,"event_name":"Shining Light","floor":5,"gold_loss":0,"cards_upgraded":["Clothesline","Defend_R"]},{"damage_healed":0,"gold_gain":0,"player_choice":"Take Damage","damage_taken":25,"relics_obtained":["Golden Idol"],"max_hp_gain":0,"max_hp_loss":0,"event_name":"Golden Idol","floor":8,"gold_loss":0},{"damage_healed":0,"gold_gain":0,"player_choice":"Got Potions","damage_taken":0,"max_hp_gain":0,"max_hp_loss":0,"event_name":"Lab","floor":10,"gold_loss":0},{"cards_removed":["Strike_R"],"damage_healed":0,"gold_gain":0,"player_choice":"Card Removal","damage_taken":0,"max_hp_gain":0,"max_hp_loss":0,"event_name":"The Cleric","floor":12,"gold_loss":50},{"damage_healed":0,"gold_gain":0,"player_choice":"Inject Mutagens","damage_taken":0,"relics_obtained":["MutagenicStrength"],"max_hp_gain":0,"max_hp_loss":0,"event_name":"Drug Dealer","floor":21,"gold_loss":0},{"cards_removed":["Shrug It Off"],"damage_healed":0,"gold_gain":0,"player_choice":"Removed Skill","damage_taken":0,"max_hp_gain":0,"max_hp_loss":0,"event_name":"Falling","floor":36,"gold_loss":0},{"cards_removed":["Feed"],"damage_healed":0,"gold_gain":0,"player_choice":"Offered Rare","damage_taken":0,"max_hp_gain":10,"max_hp_loss":0,"event_name":"Bonfire Elementals","floor":37,"gold_loss":0},{"damage_healed":0,"gold_gain":0,"player_choice":"Ignored","damage_taken":0,"max_hp_gain":0,"max_hp_loss":0,"event_name":"Tomb of Lord Red Mask","floor":41,"gold_loss":0},{"damage_healed":0,"gold_gain":333,"player_choice":"Gave Idol","damage_taken":0,"max_hp_gain":0,"max_hp_loss":0,"event_name":"The Moai Head","floor":46,"relics_lost":["Golden Idol"],"gold_loss":0},{"damage_healed":0,"gold_gain":0,"player_choice":"Ignored","damage_taken":0,"max_hp_gain":0,"max_hp_loss":0,"event_name":"Transmorgrifier","floor":47,"gold_loss":0}],"is_beta":false,"boss_relics":[{"not_picked":["Tiny House","Cursed Key"],"picked":"Busted Crown"},{"not_picked":["Runic Dome","SlaversCollar"],"picked":"Snecko Eye"}],"items_purged_floors":[13],"is_endless":false,"potions_floor_spawned":[11,20,24,29,30,33,35,38],"ascension_level":4}}