{"host":"ow66nzv2xecjoor3","time":1609438741,"event":{"mods":["BaseMod","Bestiary","Block Reminder","Colored Powertips","Curses Come First","Highlight Path","Keyboard Shortcuts","Minty Spire (QoL Compilation)","Permanent Neow","Relic Stats","Robot Space Explorer","StSLib","UnlockEverythingMod"],"gold_per_floor":[119,137,155,170,95,122,122,142,168,168,168,168,193,210,210,309,309,324,234,247,261,9,44,44,77,89,101,131,143,173,202,214,323,335,365,391,414,438,460,506,518,545,557,569,599,621,666,21,21,21,21,21,21,55,55,55],"floor_reached":55,"playtime":3055,"items_purged":["RobotSpaceExplorer:Strike","RobotSpaceExplorer:Defend","Parasite"],"score":848,"play_id":"91b861c1-f557-4379-9fb8-5293363f25cb","local_time":"20201231121901","is_ascension_mode":false,"campfire_choices":[{"data":"RobotSpaceExplorer:PlasmaMissile","floor":7.0,"key":"SMITH"},{"data":"RobotSpaceExplorer:DroneSwarm","floor":12.0,"key":"SMITH"},{"data":"RobotSpaceExplorer:FrostMissile","floor":15.0,"key":"SMITH"},{"floor":27.0,"key":"REST"},{"data":"RobotSpaceExplorer:Explosion","floor":29.0,"key":"SMITH"},{"floor":32.0,"key":"REST"},{"data":"RobotSpaceExplorer:Autoloader","floor":44,"key":"SMITH"},{"floor":49,"key":"RECALL"},{"data":"RobotSpaceExplorer:Reload","floor":52,"key":"SMITH"}],"circlet_count":0,"master_deck":["RobotSpaceExplorer:Strike","RobotSpaceExplorer:Defend","RobotSpaceExplorer:Defend","RobotSpaceExplorer:Defend","RobotSpaceExplorer:Scan","RobotSpaceExplorer:MiniLasers+1","RobotSpaceExplorer:PlasmaMissile+1","RobotSpaceExplorer:FrostMissile+1","RobotSpaceExplorer:JunkDive","RobotSpaceExplorer:RigExplosive","RobotSpaceExplorer:DroneSwarm+1","RobotSpaceExplorer:Blitz","RobotSpaceExplorer:Autoloader+1","RobotSpaceExplorer:GearShield","RobotSpaceExplorer:GearShield+1","RobotSpaceExplorer:Explosion+1","RobotSpaceExplorer:Ammunition","RobotSpaceExplorer:SelfCleaning+1","RobotSpaceExplorer:TurboDodge+1","RobotSpaceExplorer:ShockMissile","RobotSpaceExplorer:PlasmaMissile","RobotSpaceExplorer:FrostMissile+1","RobotSpaceExplorer:DualCore","RobotSpaceExplorer:SlimeMissile+1","RobotSpaceExplorer:Arsenal","Madness","Madness","RobotSpaceExplorer:Reload+1","RobotSpaceExplorer:Explosion+1","RobotSpaceExplorer:DualCore","RobotSpaceExplorer:ExhaustFan"],"relics":["RobotSpaceExplorer:RoboCore","Lizard Tail","Vajra","Odd Mushroom","Bag of Marbles","Pen Nib","Philosopher\u0027s Stone","HandDrill","Blood Vial","MawBank","Runic Dome","Boot","RobotSpaceExplorer:ToughPlating","Nunchaku","DollysMirror","Pear","Centennial Puzzle"],"acts_visited":["Exordium","TheCity","TheBeyond","TheEnding"],"potions_floor_usage":[40,42,42,48,50,54,54,54],"damage_taken":[{"damage":0.0,"enemies":"Small Slimes","floor":1.0,"turns":3.0},{"damage":0.0,"enemies":"2 Louse","floor":2.0,"turns":2.0},{"damage":0.0,"enemies":"Cultist","floor":3.0,"turns":3.0},{"damage":13.0,"enemies":"Exordium Thugs","floor":4.0,"turns":6.0},{"damage":18.0,"enemies":"3 Sentries","floor":6.0,"turns":11.0},{"damage":0.0,"enemies":"The Mushroom Lair","floor":8.0,"turns":2.0},{"damage":0.0,"enemies":"Blue Slaver","floor":14.0,"turns":5.0},{"damage":0.0,"enemies":"Hexaghost","floor":16.0,"turns":9.0},{"damage":29.0,"enemies":"3 Byrds","floor":18.0,"turns":4.0},{"damage":3.0,"enemies":"Shell Parasite","floor":20.0,"turns":4.0},{"damage":0.0,"enemies":"3 Cultists","floor":21.0,"turns":3.0},{"damage":9.0,"enemies":"Gremlin Leader","floor":23.0,"turns":7.0},{"damage":27.0,"enemies":"Slavers","floor":25.0,"turns":4.0},{"damage":19.0,"enemies":"Snake Plant","floor":28.0,"turns":4.0},{"damage":9.0,"enemies":"Shelled Parasite and Fungi","floor":30.0,"turns":6.0},{"damage":3.0,"enemies":"3 Cultists","floor":31.0,"turns":4.0},{"damage":0.0,"enemies":"Champ","floor":33.0,"turns":10.0},{"damage":0.0,"enemies":"Orb Walker","floor":35.0,"turns":2.0},{"damage":6.0,"enemies":"3 Shapes","floor":36.0,"turns":4.0},{"damage":0.0,"enemies":"Maw","floor":37.0,"turns":7.0},{"damage":0.0,"enemies":"Transient","floor":38.0,"turns":5.0},{"damage":21.0,"enemies":"Sphere and 2 Shapes","floor":39.0,"turns":3.0},{"damage":28,"enemies":"Reptomancer","floor":40,"turns":5},{"damage":8,"enemies":"Jaw Worm Horde","floor":42,"turns":3},{"damage":14,"enemies":"Spire Growth","floor":45,"turns":5},{"damage":9,"enemies":"Writhing Mass","floor":46,"turns":3},{"damage":8,"enemies":"Giant Head","floor":47,"turns":7},{"damage":23,"enemies":"Awakened One","floor":50,"turns":10},{"damage":61,"enemies":"Shield and Spear","floor":54,"turns":5},{"damage":54,"enemies":"The Heart","floor":55,"turns":2}],"seed_played":"-6902554285310005260","potions_obtained":[{"floor":2.0,"key":"Energy Potion"},{"floor":3.0,"key":"SpeedPotion"},{"floor":8.0,"key":"Dexterity Potion"},{"floor":18.0,"key":"Weak Potion"},{"floor":20.0,"key":"AttackPotion"},{"floor":28.0,"key":"Ancient Potion"},{"floor":30.0,"key":"Strength Potion"},{"floor":31.0,"key":"SpeedPotion"},{"floor":37.0,"key":"SpeedPotion"},{"floor":38.0,"key":"SpeedPotion"},{"floor":40,"key":"Energy Potion"}],"is_trial":false,"path_per_floor":["M","M","M","M","$","E","R","?","T","?","?","R","T","M","R","B",null,"M","?","M","M","$","E","$","E","T","R","M","R","M","M","R","B",null,"M","M","M","M","M","E","?","M","T","R","M","M","E","$","R","B",null,"R","$","E","B"],"character_chosen":"RobotSpaceExplorer","items_purchased":["HandDrill","DollysMirror","RobotSpaceExplorer:DualCore","Fruit Juice","Pear"],"campfire_rested":2,"item_purchase_floors":[22,48,48,48,48],"current_hp_per_floor":[54,54,54,41,41,23,23,23,23,16,16,16,16,16,16,16,75,46,46,43,43,43,34,34,9,9,31,14,14,7,6,28,30,75,75,69,71,73,54,28,19,13,13,13,1,37,31,46,46,25,87,87,87,26,0,0],"gold":55,"neow_bonus":"ONE_RARE_RELIC","is_daily":false,"chose_seed":false,"campfire_upgraded":6,"win_rate":0.0,"timestamp":1609438741,"path_taken":["M","M","M","M","$","E","R","?","T","?","?","R","?","M","R","BOSS","M","?","M","M","$","E","?","E","T","R","M","R","M","M","R","BOSS","M","M","M","M","M","E","?","M","T","R","M","M","E","$","R","BOSS","R","$","E","BOSS"],"items_purchased_type":["Relic","Relic","Card","Potion","Relic"],"build_version":"2020-12-22","purchased_purges":3,"victory":false,"max_hp_per_floor":[75,75,75,75,75,75,75,75,75,75,75,75,75,75,75,75,75,75,75,75,75,75,75,75,75,75,75,75,75,75,75,75,75,75,75,75,75,75,75,75,75,75,75,75,75,75,75,87,87,87,87,87,87,87,87,87],"relic_stats":{"Blood Vial":30,"Lizard Tail":37,"Nunchaku":[6],"Centennial Puzzle":[3],"counters":[30,148],"Pen Nib":[30],"HandDrill":[54],"MawBank":276,"Boot":[25],"obtain_stats":[{"Pear":48,"Vajra":6,"RobotSpaceExplorer:RoboCore":0,"Pen Nib":13,"Odd Mushroom":8,"MawBank":25,"Boot":40,"Blood Vial":23,"Runic Dome":34,"Lizard Tail":0,"Nunchaku":47,"Centennial Puzzle":54,"DollysMirror":48,"RobotSpaceExplorer:ToughPlating":43,"Philosopher\u0027s Stone":17,"Bag of Marbles":9,"HandDrill":22},{"Pear":27,"Vajra":5,"RobotSpaceExplorer:RoboCore":0,"Pen Nib":6,"Odd Mushroom":6,"MawBank":13,"Boot":23,"Blood Vial":12,"Runic Dome":17,"Lizard Tail":0,"Nunchaku":27,"Centennial Puzzle":29,"DollysMirror":27,"RobotSpaceExplorer:ToughPlating":24,"Philosopher\u0027s Stone":8,"Bag of Marbles":6,"HandDrill":11},{"Pear":131,"Vajra":25,"RobotSpaceExplorer:RoboCore":0,"Pen Nib":27,"Odd Mushroom":27,"MawBank":63,"Boot":113,"Blood Vial":59,"Runic Dome":87,"Lizard Tail":0,"Nunchaku":131,"Centennial Puzzle":146,"DollysMirror":131,"RobotSpaceExplorer:ToughPlating":116,"Philosopher\u0027s Stone":41,"Bag of Marbles":27,"HandDrill":52}]},"card_choices":[{"not_picked":["RobotSpaceExplorer:MiniDrones","RobotSpaceExplorer:MetalStrike"],"picked":"RobotSpaceExplorer:PlasmaMissile","floor":1.0},{"not_picked":["RobotSpaceExplorer:MiniDrones","RobotSpaceExplorer:LaserBurst"],"picked":"RobotSpaceExplorer:FrostMissile","floor":2.0},{"not_picked":["RobotSpaceExplorer:SlimeMissile","RobotSpaceExplorer:ScrapMissile"],"picked":"RobotSpaceExplorer:JunkDive","floor":3.0},{"not_picked":["RobotSpaceExplorer:FranticSearch","RobotSpaceExplorer:ScrapMissile"],"picked":"RobotSpaceExplorer:RigExplosive","floor":4.0},{"not_picked":["RobotSpaceExplorer:StunGrenade","RobotSpaceExplorer:Smokescreen"],"picked":"RobotSpaceExplorer:DroneSwarm","floor":6.0},{"not_picked":["RobotSpaceExplorer:FrostMissile","RobotSpaceExplorer:Pulsar"],"picked":"RobotSpaceExplorer:Blitz","floor":8.0},{"not_picked":["RobotSpaceExplorer:RigExplosive","RobotSpaceExplorer:LaserBurst","RobotSpaceExplorer:FrostMissile"],"picked":"SKIP","floor":14.0},{"not_picked":["RobotSpaceExplorer:Exploration","RobotSpaceExplorer:DroneSwarm"],"picked":"RobotSpaceExplorer:Autoloader","floor":16.0},{"not_picked":["RobotSpaceExplorer:Probe","RobotSpaceExplorer:SurgingStrike"],"picked":"RobotSpaceExplorer:GearShield","floor":18.0},{"not_picked":["RobotSpaceExplorer:BigMissile","RobotSpaceExplorer:FreezingShield"],"picked":"RobotSpaceExplorer:GearShield+1","floor":20.0},{"not_picked":["RobotSpaceExplorer:ShockKick","RobotSpaceExplorer:PowerGlove","RobotSpaceExplorer:StarDust"],"picked":"SKIP","floor":21.0},{"not_picked":["RobotSpaceExplorer:FranticSearch","RobotSpaceExplorer:ShockKick"],"picked":"RobotSpaceExplorer:Explosion","floor":23.0},{"not_picked":["RobotSpaceExplorer:Discharger","RobotSpaceExplorer:MiniDrones"],"picked":"RobotSpaceExplorer:Ammunition","floor":25.0},{"not_picked":["RobotSpaceExplorer:StunGrenade","RobotSpaceExplorer:Pulsar","RobotSpaceExplorer:Probe"],"picked":"SKIP","floor":28.0},{"not_picked":["RobotSpaceExplorer:FrostMissile","RobotSpaceExplorer:MetalStrike"],"picked":"RobotSpaceExplorer:SelfCleaning+1","floor":30.0},{"not_picked":["RobotSpaceExplorer:PowerGlove","RobotSpaceExplorer:Ammunition"],"picked":"RobotSpaceExplorer:TurboDodge+1","floor":31.0},{"not_picked":["RobotSpaceExplorer:Wormhole","RobotSpaceExplorer:Explosion"],"picked":"RobotSpaceExplorer:ShockMissile","floor":33.0},{"not_picked":["RobotSpaceExplorer:Ammunition+1","RobotSpaceExplorer:SwiftStep+1"],"picked":"RobotSpaceExplorer:PlasmaMissile","floor":35.0},{"not_picked":["RobotSpaceExplorer:MiniDrones+1","RobotSpaceExplorer:Jetpack","RobotSpaceExplorer:Electroshield+1"],"picked":"SKIP","floor":36.0},{"not_picked":["RobotSpaceExplorer:StarDust+1","RobotSpaceExplorer:Probe"],"picked":"RobotSpaceExplorer:FrostMissile+1","floor":37.0},{"not_picked":["RobotSpaceExplorer:FrostMissile","RobotSpaceExplorer:Discharger"],"picked":"RobotSpaceExplorer:DualCore","floor":38.0},{"not_picked":["RobotSpaceExplorer:ScrapShield+1","RobotSpaceExplorer:MetalStrike"],"picked":"RobotSpaceExplorer:SlimeMissile+1","floor":39.0},{"not_picked":["RobotSpaceExplorer:ImprovisedAttack+1","RobotSpaceExplorer:FreezingShield+1"],"picked":"RobotSpaceExplorer:Arsenal","floor":40},{"not_picked":["RobotSpaceExplorer:FranticSearch","RobotSpaceExplorer:SurgingShield+1","RobotSpaceExplorer:MiniDrones"],"picked":"SKIP","floor":42},{"not_picked":["RobotSpaceExplorer:PowerCollector+1","RobotSpaceExplorer:StunGrenade+1","RobotSpaceExplorer:MiniDrones"],"picked":"SKIP","floor":45},{"not_picked":["RobotSpaceExplorer:LuckyStrike","RobotSpaceExplorer:MiniDrones"],"picked":"RobotSpaceExplorer:Reload","floor":46},{"not_picked":["RobotSpaceExplorer:StunGrenade","RobotSpaceExplorer:FranticSearch","RobotSpaceExplorer:FrostMissile"],"picked":"SKIP","floor":47},{"not_picked":["RobotSpaceExplorer:FranticSearch+1","RobotSpaceExplorer:MiniDrones"],"picked":"RobotSpaceExplorer:ExhaustFan","floor":54}],"player_experience":2681131,"relics_obtained":[{"floor":6.0,"key":"Vajra"},{"floor":8.0,"key":"Odd Mushroom"},{"floor":9.0,"key":"Bag of Marbles"},{"floor":13.0,"key":"Pen Nib"},{"floor":23.0,"key":"Blood Vial"},{"floor":25.0,"key":"MawBank"},{"floor":40,"key":"Boot"},{"floor":43,"key":"RobotSpaceExplorer:ToughPlating"},{"floor":47,"key":"Nunchaku"},{"floor":54,"key":"Centennial Puzzle"}],"event_choices":[{"damage_healed":0.0,"max_hp_gain":0.0,"max_hp_loss":0.0,"gold_gain":0.0,"event_name":"Mushrooms","player_choice":"Fought Mushrooms","floor":8.0,"gold_loss":0.0,"damage_taken":0.0},{"cards_removed":["RobotSpaceExplorer:Strike"],"damage_healed":0.0,"max_hp_gain":0.0,"max_hp_loss":0.0,"gold_gain":0.0,"event_name":"Golden Wing","player_choice":"Card Removal","floor":10.0,"gold_loss":0.0,"damage_taken":7.0},{"damage_healed":0.0,"max_hp_gain":0.0,"max_hp_loss":0.0,"gold_gain":0.0,"event_name":"Liars Game","player_choice":"Ignored","floor":11.0,"gold_loss":0.0,"damage_taken":0.0},{"cards_removed":["RobotSpaceExplorer:Strike"],"damage_healed":0.0,"max_hp_gain":0.0,"max_hp_loss":0.0,"gold_gain":0.0,"event_name":"Designer","player_choice":"Upgrade and Remove","floor":19.0,"gold_loss":90.0,"damage_taken":0.0,"cards_upgraded":["RobotSpaceExplorer:MiniLasers"]},{"damage_healed":0,"gold_gain":0,"player_choice":"Embrace Madness","damage_taken":9,"max_hp_gain":0,"max_hp_loss":0,"event_name":"Winding Halls","floor":41,"gold_loss":0,"cards_obtained":["Madness","Madness"]}],"is_beta":false,"boss_relics":[{"not_picked":["RobotSpaceExplorer:Reprocessor","Tiny House"],"picked":"Philosopher\u0027s Stone"},{"not_picked":["Velvet Choker","Pandora\u0027s Box"],"picked":"Runic Dome"}],"items_purged_floors":[5,22,48],"is_endless":false,"potions_floor_spawned":[2,3,8,18,20,28,30,31,37,38,40,47],"killed_by":"The Heart","ascension_level":0}}