{"host":"mvz90ilxx8epviq1","time":1609377197,"event":{"mods":["2.2 Compatiblity","Act Like it!","BaseMod","Better Note","Better Third Choice","Better Vampires","Clockwork Mod","Colored Map","Colored Powertips","Gensokyo","Hallownest","Hermit","Hubris","Marisa????????","Minty Spire (QoL Compilation)","Replay The Spire","Shop Mod","Spicy Shops","StSLib","The Alterego","The Bug Knight","The Construct","The Cursed","The Mystic","The Senshi","The Servant 0.9.4","The Wild Card","slay the spire mod where everything is the same but ironclad has a cowboy hat"],"gold_per_floor":[118,137,137,137,169,169,169],"floor_reached":6,"playtime":1000,"items_purged":[],"score":44,"play_id":"60c12c87-0c4a-44fb-a4ae-7fc328c5bdd8","local_time":"20201230201317","is_ascension_mode":false,"campfire_choices":[],"circlet_count":0,"master_deck":["Strike_MRS","Strike_MRS","Strike_MRS","Defend_MRS","Defend_MRS","Defend_MRS","Defend_MRS","MasterSpark","UpSweep","JA","StarlightTyphoon","FairyDestructionRay","UltimateShortwave","Clumsy","BlazingStar"],"relics":["MiniHakkero","Gensokyo:NagashiBinaDoll","Oddly Smooth Stone"],"acts_visited":["Gensokyo:Gensokyo"],"potions_floor_usage":[],"damage_taken":[{"damage":2,"enemies":"Gensokyo:3_Fairies","floor":1,"turns":3},{"damage":0,"enemies":"Gensokyo:Python","floor":2,"turns":2},{"damage":47,"enemies":"Gensokyo:Aya","floor":5,"turns":6},{"damage":36,"enemies":"Gensokyo:Cirno","floor":6,"turns":4}],"seed_played":"-6762918494290196046","potions_obtained":[],"is_trial":false,"path_per_floor":["M","M","?","?","?","E"],"character_chosen":"MARISA","items_purchased":[],"campfire_rested":0,"item_purchase_floors":[],"current_hp_per_floor":[73,73,73,73,26,0,0],"gold":169,"neow_bonus":"ONE_RANDOM_RARE_CARD","is_daily":false,"chose_seed":false,"campfire_upgraded":0,"win_rate":0.0,"timestamp":1609377197,"path_taken":["M","M","?","?","?","E"],"items_purchased_type":[],"build_version":"2020-12-22","purchased_purges":0,"victory":false,"max_hp_per_floor":[75,75,75,75,75,75,75],"card_choices":[{"not_picked":["DC","WitchLeyline"],"picked":"StarlightTyphoon","floor":1},{"not_picked":["GalacticHalo","MysteriousBeam"],"picked":"FairyDestructionRay","floor":2},{"not_picked":["DarkMatter","SprinkleStarSeal"],"picked":"BlazingStar","floor":5}],"player_experience":405518,"relics_obtained":[{"floor":5,"key":"Oddly Smooth Stone"}],"event_choices":[],"is_beta":false,"boss_relics":[],"items_purged_floors":[],"is_endless":false,"potions_floor_spawned":[],"killed_by":"Gensokyo:Cirno","ascension_level":0}}