{"host":"6i7jlcm7o9r8pzco","time":1609395421,"event":{"mods":["AchievementEnabler","BaseMod","Card Forge","Colored Powertips","Minty Spire (QoL Compilation)","Rare Cards Sparkle","StSLib"],"gold_per_floor":[114,164,164,21,40,98,98,148,148,210,230,246,246,293,293,395,395,439,439,538,581,581,581,637,637,685,725,760,806,226,289,289,388,388,407,452,452,452,507,536,584,604,604,616,657,687,747,792,804,816,828,840,253,282,282],"floor_reached":56,"playtime":2664,"items_purged":[],"score":2009,"play_id":"44885c11-2ddf-4014-8aa0-45f41aec949c","local_time":"20201231011701","is_ascension_mode":true,"campfire_choices":[{"floor":7,"key":"RECALL"},{"floor":15,"key":"REST"},{"floor":23,"key":"REST"},{"floor":25,"key":"REST"},{"floor":32,"key":"REST"},{"floor":49,"key":"REST"},{"floor":52,"key":"REST"}],"circlet_count":0,"master_deck":["Eruption+1","Brilliance+1","BattleHymn+1","Consecrate+1","Conclude+1","Devotion+1","DeceiveReality+1","Halt+1","FlurryOfBlows+1","Prostrate+1","Protect+1","Tantrum+1","Consecrate+1","DeceiveReality+1","Brilliance+1","Prostrate+1","Perseverance+1","Tantrum+1","TalkToTheHand+1","Wish+1","Consecrate+1","Brilliance+1","DeceiveReality+1","Consecrate+1","Halt+1","Tantrum+1","Halt+1","EmptyBody+1","EmptyFist+1","Halt+1","Judgement+1","Wish+1"],"relics":["Hammer of Thor","Seething Fire","Anvil of the Gods","TungstenRod","Vajra","Vajra","Vajra","Busted Crown","Bag of Marbles","Pen Nib","Shuriken","Thread and Needle","Thread and Needle","Sozu","Anchor","Gremlin Horn","Bottled Flame","Bottled Lightning","Bottled Tornado","FaceOfCleric","Melange","Lantern","Ornamental Fan","Sozu","Vajra","Bottled Lightning","TheAbacus","Anchor","Bottled Flame","PureWater","Eternal Feather","Pear","Pear","Pear","Oddly Smooth Stone","Oddly Smooth Stone","Oddly Smooth Stone","Philosopher\u0027s Stone","Singing Bowl","Matryoshka","CaptainsWheel","Ancient Tea Set","MawBank","Mercury Hourglass","PreservedInsect","Pen Nib","TungstenRod","Blood Vial","Orrery","Letter Opener"],"acts_visited":["Exordium","TheCity","TheBeyond","TheEnding"],"potions_floor_usage":[],"damage_taken":[{"damage":0,"enemies":"Cultist","floor":1,"turns":2},{"damage":0,"enemies":"Small Slimes","floor":2,"turns":2},{"damage":0,"enemies":"Jaw Worm","floor":5,"turns":1},{"damage":0,"enemies":"Lagavulin","floor":6,"turns":2},{"damage":0,"enemies":"2 Fungi Beasts","floor":8,"turns":2},{"damage":0,"enemies":"Gremlin Nob","floor":10,"turns":2},{"damage":0,"enemies":"Exordium Thugs","floor":11,"turns":3},{"damage":0,"enemies":"Looter","floor":12,"turns":2},{"damage":0,"enemies":"3 Louse","floor":14,"turns":2},{"damage":14,"enemies":"Hexaghost","floor":16,"turns":4},{"damage":0,"enemies":"2 Thieves","floor":18,"turns":3},{"damage":0,"enemies":"Shell Parasite","floor":21,"turns":2},{"damage":0,"enemies":"Book of Stabbing","floor":24,"turns":3},{"damage":0,"enemies":"3 Cultists","floor":27,"turns":3},{"damage":0,"enemies":"Slavers","floor":28,"turns":3},{"damage":0,"enemies":"Shelled Parasite and Fungi","floor":29,"turns":2},{"damage":0,"enemies":"Book of Stabbing","floor":31,"turns":2},{"damage":0,"enemies":"Automaton","floor":33,"turns":3},{"damage":0,"enemies":"3 Shapes","floor":35,"turns":1},{"damage":0,"enemies":"Orb Walker","floor":36,"turns":2},{"damage":0,"enemies":"2 Orb Walkers","floor":39,"turns":4},{"damage":0,"enemies":"Reptomancer","floor":40,"turns":2},{"damage":0,"enemies":"Maw","floor":41,"turns":3},{"damage":0,"enemies":"3 Darklings","floor":42,"turns":2},{"damage":0,"enemies":"Nemesis","floor":45,"turns":5},{"damage":0,"enemies":"Sphere and 2 Shapes","floor":46,"turns":2},{"damage":0,"enemies":"Spire Growth","floor":47,"turns":3},{"damage":0,"enemies":"Reptomancer","floor":48,"turns":2},{"damage":0,"enemies":"Donu and Deca","floor":50,"turns":5},{"damage":0,"enemies":"Shield and Spear","floor":54,"turns":2},{"damage":9,"enemies":"The Heart","floor":55,"turns":5}],"seed_played":"9044866935527273635","potions_obtained":[],"is_trial":false,"path_per_floor":["M","M","?","$","M","E","R","M","T","E","M","M","?","M","R","B",null,"M","?","?","M","?","R","E","R","T","M","E","M","$","E","R","B",null,"M","M","?","T","?","E","M","M","T","?","E","M","M","E","R","B",null,"R","$","E","B",null],"character_chosen":"WATCHER","items_purchased":["Melange","TheAbacus","Anchor","Tantrum","Bottled Flame","TungstenRod","Blood Vial","Orrery"],"campfire_rested":6,"item_purchase_floors":[4,30,30,30,30,53,53,53],"current_hp_per_floor":[79,79,79,79,80,81,81,82,82,83,84,85,85,86,86,73,87,88,83,83,84,68,94,95,95,95,96,97,98,98,99,129,130,130,133,136,136,136,139,142,145,148,148,148,151,154,157,160,160,161,161,161,169,172,164],"gold":282,"neow_bonus":"TEN_PERCENT_HP_BONUS","is_daily":false,"chose_seed":false,"campfire_upgraded":0,"win_rate":0.0,"timestamp":1609395421,"path_taken":["M","M","?","$","?","E","R","M","T","E","M","M","?","?","R","BOSS","M","?","?","M","?","R","E","R","T","M","E","M","$","E","R","BOSS","M","M","?","?","?","E","M","M","T","?","E","?","?","E","R","BOSS","R","$","E","BOSS"],"items_purchased_type":["Relic","Relic","Relic","Card","Relic","Relic","Relic","Relic"],"build_version":"2020-12-22","purchased_purges":0,"victory":true,"max_hp_per_floor":[79,79,79,79,80,81,81,82,82,83,84,85,85,86,86,87,87,88,88,88,89,94,94,95,95,95,96,97,98,98,99,129,130,130,133,136,136,136,139,142,145,148,148,148,151,154,157,160,160,161,161,161,169,172,173],"card_choices":[{"not_picked":["ThirdEye"],"picked":"SKIP","floor":1},{"not_picked":["ThirdEye"],"picked":"SKIP","floor":1},{"not_picked":["ThirdEye"],"picked":"SKIP","floor":1},{"not_picked":["ThirdEye"],"picked":"SKIP","floor":1},{"not_picked":["TalkToTheHand"],"picked":"SKIP","floor":2},{"not_picked":["Indignation"],"picked":"SKIP","floor":5},{"not_picked":["EmptyFist"],"picked":"SKIP","floor":6},{"not_picked":[],"picked":"Consecrate","floor":8},{"not_picked":["JustLucky"],"picked":"SKIP","floor":10},{"not_picked":[],"picked":"Halt","floor":11},{"not_picked":["SandsOfTime"],"picked":"SKIP","floor":12},{"not_picked":["WaveOfTheHand"],"picked":"SKIP","floor":14},{"not_picked":["BattleHymn+1"],"picked":"SKIP","floor":18},{"not_picked":["Prostrate"],"picked":"SKIP","floor":21},{"not_picked":["Evaluate"],"picked":"SKIP","floor":24},{"not_picked":["JustLucky"],"picked":"SKIP","floor":27},{"not_picked":["EmptyBody+1"],"picked":"SKIP","floor":28},{"not_picked":["Adaptation"],"picked":"SKIP","floor":29},{"not_picked":[],"picked":"Halt+1","floor":31},{"not_picked":["ReachHeaven"],"picked":"Singing Bowl","floor":35},{"not_picked":["Protect"],"picked":"Singing Bowl","floor":36},{"not_picked":["EmptyFist+1"],"picked":"Singing Bowl","floor":39},{"not_picked":["Evaluate+1"],"picked":"Singing Bowl","floor":40},{"not_picked":["Fasting2+1"],"picked":"Singing Bowl","floor":41},{"not_picked":["ReachHeaven"],"picked":"Singing Bowl","floor":42},{"not_picked":["LikeWater"],"picked":"Singing Bowl","floor":45},{"not_picked":["CutThroughFate+1"],"picked":"Singing Bowl","floor":46},{"not_picked":["WheelKick+1"],"picked":"Singing Bowl","floor":47},{"not_picked":["EmptyMind+1"],"picked":"Singing Bowl","floor":48},{"not_picked":["FearNoEvil+1"],"picked":"Singing Bowl","floor":53},{"not_picked":["FlyingSleeves"],"picked":"Singing Bowl","floor":53},{"not_picked":["FlyingSleeves"],"picked":"Singing Bowl","floor":53},{"not_picked":[],"picked":"Wish","floor":53},{"not_picked":["FollowUp"],"picked":"Singing Bowl","floor":53},{"not_picked":["ReachHeaven"],"picked":"Singing Bowl","floor":54}],"player_experience":21565,"relics_obtained":[{"floor":6,"key":"Lantern"},{"floor":10,"key":"Ornamental Fan"},{"floor":26,"key":"Vajra"},{"floor":28,"key":"Bottled Lightning"},{"floor":31,"key":"Eternal Feather"},{"floor":38,"key":"Matryoshka"},{"floor":39,"key":"CaptainsWheel"},{"floor":40,"key":"Ancient Tea Set"},{"floor":43,"key":"MawBank"},{"floor":43,"key":"Mercury Hourglass"},{"floor":45,"key":"PreservedInsect"},{"floor":48,"key":"Pen Nib"},{"floor":54,"key":"Letter Opener"}],"event_choices":[{"damage_healed":0,"gold_gain":0,"player_choice":"Trade","damage_taken":0,"relics_obtained":["FaceOfCleric"],"max_hp_gain":0,"max_hp_loss":0,"event_name":"FaceTrader","floor":3,"gold_loss":0},{"damage_healed":0,"gold_gain":0,"player_choice":"Bought 0 Potions","damage_taken":0,"max_hp_gain":0,"max_hp_loss":0,"event_name":"The Woman in Blue","floor":13,"gold_loss":0},{"damage_healed":0,"gold_gain":0,"player_choice":"Stopped","damage_taken":9,"max_hp_gain":0,"max_hp_loss":0,"event_name":"Cursed Tome","floor":19,"gold_loss":0},{"damage_healed":0,"gold_gain":99,"player_choice":"Stole From Cult","damage_taken":0,"max_hp_gain":0,"max_hp_loss":0,"event_name":"Nest","floor":20,"gold_loss":0},{"damage_healed":0,"gold_gain":0,"player_choice":"Shed Blood","damage_taken":22,"max_hp_gain":5,"max_hp_loss":0,"event_name":"Forgotten Altar","floor":22,"gold_loss":0},{"damage_healed":34,"gold_gain":0,"player_choice":"Writhe","damage_taken":0,"max_hp_gain":0,"max_hp_loss":0,"event_name":"Winding Halls","floor":37,"gold_loss":0,"cards_obtained":["Writhe"]},{"damage_healed":0,"gold_gain":0,"player_choice":"Fight","damage_taken":0,"max_hp_gain":0,"max_hp_loss":0,"event_name":"Mysterious Sphere","floor":39,"gold_loss":0},{"damage_healed":0,"gold_gain":0,"player_choice":"Ignored","damage_taken":0,"max_hp_gain":0,"max_hp_loss":0,"event_name":"Accursed Blacksmith","floor":44,"gold_loss":0}],"is_beta":false,"boss_relics":[{"not_picked":["Velvet Choker","Empty Cage"],"picked":"Sozu"},{"not_picked":["Runic Dome","SacredBark"],"picked":"Philosopher\u0027s Stone"}],"items_purged_floors":[],"is_endless":false,"potions_floor_spawned":[5,6,12,14,16,21,27,28,33,35,46,47,48,54],"ascension_level":3}}