{"host":"2se5dq1do2gp0x9k","time":1609449448,"event":{"mods":["BaseMod","Block Reminder","Colored Map","Colored Powertips","Minty Spire (QoL Compilation)","Relic Stats","StSLib","SuperFastMode","Synergy Search"],"gold_per_floor":[119,119,119,134,157,157,171,171,197,197,44,44,59,72,72,195,195,220,64,95,20,20,20,35,73,147,147,147],"floor_reached":27,"playtime":1485,"items_purged":["Defend_P"],"score":221,"play_id":"f56ae1a9-03e6-41a6-81ba-3bb9946feeda","local_time":"20201231131728","is_ascension_mode":false,"campfire_choices":[{"data":"Tantrum","floor":6,"key":"SMITH"},{"data":"Prostrate","floor":8,"key":"SMITH"},{"data":"Pray","floor":12,"key":"SMITH"},{"data":"Halt","floor":15,"key":"SMITH"},{"floor":23,"key":"REST"}],"circlet_count":0,"master_deck":["Defend_P","Defend_P","Defend_P","Vigilance","Tantrum+1","Brilliance","Prostrate+1","Sanctity","Halt","Pray+1","Tantrum","Halt+1","Devotion","EmptyBody","Adaptation","ClearTheMind","Prostrate","Sanctity+1"],"relics":["PureWater","NeowsBlessing","Golden Idol","Bronze Scales","Empty Cage","Red Mask","Dream Catcher","Mummified Hand"],"acts_visited":["Exordium","TheCity"],"potions_floor_usage":[20,25],"damage_taken":[{"damage":0,"enemies":"Small Slimes","floor":1,"turns":1},{"damage":0,"enemies":"2 Louse","floor":4,"turns":1},{"damage":0,"enemies":"Jaw Worm","floor":5,"turns":2},{"damage":0,"enemies":"Exordium Wildlife","floor":7,"turns":1},{"damage":0,"enemies":"3 Louse","floor":13,"turns":2},{"damage":0,"enemies":"Large Slime","floor":14,"turns":3},{"damage":42,"enemies":"Hexaghost","floor":16,"turns":6},{"damage":24,"enemies":"Chosen","floor":18,"turns":5},{"damage":22,"enemies":"Masked Bandits","floor":20,"turns":4},{"damage":5,"enemies":"Shell Parasite","floor":24,"turns":3},{"damage":29,"enemies":"Gremlin Leader","floor":25,"turns":5},{"damage":11,"enemies":"Snake Plant","floor":27,"turns":1}],"seed_played":"-3158865956503288117","potions_obtained":[{"floor":4,"key":"BottledMiracle"},{"floor":5,"key":"BottledMiracle"},{"floor":18,"key":"LiquidBronze"},{"floor":24,"key":"Explosive Potion"},{"floor":25,"key":"StancePotion"}],"is_trial":false,"path_per_floor":["M","?","?","M","M","R","M","R","T","?","$","R","M","M","R","B",null,"M","$","?","?","$","R","M","E","T","M"],"character_chosen":"WATCHER","items_purchased":["Pray","Tantrum","Adaptation","ClearTheMind"],"campfire_rested":1,"item_purchase_floors":[11,11,19,19],"current_hp_per_floor":[72,72,67,67,67,67,67,67,67,60,60,60,60,60,60,18,67,43,43,21,21,21,41,36,7,7,0,0],"gold":147,"neow_bonus":"THREE_ENEMY_KILL","is_daily":false,"chose_seed":false,"campfire_upgraded":4,"win_rate":0.0,"timestamp":1609449448,"path_taken":["M","?","?","M","M","R","M","R","T","?","?","R","M","M","R","BOSS","M","$","?","?","$","R","M","E","T","M"],"items_purchased_type":["Card","Card","Card","Card"],"build_version":"2020-12-22","purchased_purges":1,"victory":false,"max_hp_per_floor":[72,72,67,67,67,67,67,67,67,67,67,67,67,67,67,67,67,67,67,67,67,67,67,67,67,67,67,67],"relic_stats":{"Dream Catcher":0,"counters":[12,34],"Golden Idol":64,"Mummified Hand":[0],"Bronze Scales":[97],"obtain_stats":[{"Dream Catcher":25,"NeowsBlessing":0,"Golden Idol":3,"Mummified Hand":26,"Bronze Scales":9,"Red Mask":20,"PureWater":0,"Empty Cage":17},{"Dream Catcher":11,"NeowsBlessing":0,"Golden Idol":1,"Mummified Hand":11,"Bronze Scales":4,"Red Mask":9,"PureWater":0,"Empty Cage":7},{"Dream Catcher":33,"NeowsBlessing":0,"Golden Idol":1,"Mummified Hand":33,"Bronze Scales":5,"Red Mask":25,"PureWater":0,"Empty Cage":16}]},"card_choices":[{"not_picked":["FlyingSleeves","Consecrate"],"picked":"Tantrum","floor":1},{"not_picked":["JustLucky","BattleHymn"],"picked":"Prostrate","floor":4},{"not_picked":["ForeignInfluence","PathToVictory"],"picked":"Sanctity","floor":5},{"not_picked":["Consecrate","SandsOfTime"],"picked":"Halt","floor":7},{"not_picked":["FlurryOfBlows","BattleHymn","FollowUp"],"picked":"SKIP","floor":13},{"not_picked":["Evaluate","EmptyFist"],"picked":"Halt","floor":14},{"not_picked":["MasterReality","Ragnarok"],"picked":"Devotion","floor":16},{"not_picked":["SashWhip","Protect"],"picked":"EmptyBody","floor":18},{"not_picked":["BattleHymn","WaveOfTheHand+1"],"picked":"Prostrate","floor":20},{"not_picked":["Tantrum","Nirvana+1","Perseverance"],"picked":"SKIP","floor":24},{"not_picked":["Evaluate+1","FollowUp"],"picked":"Sanctity+1","floor":25}],"player_experience":3666958,"relics_obtained":[{"floor":9,"key":"Bronze Scales"},{"floor":20,"key":"Red Mask"},{"floor":25,"key":"Dream Catcher"},{"floor":26,"key":"Mummified Hand"}],"event_choices":[{"damage_healed":0,"gold_gain":0,"cards_transformed":["Strike_P"],"player_choice":"Change","damage_taken":0,"max_hp_gain":0,"max_hp_loss":0,"event_name":"Living Wall","floor":2,"gold_loss":0,"cards_obtained":["Brilliance"]},{"damage_healed":0,"gold_gain":0,"player_choice":"Lose Max HP","damage_taken":0,"relics_obtained":["Golden Idol"],"max_hp_gain":0,"max_hp_loss":5,"event_name":"Golden Idol","floor":3,"gold_loss":0},{"cards_removed":["Strike_P"],"damage_healed":0,"gold_gain":0,"player_choice":"Card Removal","damage_taken":7,"max_hp_gain":0,"max_hp_loss":0,"event_name":"Golden Wing","floor":10,"gold_loss":0},{"damage_healed":0,"gold_gain":0,"player_choice":"Fought Bandits","damage_taken":0,"max_hp_gain":0,"max_hp_loss":0,"event_name":"Masked Bandits","floor":20,"gold_loss":0},{"cards_removed":["Eruption"],"damage_healed":0,"gold_gain":0,"player_choice":"Gave Gold","damage_taken":0,"max_hp_gain":0,"max_hp_loss":0,"event_name":"Beggar","floor":21,"gold_loss":75}],"is_beta":false,"boss_relics":[{"not_picked":["SacredBark","Astrolabe"],"picked":"Empty Cage"}],"items_purged_floors":[19],"is_endless":false,"potions_floor_spawned":[4,5,18,24,25],"killed_by":"Snake Plant","ascension_level":0}}