{"host":"l9d4bclu8pwa3q15","time":1609405273,"event":{"mods":["Act Like it!","BaseMod","Better Altar","Better Match","Better Note","Better Sensory Stone","Better Skull","BetterRewards","Colored Map","Colored Powertips","Downfall","Emptier Cage","Gensokyo","GifTheSpireLib","Keyboard Shortcuts","Koishi","KomeijiMod","Lobotomy","LobotomyExtend","Minty Spire (QoL Compilation)","Quick Restart","Rare Cards Sparkle","Relic Sorter","Remilia_Scarlet Moed（蕾米莉亚・斯卡雷特）3.3.5","Replay The Spire","Spicy Shops","StSLib","The Alterego","UnlockEverythingMod","Waifu the Spire","WarShipGirlsR/战舰少女R mod","Yakumo Yukari mod","Youmu（魂魄妖梦）","Yuyuko"],"gold_per_floor":[99,116,176,451,465,465,465,465],"floor_reached":6,"playtime":353,"items_purged":[],"score":36,"play_id":"61052f3c-15fd-4579-8916-f356ef57f268","local_time":"20201231170113","is_ascension_mode":true,"campfire_choices":[{"floor":1,"key":"RECALL"}],"circlet_count":0,"master_deck":["Slimebound:Strike_Slimebound","Slimebound:Strike_Slimebound","Slimebound:Strike_Slimebound","Slimebound:Tackle","Slimebound:Defend_Slimebound","Slimebound:Defend_Slimebound","Slimebound:Defend_Slimebound","Slimebound:Defend_Slimebound","Slimebound:Split","Slimebound:CorrosiveSpit","Slimebound:ProtectTheBoss","Slimebound:SlimeTap","Regret","Slimebound:SplitSpecialist"],"relics":["Slimebound:AbsorbEndCombat","LetterFromLob","Slimebound:AggressiveSlimeRelic"],"acts_visited":["Exordium"],"potions_floor_usage":[6],"damage_taken":[{"damage":7,"enemies":"2 Louse","floor":2,"turns":2},{"damage":32,"enemies":"Gremlin Nob","floor":3,"turns":4},{"damage":12,"enemies":"Small Slimes","floor":5,"turns":3},{"damage":59,"enemies":"3 Sentries","floor":6,"turns":7}],"seed_played":"2019644244357616891","potions_obtained":[{"floor":2,"key":"Energy Potion"}],"is_trial":false,"path_per_floor":["R","M","?","?","M","E"],"character_chosen":"SLIMEBOUND","items_purchased":[],"campfire_rested":0,"item_purchase_floors":[],"current_hp_per_floor":[66,66,49,49,49,0,0,0],"gold":465,"neow_bonus":"TEN_PERCENT_HP_BONUS","is_daily":false,"chose_seed":false,"campfire_upgraded":0,"win_rate":0.0,"timestamp":1609405273,"path_taken":["R","M","?","?","?","E"],"items_purchased_type":[],"build_version":"2020-12-22","purchased_purges":0,"victory":false,"max_hp_per_floor":[66,66,66,66,66,66,66,66],"card_choices":[{"not_picked":["Slimebound:LeechingTouch","Slimebound:SlimeSpikes"],"picked":"Slimebound:ProtectTheBoss","floor":2},{"not_picked":["Slimebound:LivingWall","Slimebound:RollThrough"],"picked":"Slimebound:SlimeTap","floor":3},{"not_picked":["Slimebound:Chomp","Slimebound:Grow"],"picked":"Slimebound:SplitSpecialist","floor":5}],"player_experience":95081,"relics_obtained":[{"floor":2,"key":"LetterFromLob"}],"event_choices":[],"is_beta":false,"boss_relics":[],"items_purged_floors":[],"is_endless":false,"potions_floor_spawned":[2],"killed_by":"3 Sentries","ascension_level":1}}