{"host":"ru8pwgfzwiehflg6","time":1609452817,"event":{"mods":["BaseMod","Friendly Minions","Koishi","Marisa????????","Minty Spire (QoL Compilation)","Prisma Mod","Reimu??????","StSLib","The Administrix","The Servant 0.9.4","Yohane!","Yuri Mod"],"gold_per_floor":[115,115,128,144,144,213,213,238,238,255,255,13,31,42,42,145,145,156,175,175,201,201,201,151,151,202,202,221,236,255,273,273,273,273],"floor_reached":33,"playtime":2248,"items_purged":[],"score":324,"play_id":"5a8d5b74-2471-4b10-aa64-29cdbccae52e","local_time":"20201231161337","is_ascension_mode":true,"campfire_choices":[{"data":"AdministrixMod:HiddenPower","floor":7,"key":"SMITH"},{"floor":11,"key":"REST"},{"data":"AdministrixMod:SyncreticPlunge","floor":15,"key":"SMITH"},{"data":"AdministrixMod:CastOffRegrets","floor":23,"key":"SMITH"},{"floor":25,"key":"REST"},{"data":"AdministrixMod:PassageOfAges","floor":27,"key":"SMITH"},{"floor":32,"key":"REST"}],"circlet_count":0,"master_deck":["AdministrixMod:Strike_Administrix","AdministrixMod:Strike_Administrix","AdministrixMod:Strike_Administrix","AdministrixMod:Strike_Administrix","AdministrixMod:RedCloak","AdministrixMod:Defend_Administrix","AdministrixMod:Defend_Administrix","AdministrixMod:Defend_Administrix","AdministrixMod:Defend_Administrix","AdministrixMod:BlueCloak","AdministrixMod:HiddenPower+1","AdministrixMod:SyncreticPlunge+1","AdministrixMod:PassageOfAges","AdministrixMod:RisingSunPrince","AdministrixMod:NoblePath","AdministrixMod:NoblePath","AdministrixMod:CosmosControl+1","AdministrixMod:PassageOfAges+1","AdministrixMod:FuneraryRites+1","AdministrixMod:CastOffRegrets+1","AdministrixMod:PassageOfAges","AdministrixMod:ShadowPlay"],"relics":["AdministrixMod:ConductorRitualBaton","NeowsBlessing","Toxic Egg 2","AdministrixMod:GoldenChickadee","CrazyTorch:ReiMu","PureWhite:ReiMu","Matryoshka","Black Star","Red Mask","Shuriken","Smiling Mask"],"acts_visited":["Exordium","TheCity"],"potions_floor_usage":[8,21,21,29,31],"damage_taken":[{"damage":0,"enemies":"2 Louse","floor":1,"turns":1},{"damage":0,"enemies":"Cultist","floor":3,"turns":1},{"damage":0,"enemies":"Jaw Worm","floor":4,"turns":1},{"damage":33,"enemies":"Lagavulin","floor":6,"turns":10},{"damage":22,"enemies":"Gremlin Nob","floor":8,"turns":4},{"damage":0,"enemies":"Exordium Thugs","floor":10,"turns":3},{"damage":2,"enemies":"Blue Slaver","floor":13,"turns":3},{"damage":3,"enemies":"2 Fungi Beasts","floor":14,"turns":3},{"damage":0,"enemies":"Slime Boss","floor":16,"turns":5},{"damage":10,"enemies":"3 Byrds","floor":18,"turns":3},{"damage":0,"enemies":"Chosen","floor":19,"turns":4},{"damage":43,"enemies":"Masked Bandits","floor":21,"turns":6},{"damage":13,"enemies":"Sentry and Sphere","floor":28,"turns":4},{"damage":6,"enemies":"Snecko","floor":29,"turns":4},{"damage":4,"enemies":"Centurion and Healer","floor":30,"turns":4},{"damage":5,"enemies":"Snake Plant","floor":31,"turns":4},{"damage":28,"enemies":"Automaton","floor":33,"turns":6}],"seed_played":"-5555202524630234097","potions_obtained":[{"floor":1,"key":"LiquidBronze"},{"floor":10,"key":"SkillPotion"},{"floor":13,"key":"Block Potion"},{"floor":14,"key":"GamblersBrew"},{"floor":16,"key":"BlessingOfTheForge"},{"floor":21,"key":"Ancient Potion"},{"floor":28,"key":"Weak Potion"}],"is_trial":false,"path_per_floor":["M","?","M","M","T","E","R","E","T","M","R","$","M","M","R","B",null,"M","M","?","?","?","R","?","R","T","R","M","M","M","M","R","B"],"character_chosen":"TheAdministrix","items_purchased":["Matryoshka"],"campfire_rested":3,"item_purchase_floors":[12],"current_hp_per_floor":[65,65,65,65,65,32,32,10,10,10,29,29,27,24,24,24,65,55,55,55,12,12,12,12,31,31,31,18,12,8,3,22,0,0],"gold":273,"neow_bonus":"THREE_ENEMY_KILL","is_daily":false,"chose_seed":false,"campfire_upgraded":4,"win_rate":0.0,"timestamp":1609452817,"path_taken":["M","?","?","M","?","E","R","E","T","M","R","?","M","M","R","BOSS","M","M","?","?","?","R","?","R","T","R","M","M","?","M","R","BOSS"],"items_purchased_type":["Relic"],"build_version":"2020-12-22","purchased_purges":0,"victory":false,"max_hp_per_floor":[65,65,65,65,65,65,65,65,65,65,65,65,65,65,65,65,65,65,65,65,65,65,65,65,65,65,65,65,65,65,65,65,65,65],"card_choices":[{"not_picked":["AdministrixMod:RisingSunPrince","AdministrixMod:CrackingPangu"],"picked":"AdministrixMod:HiddenPower","floor":1},{"not_picked":["AdministrixMod:Transcension","AdministrixMod:BishamonBlessing"],"picked":"AdministrixMod:SyncreticPlunge","floor":3},{"not_picked":["AdministrixMod:JustRewards","AdministrixMod:QuietConspiracy"],"picked":"AdministrixMod:PassageOfAges","floor":4},{"not_picked":["AdministrixMod:Transition+1","AdministrixMod:WickedPunishment"],"picked":"AdministrixMod:RisingSunPrince","floor":6},{"not_picked":["AdministrixMod:BegetEternity","AdministrixMod:ImmortalPurity+1"],"picked":"AdministrixMod:NoblePath","floor":8},{"not_picked":["AdministrixMod:Transcension+1","AdministrixMod:SyncreticSurge+1","AdministrixMod:RebukeDesires"],"picked":"SKIP","floor":10},{"not_picked":["AdministrixMod:RegentEdict","AdministrixMod:ImmortalGrace","AdministrixMod:QuietConspiracy+1"],"picked":"SKIP","floor":13},{"not_picked":["AdministrixMod:RisingSunPrince","AdministrixMod:TouchOfCinnabar+1"],"picked":"AdministrixMod:NoblePath","floor":14},{"not_picked":["AdministrixMod:FalseDeath+1","AdministrixMod:DeathByGlamour"],"picked":"AdministrixMod:CosmosControl+1","floor":16},{"not_picked":["AdministrixMod:SyncreticPlunge+1","AdministrixMod:LightOfYourLife+1"],"picked":"AdministrixMod:PassageOfAges","floor":18},{"not_picked":["AdministrixMod:BloodlessSapphire+1","AdministrixMod:NewWardrobe"],"picked":"AdministrixMod:FuneraryRites+1","floor":19},{"not_picked":["AdministrixMod:ShadowPlay","AdministrixMod:PlateOfAntiquity"],"picked":"AdministrixMod:CastOffRegrets","floor":21},{"not_picked":["AdministrixMod:ImmortalGrace","AdministrixMod:CrackingPangu+1","AdministrixMod:BloodBargain+1"],"picked":"SKIP","floor":28},{"not_picked":["AdministrixMod:RegentEdict","AdministrixMod:Transition+1","AdministrixMod:JustRewards+1"],"picked":"SKIP","floor":29},{"not_picked":["AdministrixMod:UnstableVigor","AdministrixMod:BishamonBlessing+1"],"picked":"AdministrixMod:PassageOfAges","floor":30},{"not_picked":["AdministrixMod:Convergence","AdministrixMod:Transition+1"],"picked":"AdministrixMod:ShadowPlay","floor":31}],"player_experience":579430,"relics_obtained":[{"floor":5,"key":"Toxic Egg 2"},{"floor":6,"key":"AdministrixMod:GoldenChickadee"},{"floor":8,"key":"CrazyTorch:ReiMu"},{"floor":9,"key":"PureWhite:ReiMu"},{"floor":21,"key":"Red Mask"},{"floor":26,"key":"Shuriken"},{"floor":26,"key":"Smiling Mask"}],"event_choices":[{"damage_healed":0,"gold_gain":0,"player_choice":"Bought 0 Potions","damage_taken":0,"max_hp_gain":0,"max_hp_loss":0,"event_name":"The Woman in Blue","floor":2,"gold_loss":0},{"damage_healed":0,"gold_gain":0,"player_choice":"Ignored","damage_taken":0,"max_hp_gain":0,"max_hp_loss":0,"event_name":"Vampires","floor":20,"gold_loss":0},{"damage_healed":0,"gold_gain":0,"player_choice":"Fought Bandits","damage_taken":0,"max_hp_gain":0,"max_hp_loss":0,"event_name":"Masked Bandits","floor":21,"gold_loss":0},{"damage_healed":0,"gold_gain":0,"player_choice":"Ignored","damage_taken":0,"max_hp_gain":0,"max_hp_loss":0,"event_name":"Cursed Tome","floor":22,"gold_loss":0},{"damage_healed":0,"gold_gain":0,"player_choice":"Bet on Murderer","damage_taken":0,"max_hp_gain":0,"max_hp_loss":0,"event_name":"The Joust","floor":24,"gold_loss":50}],"is_beta":false,"boss_relics":[{"not_picked":["Fusion Hammer","Velvet Choker"],"picked":"Black Star"}],"items_purged_floors":[],"is_endless":false,"potions_floor_spawned":[1,10,13,14,16,21,28],"killed_by":"Automaton","ascension_level":1}}