{"host":"rmsq46plbpwfbxcc","time":1609415983,"event":{"mods":["AchievementEnabler","BaseMod","Colored Map","Colored Powertips","DeckTracker","KOR Keyword Fix","Minty Spire (QoL Compilation)","Permanent Neow","Quick Restart","SuperFastMode"],"gold_per_floor":[113,126,43,43,56,83,83,94,94,94,110,110,125,50,50,50,50],"floor_reached":16,"playtime":419,"items_purged":[],"score":204,"play_id":"6eca7517-f54f-4f84-b368-9e00f9692542","local_time":"20201231205943","is_ascension_mode":true,"campfire_choices":[{"data":"Cloak And Dagger","floor":7,"key":"SMITH"},{"data":"Finisher","floor":10,"key":"SMITH"},{"data":"Neutralize","floor":12,"key":"SMITH"},{"data":"Endless Agony","floor":15,"key":"SMITH"}],"circlet_count":0,"master_deck":["AscendersBane","Strike_G","Strike_G","Strike_G","Strike_G","Defend_G","Defend_G","Defend_G","Defend_G","Survivor","Neutralize+1","PiercingWail","Finisher+1","Endless Agony+1","Doppelganger","Cloak And Dagger+1","Backflip"],"relics":["WristBlade","Letter Opener","InkBottle"],"acts_visited":["Exordium"],"potions_floor_usage":[6,16],"damage_taken":[{"damage":6.0,"enemies":"Cultist","floor":1.0,"turns":4.0},{"damage":5.0,"enemies":"2 Louse","floor":2.0,"turns":5.0},{"damage":5.0,"enemies":"Small Slimes","floor":5.0,"turns":5.0},{"damage":7,"enemies":"3 Sentries","floor":6,"turns":6},{"damage":11,"enemies":"Exordium Wildlife","floor":8,"turns":2},{"damage":1,"enemies":"2 Fungi Beasts","floor":11,"turns":3},{"damage":0,"enemies":"Exordium Thugs","floor":13,"turns":3},{"damage":29,"enemies":"Hexaghost","floor":16,"turns":9}],"seed_played":"9187380963341980989","potions_obtained":[{"floor":5.0,"key":"PowerPotion"},{"floor":8,"key":"Strength Potion"},{"floor":13,"key":"Energy Potion"}],"is_trial":false,"path_per_floor":["M","M","$","?","M","E","R","M","T","R","M","R","M","?","R","B"],"character_chosen":"THE_SILENT","items_purchased":["Endless Agony"],"campfire_rested":0,"item_purchase_floors":[3],"current_hp_per_floor":[53,48,48,48,43,36,36,25,25,25,24,24,24,24,24,0,0],"gold":50,"neow_bonus":"BOSS_RELIC","is_daily":false,"chose_seed":false,"campfire_upgraded":4,"win_rate":0.0,"timestamp":1609415983,"path_taken":["M","M","?","?","M","E","R","M","T","R","M","R","?","?","R","BOSS"],"items_purchased_type":["Card"],"build_version":"2020-12-22","purchased_purges":0,"victory":false,"max_hp_per_floor":[66,66,66,66,66,66,66,66,66,66,66,66,66,66,66,66,66],"card_choices":[{"not_picked":["Prepared","Sucker Punch"],"picked":"PiercingWail","floor":1.0},{"not_picked":["Dash","Dagger Spray"],"picked":"Finisher","floor":2.0},{"not_picked":["Dodge and Roll","Prepared"],"picked":"Cloak And Dagger","floor":5.0},{"not_picked":["Distraction","Poisoned Stab","Flying Knee"],"picked":"SKIP","floor":6},{"not_picked":["Dodge and Roll","Calculated Gamble","Noxious Fumes"],"picked":"SKIP","floor":8},{"not_picked":["Leg Sweep","Well Laid Plans"],"picked":"Backflip","floor":11},{"not_picked":["Doppelganger","Outmaneuver","Dagger Spray"],"picked":"SKIP","floor":13}],"player_experience":1420343,"relics_obtained":[{"floor":6,"key":"Letter Opener"},{"floor":9,"key":"InkBottle"}],"event_choices":[{"damage_healed":0.0,"max_hp_gain":0.0,"max_hp_loss":0.0,"gold_gain":0.0,"cards_transformed":["Strike_G"],"event_name":"Transmorgrifier","player_choice":"Transformed","floor":4.0,"gold_loss":0.0,"damage_taken":0.0,"cards_obtained":["Doppelganger"]},{"cards_removed":["Defend_G"],"damage_healed":0,"gold_gain":0,"player_choice":"Card Removal","damage_taken":0,"max_hp_gain":0,"max_hp_loss":0,"event_name":"The Cleric","floor":14,"gold_loss":75}],"is_beta":false,"boss_relics":[],"items_purged_floors":[],"is_endless":false,"potions_floor_spawned":[5,8,13],"killed_by":"Hexaghost","ascension_level":20}}