{"host":"Zion","time":1609374128,"event":{"mods":["AchievementEnabler","BaseMod","Colored Map","DeckTracker","Minty Spire (QoL Compilation)","Quick Restart","Rare Cards Sparkle"],"gold_per_floor":[115,115,133,58,58,90,90,116,116,133,153,153,153,171,171,171,171],"floor_reached":16,"playtime":523,"items_purged":["Strike_R"],"score":176,"play_id":"2e330f4e-bf84-44c3-9de7-676e7dac44d7","local_time":"20201231092208","is_ascension_mode":true,"campfire_choices":[{"data":"Bash","floor":7.0,"key":"SMITH"},{"data":"Feed","floor":13.0,"key":"SMITH"},{"data":"Inflame","floor":15.0,"key":"SMITH"}],"circlet_count":0,"master_deck":["Strike_R","Strike_R","Defend_R","Defend_R","Defend_R","Defend_R","Bash+1","Feed+1","Inflame+1"],"relics":["Burning Blood","NeowsBlessing","InkBottle","Pantograph","Meat on the Bone","Golden Idol"],"acts_visited":["Exordium"],"potions_floor_usage":[16,16],"damage_taken":[{"damage":0.0,"enemies":"Cultist","floor":1.0,"turns":1.0},{"damage":0.0,"enemies":"Small Slimes","floor":3.0,"turns":1.0},{"damage":0.0,"enemies":"3 Sentries","floor":6.0,"turns":2.0},{"damage":40.0,"enemies":"Lagavulin","floor":8.0,"turns":8.0},{"damage":0.0,"enemies":"2 Louse","floor":10.0,"turns":3.0},{"damage":42.0,"enemies":"Exordium Thugs","floor":11.0,"turns":9.0},{"damage":7.0,"enemies":"3 Louse","floor":14.0,"turns":3.0},{"damage":53,"enemies":"Hexaghost","floor":16,"turns":9}],"seed_played":"6664364257559641888","potions_obtained":[{"floor":3.0,"key":"AttackPotion"},{"floor":6.0,"key":"ColorlessPotion"},{"floor":14.0,"key":"Dexterity Potion"}],"is_trial":false,"path_per_floor":["M","?","M","$","?","E","R","E","T","M","M","?","R","M","R","B"],"character_chosen":"IRONCLAD","items_purchased":[],"campfire_rested":0,"item_purchase_floors":[],"current_hp_per_floor":[78,78,80,80,73,79,79,45,45,54,33,12,12,27,27,0,0],"gold":171,"neow_bonus":"THREE_ENEMY_KILL","is_daily":false,"chose_seed":false,"campfire_upgraded":3,"win_rate":0.0,"timestamp":1609374128,"path_taken":["M","?","?","$","?","E","R","E","T","M","M","?","R","M","R","BOSS"],"items_purchased_type":[],"build_version":"2020-12-18","purchased_purges":1,"victory":false,"max_hp_per_floor":[80,80,80,80,80,80,80,80,80,83,86,86,86,90,90,90,90],"card_choices":[{"not_picked":["Armaments","Feel No Pain","Flex"],"picked":"SKIP","floor":1.0},{"not_picked":["Heavy Blade","Anger","Power Through"],"picked":"SKIP","floor":3.0},{"not_picked":["True Grit","Thunderclap","Perfected Strike"],"picked":"SKIP","floor":6.0},{"not_picked":["Clash","Evolve"],"picked":"Feed","floor":8.0},{"not_picked":["Sever Soul","True Grit"],"picked":"Inflame","floor":10.0},{"not_picked":["Iron Wave","Body Slam","Infernal Blade"],"picked":"SKIP","floor":11.0},{"not_picked":["Seeing Red","Dark Embrace","Bloodletting"],"picked":"SKIP","floor":14.0}],"player_experience":197947,"relics_obtained":[{"floor":6.0,"key":"InkBottle"},{"floor":8.0,"key":"Pantograph"},{"floor":9.0,"key":"Meat on the Bone"}],"event_choices":[{"cards_removed":["Strike_R"],"damage_healed":0.0,"max_hp_gain":0.0,"max_hp_loss":0.0,"gold_gain":0.0,"event_name":"Wheel of Change","player_choice":"Card Removal","floor":2.0,"gold_loss":0.0,"damage_taken":0.0},{"cards_removed":["Strike_R"],"damage_healed":0.0,"max_hp_gain":0.0,"max_hp_loss":0.0,"gold_gain":0.0,"event_name":"Golden Wing","player_choice":"Card Removal","floor":5.0,"gold_loss":0.0,"damage_taken":7.0},{"damage_healed":0.0,"max_hp_gain":0.0,"max_hp_loss":0.0,"gold_gain":0.0,"event_name":"Golden Idol","player_choice":"Take Damage","floor":12.0,"gold_loss":0.0,"damage_taken":21.0,"relics_obtained":["Golden Idol"]}],"is_beta":true,"boss_relics":[],"items_purged_floors":[4],"is_endless":false,"potions_floor_spawned":[3,6,14],"killed_by":"Hexaghost","ascension_level":6}}