{"host":"rmsq46plbpwfbxcc","time":1609376979,"event":{"mods":["AchievementEnabler","BaseMod","Colored Map","Colored Powertips","DeckTracker","KOR Keyword Fix","Minty Spire (QoL Compilation)","Permanent Neow","SuperFastMode"],"gold_per_floor":[118,135,60,76,76,76,110,110,158,158,158],"floor_reached":10,"playtime":278,"items_purged":[],"score":129,"play_id":"0ca200fc-941f-4b90-8d4f-68023bffa3a5","local_time":"20201231100939","is_ascension_mode":true,"campfire_choices":[{"data":"Neutralize","floor":6,"key":"SMITH"},{"floor":8,"key":"REST"}],"circlet_count":0,"master_deck":["AscendersBane","Strike_G+1","Strike_G","Strike_G+1","Defend_G","Defend_G","Defend_G","Survivor","Neutralize+1","Underhanded Strike+1","Venomology+1","Adrenaline+1","Blur","PiercingWail","Envenom"],"relics":["Astrolabe","Whetstone","Juzu Bracelet"],"acts_visited":["Exordium"],"potions_floor_usage":[2,4,7,7,10,10],"damage_taken":[{"damage":1,"enemies":"2 Louse","floor":1,"turns":2},{"damage":1,"enemies":"Small Slimes","floor":2,"turns":5},{"damage":0,"enemies":"Jaw Worm","floor":4,"turns":2},{"damage":39,"enemies":"Lagavulin","floor":7,"turns":11},{"damage":21,"enemies":"Gremlin Nob","floor":10,"turns":4}],"seed_played":"8954004227832948512","potions_obtained":[{"floor":1,"key":"Weak Potion"}],"is_trial":false,"path_per_floor":["M","M","?","M","?","R","E","R","T","E"],"character_chosen":"THE_SILENT","items_purchased":[],"campfire_rested":1,"item_purchase_floors":[],"current_hp_per_floor":[58,57,57,57,57,57,18,37,37,16,16],"gold":158,"neow_bonus":"BOSS_RELIC","is_daily":false,"chose_seed":false,"campfire_upgraded":1,"win_rate":0.0,"timestamp":1609376979,"path_taken":["M","M","?","M","?","R","E","R","T","E"],"items_purchased_type":[],"build_version":"2020-12-22","purchased_purges":0,"victory":false,"max_hp_per_floor":[66,66,66,66,66,66,66,66,66,66,66],"card_choices":[{"not_picked":["Reflex","Backflip"],"picked":"Blur","floor":1},{"not_picked":["Outmaneuver","Calculated Gamble","Eviscerate"],"picked":"SKIP","floor":2},{"not_picked":["Outmaneuver","Masterful Stab"],"picked":"PiercingWail","floor":4},{"not_picked":["PiercingWail","Sucker Punch"],"picked":"Envenom","floor":7}],"player_experience":1411406,"relics_obtained":[{"floor":7,"key":"Whetstone"},{"floor":9,"key":"Juzu Bracelet"}],"event_choices":[{"cards_removed":["Defend_G"],"damage_healed":0,"gold_gain":0,"player_choice":"Card Removal","damage_taken":0,"max_hp_gain":0,"max_hp_loss":0,"event_name":"The Cleric","floor":3,"gold_loss":75},{"damage_healed":0,"gold_gain":0,"player_choice":"Ignored","damage_taken":0,"max_hp_gain":0,"max_hp_loss":0,"event_name":"Shining Light","floor":5,"gold_loss":0}],"is_beta":false,"boss_relics":[],"items_purged_floors":[],"is_endless":false,"potions_floor_spawned":[1,2],"killed_by":"Gremlin Nob","ascension_level":19}}