{"host":"7jvlg611gq73pwus","time":1609375077,"event":{"mods":["BaseMod","Minty Spire (QoL Compilation)","StSLib","WarShipGirlsR/??á´Ò³R mod"],"gold_per_floor":[218,218,241,255,255,288,288,363,386,386,407,425,425,445,445,445,445],"floor_reached":16,"playtime":1031,"items_purged":[],"score":111,"play_id":"c038965b-4e80-454e-8a64-7c4f32b4ced5","local_time":"20201231093757","is_ascension_mode":true,"campfire_choices":[{"data":"rmod:maingunfire","floor":7,"key":"SMITH"},{"floor":13,"key":"REST"},{"data":"rmod:supportaircraftcarrier","floor":15,"key":"SMITH"}],"circlet_count":0,"master_deck":["rmod:strick","rmod:strick+1","rmod:strick","rmod:strick","rmod:defend","rmod:defend+1","rmod:defend","rmod:defend","rmod:basicallowance","rmod:maingunfire+1","rmod:supportaircraftcarrier+1","rmod:wolves","rmod:intelligenceanalysis"],"relics":["rmod:firstchargereward","Golden Idol","Boot","Art of War","Spirit Poop"],"acts_visited":["Exordium"],"potions_floor_usage":[14,16,16],"damage_taken":[{"damage":0,"enemies":"Small Slimes","floor":1,"turns":4},{"damage":13,"enemies":"2 Louse","floor":3,"turns":3},{"damage":0,"enemies":"Cultist","floor":4,"turns":3},{"damage":25,"enemies":"Lagavulin","floor":6,"turns":6},{"damage":0,"enemies":"Looter","floor":11,"turns":3},{"damage":5,"enemies":"Red Slaver","floor":12,"turns":2},{"damage":3,"enemies":"Exordium Wildlife","floor":14,"turns":3},{"damage":25,"enemies":"The Guardian","floor":16,"turns":8}],"seed_played":"3287428046564762472","potions_obtained":[{"floor":4,"key":"Fire Potion"},{"floor":6,"key":"ColorlessPotion"},{"floor":12,"key":"SkillPotion"}],"is_trial":false,"path_per_floor":["M","?","M","M","?","E","R","?","T","?","M","M","R","M","R","B"],"character_chosen":"PRAEFECT","items_purchased":[],"campfire_rested":1,"item_purchase_floors":[],"current_hp_per_floor":[75,75,62,62,47,22,22,11,11,11,11,6,28,25,25,0,0],"gold":445,"neow_bonus":"HUNDRED_GOLD","is_daily":false,"chose_seed":false,"campfire_upgraded":2,"win_rate":0.0,"timestamp":1609375077,"path_taken":["M","?","M","M","?","E","R","?","T","?","M","M","R","?","R","BOSS"],"items_purchased_type":[],"build_version":"2020-12-22","purchased_purges":0,"victory":false,"max_hp_per_floor":[75,75,75,75,75,75,75,75,75,75,75,75,75,75,75,75,75],"card_choices":[{"not_picked":["rmod:aluminumsupply","rmod:mineteam"],"picked":"rmod:supportaircraftcarrier","floor":1},{"not_picked":["rmod:supportaircraftcarrier","rmod:ring","rmod:steelsupply"],"picked":"SKIP","floor":3},{"not_picked":["rmod:firesupport","rmod:supportescort"],"picked":"rmod:wolves","floor":4},{"not_picked":["rmod:combined","rmod:fuelsupply","rmod:ring"],"picked":"SKIP","floor":6},{"not_picked":["rmod:wolves","rmod:secretscript"],"picked":"rmod:intelligenceanalysis","floor":11},{"not_picked":["rmod:aluminumsupply","rmod:goodfighter","rmod:garrisonisland"],"picked":"SKIP","floor":12},{"not_picked":["rmod:ammunitionsupply","rmod:lonelyqueen","rmod:tearstotiara"],"picked":"SKIP","floor":14}],"player_experience":461522,"relics_obtained":[{"floor":6,"key":"Boot"},{"floor":9,"key":"Art of War"}],"event_choices":[{"damage_healed":0,"gold_gain":0,"player_choice":"Take Wound","damage_taken":0,"relics_obtained":["Golden Idol"],"max_hp_gain":0,"max_hp_loss":0,"event_name":"Golden Idol","floor":2,"gold_loss":0,"cards_obtained":["Injury"]},{"damage_healed":0,"gold_gain":0,"player_choice":"Entered Light","damage_taken":15,"max_hp_gain":0,"max_hp_loss":0,"event_name":"Shining Light","floor":5,"gold_loss":0,"cards_upgraded":["rmod:strick","rmod:defend"]},{"damage_healed":0,"gold_gain":75,"player_choice":"Gather Gold","damage_taken":11,"max_hp_gain":0,"max_hp_loss":0,"event_name":"World of Goop","floor":8,"gold_loss":0},{"cards_removed":["Injury"],"damage_healed":0,"gold_gain":0,"player_choice":"Offered Curse","damage_taken":0,"relics_obtained":["Spirit Poop"],"max_hp_gain":0,"max_hp_loss":0,"event_name":"Bonfire Elementals","floor":10,"gold_loss":0}],"is_beta":false,"boss_relics":[],"items_purged_floors":[],"is_endless":false,"potions_floor_spawned":[4,6,12],"killed_by":"The Guardian","ascension_level":2}}