{"host":"pgqkv8mh62pnrbci","time":1609415996,"event":{"mods":["2.2 Compatiblity","AchievementEnabler","BaseMod","Custom Start","DeckTracker","Minty Spire (QoL Compilation)","Replay The Spire","StSLib","SuperFastMode","¡¼?Úª?ø«¡½REMEMod"],"gold_per_floor":[110,120,120,145,156,156,156,156,156,182,198,229,58,58,58,58,58],"floor_reached":16,"playtime":403,"items_purged":[],"score":191,"play_id":"026c62c8-0cd8-4fb3-9b7e-4cd711dff4d8","local_time":"20201231205956","is_ascension_mode":true,"campfire_choices":[{"data":"Neutralize","floor":15.0,"key":"SMITH"}],"circlet_count":0,"master_deck":["AscendersBane","Strike_G","Strike_G","Strike_G","Strike_G","Defend_G","Defend_G","Defend_G","Defend_G","Defend_G","Survivor","Neutralize+1","Immolate+1","Pot Of Greed","Pot Of Greed+1","PiercingWail","Reflex+1","Languid","ReplayTheSpireMod:The Works","Well Laid Plans","Sneak Up+1"],"relics":["Ring of the Snake","REME_ComplimentaryCards","Grinning Jar","PreservedInsect","Ring of Fangs","Bottled Lightning","Odd Mushroom","Oddly Smooth Stone","Guide Book"],"acts_visited":["Exordium"],"potions_floor_usage":[16],"damage_taken":[{"damage":1.0,"enemies":"Cultist","floor":1.0,"turns":3.0},{"damage":0.0,"enemies":"Jaw Worm","floor":2.0,"turns":4.0},{"damage":0.0,"enemies":"Small Slimes","floor":5.0,"turns":3.0},{"damage":18.0,"enemies":"The Mushroom Lair","floor":10.0,"turns":3.0},{"damage":5.0,"enemies":"2 Fungi Beasts","floor":11.0,"turns":4.0},{"damage":16.0,"enemies":"3 Sentries","floor":12.0,"turns":5.0},{"damage":24,"enemies":"The Guardian","floor":16,"turns":2}],"seed_played":"-8059094660344201807","potions_obtained":[{"floor":5.0,"key":"SpeedPotion"},{"floor":12.0,"key":"FearPotion"}],"is_trial":false,"path_per_floor":["M","M","?","T","M","?","$","?","T","?","M","E","$","?","R","B"],"character_chosen":"THE_SILENT","items_purchased":["Guide Book"],"campfire_rested":0,"item_purchase_floors":[13],"current_hp_per_floor":[58,58,51,51,51,51,51,51,51,33,28,12,12,12,12,0,0],"gold":58,"neow_bonus":"RANDOM_COMMON_RELIC","is_daily":false,"chose_seed":false,"campfire_upgraded":1,"win_rate":0.0,"timestamp":1609415996,"path_taken":["M","M","?","?","?","?","$","?","T","?","M","E","$","?","R","BOSS"],"items_purchased_type":["Relic"],"build_version":"2020-12-22","purchased_purges":0,"victory":false,"max_hp_per_floor":[66,66,66,66,66,66,66,66,66,66,66,66,66,66,66,66,66],"card_choices":[{"not_picked":["Flying Knee","Underhanded Strike"],"picked":"PiercingWail","floor":1.0},{"not_picked":["Backflip","Dash"],"picked":"Reflex","floor":2.0},{"not_picked":["Prepared","Deflect","Setup"],"picked":"SKIP","floor":5.0},{"not_picked":["Finisher","Slice"],"picked":"ReplayTheSpireMod:The Works","floor":10.0},{"not_picked":["Deadly Poison","Deflect"],"picked":"Well Laid Plans","floor":11.0},{"not_picked":["Flechettes","Hidden Blade"],"picked":"Sneak Up","floor":12.0}],"player_experience":578450,"relics_obtained":[{"floor":4.0,"key":"PreservedInsect"},{"floor":8.0,"key":"Ring of Fangs"},{"floor":9.0,"key":"Bottled Lightning"},{"floor":10.0,"key":"Odd Mushroom"},{"floor":12.0,"key":"Oddly Smooth Stone"}],"event_choices":[{"cards_removed":["Strike_G"],"damage_healed":0.0,"max_hp_gain":0.0,"max_hp_loss":0.0,"gold_gain":0.0,"event_name":"Golden Wing","player_choice":"Card Removal","floor":3.0,"gold_loss":0.0,"damage_taken":7.0},{"damage_healed":0.0,"max_hp_gain":0.0,"max_hp_loss":0.0,"gold_gain":0.0,"event_name":"Mushrooms","player_choice":"Fought Mushrooms","floor":10.0,"gold_loss":0.0,"damage_taken":0.0},{"damage_healed":0.0,"max_hp_gain":0.0,"max_hp_loss":0.0,"gold_gain":0.0,"event_name":"Living Wall","player_choice":"Grow","floor":14.0,"gold_loss":0.0,"damage_taken":0.0,"cards_upgraded":["Sneak Up"]}],"is_beta":false,"boss_relics":[],"items_purged_floors":[],"is_endless":false,"potions_floor_spawned":[5,12],"killed_by":"The Guardian","ascension_level":19}}