{"host":"dcj2yvrgcvh5dl2s","time":1609408533,"event":{"mods":["BaseMod","Better Note","Block Reminder","Colored Powertips","DeckTracker","Minty Spire (QoL Compilation)","Quick Restart","Rare Cards Sparkle","Relic Stats","StSLib"],"gold_per_floor":[12,287,54,71,36,36,47,47,47,76,76,94,119,119,119,119,119],"floor_reached":16,"playtime":498,"items_purged":["Regret"],"score":230,"play_id":"a02f0d49-076c-4aa3-a5c7-da2689238618","local_time":"20201231195533","is_ascension_mode":true,"campfire_choices":[{"data":"Shockwave","floor":6,"key":"SMITH"},{"data":"Disarm","floor":8,"key":"SMITH"},{"data":"Bash","floor":11,"key":"SMITH"},{"data":"Uppercut","floor":15,"key":"SMITH"}],"circlet_count":0,"master_deck":["AscendersBane","Strike_R","Strike_R","Strike_R","Strike_R","Strike_R","Defend_R","Defend_R","Defend_R","Defend_R","Bash+1","Shockwave+1","Sword Boomerang","Disarm+1","Shrug It Off","Uppercut+1","Exhume"],"relics":["Burning Blood","Omamori","Singing Bowl","Mango","HornCleat"],"acts_visited":["Exordium"],"potions_floor_usage":[10,16],"damage_taken":[{"damage":23,"enemies":"Small Slimes","floor":1,"turns":5},{"damage":8,"enemies":"Cultist","floor":4,"turns":4},{"damage":2,"enemies":"2 Louse","floor":7,"turns":3},{"damage":20,"enemies":"Lagavulin","floor":10,"turns":7},{"damage":22,"enemies":"Lots of Slimes","floor":12,"turns":5},{"damage":41,"enemies":"Gremlin Nob","floor":13,"turns":5},{"damage":109,"enemies":"Slime Boss","floor":16,"turns":13}],"seed_played":"-4911729659364025050","potions_obtained":[{"floor":1,"key":"SkillPotion"},{"floor":4,"key":"SmokeBomb"},{"floor":12,"key":"Fire Potion"}],"is_trial":false,"path_per_floor":["M","?","$","M","?","R","M","R","T","E","R","M","E","?","R","B"],"character_chosen":"IRONCLAD","items_purchased":["Omamori"],"campfire_rested":0,"item_purchase_floors":[3],"current_hp_per_floor":[65,65,65,63,85,85,89,89,89,89,89,73,38,103,103,0,0],"gold":119,"neow_bonus":"TWENTY_PERCENT_HP_BONUS","is_daily":false,"chose_seed":false,"campfire_upgraded":4,"win_rate":0.0,"timestamp":1609408533,"path_taken":["M","?","$","?","?","R","M","R","T","E","R","M","E","?","R","BOSS"],"items_purchased_type":["Relic"],"build_version":"2020-12-22","purchased_purges":1,"victory":false,"max_hp_per_floor":[89,89,89,89,89,89,89,89,89,103,103,103,103,103,103,103,103],"relic_stats":{"Singing Bowl":0,"counters":[7,42],"obtain_stats":[{"HornCleat":13,"Singing Bowl":9,"Mango":10,"Omamori":3,"Burning Blood":0},{"HornCleat":6,"Singing Bowl":3,"Mango":4,"Omamori":1,"Burning Blood":0},{"HornCleat":29,"Singing Bowl":12,"Mango":19,"Omamori":5,"Burning Blood":0}],"Burning Blood":36},"card_choices":[{"not_picked":["Reckless Charge","Thunderclap"],"picked":"Shockwave","floor":1},{"not_picked":["Ghostly Armor","Headbutt"],"picked":"Sword Boomerang","floor":4},{"not_picked":["Twin Strike","Searing Blow"],"picked":"Disarm","floor":7},{"not_picked":["Second Wind","Body Slam"],"picked":"Shrug It Off","floor":10},{"not_picked":["Pommel Strike","Anger"],"picked":"Uppercut","floor":12},{"not_picked":["Anger","Clash"],"picked":"Exhume","floor":13}],"player_experience":2126677,"relics_obtained":[{"floor":9,"key":"Singing Bowl"},{"floor":10,"key":"Mango"},{"floor":13,"key":"HornCleat"}],"event_choices":[{"damage_healed":0,"gold_gain":275,"player_choice":"Desecrate","damage_taken":0,"max_hp_gain":0,"max_hp_loss":0,"event_name":"Golden Shrine","floor":2,"gold_loss":0,"cards_obtained":["Regret"]},{"damage_healed":22,"gold_gain":0,"player_choice":"Healed","damage_taken":0,"max_hp_gain":0,"max_hp_loss":0,"event_name":"The Cleric","floor":5,"gold_loss":35},{"damage_healed":65,"gold_gain":0,"player_choice":"Full Heal","damage_taken":0,"max_hp_gain":0,"max_hp_loss":0,"event_name":"Wheel of Change","floor":14,"gold_loss":0}],"is_beta":false,"boss_relics":[],"items_purged_floors":[3],"is_endless":false,"potions_floor_spawned":[1,4,12],"killed_by":"Slime Boss","ascension_level":18}}