{"host":"5gc11emcm5chfr5t","time":1609428219,"event":{"mods":["2.2 Compatiblity","AchievementEnabler","BaseMod","Bestiary","Better Note","Colored Map","Colored Powertips","Downfall","Googly Eyes","Minty Spire (QoL Compilation)","Rare Cards Sparkle","StSLib"],"gold_per_floor":[99,99,399,399,104,204,204,204,204],"floor_reached":8,"playtime":319,"items_purged":[],"score":80,"play_id":"97fb4d39-2464-43b9-aff9-8c80f5790b70","local_time":"20201231102339","is_ascension_mode":true,"campfire_choices":[{"floor":1,"key":"RECALL"}],"circlet_count":0,"master_deck":["AscendersBane","sneckomod:Strike","sneckomod:Strike","sneckomod:Defend","sneckomod:Defend","sneckomod:Defend","sneckomod:TailWhip","sneckomod:SnekBite","sneckomod:Unknown","sneckomod:Unknown","sneckomod:Unknown0Cost","Slimebound:Icky","Slimebound:Icky","sneckomod:ImprovisedAttack","sneckomod:MorePower+1","sneckomod:WideSting","Panacea","sneckomod:UnknownClassSLIMEBOUND","sneckomod:UnknownClassGREEN+1","sneckomod:DiceBlock"],"relics":["sneckomod:SneckoSoul","downfall:HeartsMalice","Boot"],"acts_visited":["Exordium"],"potions_floor_usage":[],"damage_taken":[{"damage":0,"enemies":"2 Louse","floor":2,"turns":1},{"damage":0,"enemies":"Small Slimes","floor":4,"turns":1},{"damage":0,"enemies":"downfall:FleeingMerchant","floor":5,"turns":1},{"damage":64,"enemies":"downfall:Heads","floor":6,"turns":8},{"damage":36,"enemies":"Gremlin Nob","floor":8,"turns":3}],"seed_played":"9085082470019335842","potions_obtained":[],"is_trial":false,"path_per_floor":["R","M","?","M","$","?","T","E"],"character_chosen":"THE_SNECKO","items_purchased":["Boot","sneckomod:WideSting","Panacea"],"campfire_rested":0,"item_purchase_floors":[5,5,5],"current_hp_per_floor":[75,76,76,76,76,14,14,0,0],"gold":204,"neow_bonus":"THREE_ENEMY_KILL","is_daily":false,"chose_seed":false,"campfire_upgraded":0,"win_rate":0.0,"timestamp":1609428219,"path_taken":["R","M","?","M","$","?","T","E"],"items_purchased_type":["Relic","Card","Card"],"build_version":"2020-12-22","purchased_purges":0,"victory":false,"max_hp_per_floor":[83,84,84,84,84,86,86,86,86],"card_choices":[{"not_picked":["sneckomod:UnknownClassHEXA_GHOST_PURPLE","sneckomod:DiceCrush"],"picked":"sneckomod:Unknown0Cost","floor":2},{"not_picked":["sneckomod:UnknownCommonAttack","sneckomod:UnknownWeak"],"picked":"sneckomod:ImprovisedAttack","floor":4},{"not_picked":["sneckomod:DiceCrush","sneckomod:UnknownCommonSkill"],"picked":"sneckomod:MorePower","floor":5},{"not_picked":["sneckomod:UnknownClassTHE_CHAMP_GRAY+1","sneckomod:Unknown0Cost+1"],"picked":"sneckomod:UnknownClassGREEN+1","floor":6},{"not_picked":["sneckomod:UnknownWeak","sneckomod:DiceCrush"],"picked":"sneckomod:DiceBlock","floor":6}],"player_experience":514823,"relics_obtained":[],"event_choices":[],"is_beta":false,"boss_relics":[],"items_purged_floors":[],"is_endless":false,"potions_floor_spawned":[],"killed_by":"Gremlin Nob","ascension_level":20}}