{"host":"93n4kdg5le7r8dks","time":1609453957,"event":{"mods":["AlwaysNeverKeys","BaseMod","Better Note","Better Sensory Stone","Better Skull","Better Third Choice","Block Reminder","Colored Map","Colored Powertips","DeckTracker","Downfall","Infinite Spire","Minty Spire (QoL Compilation)","Quick Restart","StSLib"],"gold_per_floor":[24,24,24,24,44,60,84,104,29,45,30,30,30,56,67,169,169,94,109,109,109,119,119,119,151,166,178,178,192,192,102,115,211,211,211,231,248,298,298,318,318,350,350,157,157,190,201,201,212,212],"floor_reached":51,"playtime":3335,"items_purged":["Guardian:Strike_Guardian","Guardian:Strike_Guardian"],"score":802,"play_id":"75ef007e-df7e-4e72-ae4d-618c670d992c","local_time":"20201231163237","is_ascension_mode":false,"campfire_choices":[{"data":"Guardian:CurlUp","floor":1,"key":"SMITH"},{"data":"Guardian:DecasProtection","floor":9,"key":"SMITH"},{"data":"Guardian:SpikerProtocol","floor":12,"key":"SMITH"},{"data":"Guardian:ArmoredProtocol","floor":18,"key":"SMITH"},{"data":"Guardian:ShieldCharger","floor":28,"key":"SMITH"},{"data":"Guardian:FloatingOrbs","floor":30,"key":"SMITH"},{"data":"Guardian:PrismaticBarrier","floor":35,"key":"SMITH"},{"data":"Guardian:ChargeUp","floor":45,"key":"SMITH"}],"circlet_count":0,"master_deck":["Guardian:Strike_Guardian","Guardian:Defend_Guardian","Guardian:Defend_Guardian","Guardian:Defend_Guardian","Guardian:Defend_Guardian","Guardian:CurlUp+1","Guardian:TwinSlam","Guardian:DecasProtection+1","Guardian:EvasiveProtocol+1","Guardian:RollAttack","Guardian:SpikerProtocol+1","Guardian:ArmoredProtocol+1","Guardian:ShieldCharger+1","Guardian:TemporalStrike","Guardian:Gem_Cyan","Guardian:ChargeCore","Guardian:Gem_Purple","Guardian:RollAttack","Guardian:BronzeArmor+1","Guardian:FloatingOrbs+1","Guardian:PrismaticBarrier+1","Guardian:SphericShield","Guardian:PiercingHide+1","Guardian:DonusPower+1","Guardian:Gem_Cyan","Guardian:AncientConstruct","Guardian:ChargeUp+1","Guardian:ChargeCore+1","Guardian:Repulse"],"relics":["Guardian:ModeShifter","downfall:HeartsMalice","downfall:HeartBlessingRed","infinitespire:Beetle Shell","downfall:HeartBlessingGreen","Matryoshka","Runic Pyramid","downfall:HeartBlessingBlue","infinitespire:Cupcake","Unceasing Top","Toy Ornithopter","Nunchaku","Guardian:SackOfGems","Runic Dome","Mango","Vajra","Oddly Smooth Stone","Bottled Lightning","Ornamental Fan","Blood Vial"],"acts_visited":["Exordium","TheCity","TheBeyond"],"potions_floor_usage":[6,14,16,25,25,27,42,49],"damage_taken":[{"damage":0,"enemies":"Jaw Worm","floor":2,"turns":1},{"damage":0,"enemies":"Cultist","floor":3,"turns":1},{"damage":0,"enemies":"downfall:FleeingMerchant","floor":4,"turns":1},{"damage":0,"enemies":"Small Slimes","floor":5,"turns":3},{"damage":0,"enemies":"Exordium Wildlife","floor":6,"turns":3},{"damage":6,"enemies":"Blue Slaver","floor":8,"turns":7},{"damage":7,"enemies":"Red Slaver","floor":10,"turns":5},{"damage":0,"enemies":"downfall:FleeingMerchant","floor":11,"turns":4},{"damage":11,"enemies":"Gremlin Nob","floor":14,"turns":5},{"damage":14,"enemies":"2 Fungi Beasts","floor":15,"turns":3},{"damage":11,"enemies":"downfall:Silent","floor":16,"turns":13},{"damage":2,"enemies":"Chosen","floor":19,"turns":4},{"damage":3,"enemies":"Shelled Parasite and Fungi","floor":22,"turns":5},{"damage":22,"enemies":"Gremlin Leader","floor":25,"turns":7},{"damage":0,"enemies":"Chosen and Byrds","floor":26,"turns":6},{"damage":18,"enemies":"Snake Plant","floor":27,"turns":4},{"damage":0,"enemies":"Cultist and Chosen","floor":29,"turns":5},{"damage":0,"enemies":"downfall:FleeingMerchant","floor":31,"turns":4},{"damage":4,"enemies":"Sentry and Sphere","floor":32,"turns":6},{"damage":36,"enemies":"downfall:Ironclad","floor":33,"turns":11},{"damage":0,"enemies":"Orb Walker","floor":36,"turns":3},{"damage":0,"enemies":"3 Darklings","floor":37,"turns":3},{"damage":0,"enemies":"Mind Bloom Boss Battle","floor":38,"turns":6},{"damage":4,"enemies":"Transient","floor":40,"turns":5},{"damage":0,"enemies":"Nightmare","floor":42,"turns":8},{"damage":0,"enemies":"downfall:FleeingMerchant","floor":44,"turns":4},{"damage":0,"enemies":"Giant Head","floor":46,"turns":8},{"damage":0,"enemies":"Writhing Mass","floor":47,"turns":6},{"damage":0,"enemies":"Maw","floor":49,"turns":7},{"damage":6,"enemies":"downfall:Defect","floor":50,"turns":11}],"seed_played":"3350409059648832868","potions_obtained":[{"floor":5,"key":"DistilledChaos"},{"floor":8,"key":"CultistPotion"},{"floor":15,"key":"DistilledChaos"},{"floor":16,"key":"PowerPotion"},{"floor":19,"key":"PowerPotion"},{"floor":25,"key":"SpeedPotion"},{"floor":27,"key":"Explosive Potion"},{"floor":33,"key":"BlessingOfTheForge"},{"floor":36,"key":"FearPotion"},{"floor":42,"key":"DuplicationPotion"}],"is_trial":false,"path_per_floor":["R","M","M","$","M","M","T","M","R","M","$","R","?","E","M","B",null,"R","M","AVR","?","M","?","T","E","M","M","R","M","R","$","M","B",null,"R","M","M","?","AVR","M","T","NM","?","$","R","E","M","?","M","B",null],"character_chosen":"GUARDIAN","items_purchased":["Guardian:ChargeUp"],"campfire_rested":0,"item_purchase_floors":[44],"current_hp_per_floor":[80,80,80,80,80,80,80,74,74,67,67,67,67,56,42,31,80,90,88,88,88,85,85,85,68,68,55,55,55,55,55,51,15,90,90,90,90,104,104,100,100,104,104,104,104,104,104,104,104,98],"gold":212,"neow_bonus":"THREE_ENEMY_KILL","is_daily":false,"chose_seed":false,"campfire_upgraded":8,"win_rate":0.0,"timestamp":1609453957,"path_taken":["R","M","M","$","M","M","T","M","R","M","$","R","?","E","M","BOSS","R","M","AVR","?","M","?","T","E","M","M","R","M","R","?","M","BOSS","R","M","M","?","AVR","M","T","NM","?","?","R","E","?","?","M","BOSS"],"items_purchased_type":["Card"],"build_version":"2020-12-13","purchased_purges":2,"victory":true,"max_hp_per_floor":[80,80,80,80,80,80,80,80,80,80,80,80,80,80,80,80,80,90,90,90,90,90,90,90,90,90,90,90,90,90,90,90,90,90,90,90,90,104,104,104,104,104,104,104,104,104,104,104,104,104],"card_choices":[{"not_picked":["Guardian:VentSteam","Guardian:TemporalShield"],"picked":"Guardian:Gem_Cyan","floor":2},{"not_picked":["Guardian:TemporalStrike","Guardian:TemporalShield"],"picked":"Guardian:Gem_Cyan","floor":3},{"not_picked":["Guardian:Planning","Guardian:VentSteam"],"picked":"Guardian:Gem_Lightblue","floor":4},{"not_picked":["Guardian:TemporalStrike","Guardian:Harden"],"picked":"Guardian:DecasProtection","floor":5},{"not_picked":["Guardian:StasisStrike","Guardian:PiercingHide"],"picked":"Guardian:EvasiveProtocol","floor":6},{"not_picked":["Guardian:WalkerClaw","Guardian:Gem_Lightblue"],"picked":"Guardian:RollAttack","floor":8},{"not_picked":["Guardian:Gem_Lightblue","Guardian:Reroute"],"picked":"Guardian:SpikerProtocol","floor":10},{"not_picked":["Guardian:Preprogram","Guardian:ShieldCharger"],"picked":"Guardian:ArmoredProtocol","floor":11},{"not_picked":["Guardian:Gem_Red","Guardian:RevengeProtocol"],"picked":"Guardian:ShieldCharger","floor":14},{"not_picked":["Guardian:Suspension","Guardian:CrystalBeam"],"picked":"Guardian:TemporalStrike","floor":15},{"not_picked":["Guardian:StasisStrike","Guardian:SphericShield"],"picked":"Guardian:Gem_Orange","floor":16},{"not_picked":["Guardian:VentSteam","Guardian:Reroute+1"],"picked":"Guardian:Gem_Cyan","floor":19},{"not_picked":["Guardian:RollAttack","Guardian:Gem_Crimson"],"picked":"Guardian:ChargeCore","floor":22},{"not_picked":["Guardian:Suspension","Guardian:Gem_Lightblue"],"picked":"Guardian:Gem_Blue","floor":25},{"not_picked":["Guardian:ShieldCharger","Guardian:TimeSifter"],"picked":"Guardian:RollAttack","floor":26},{"not_picked":["Guardian:Incinerate","Guardian:ShieldCharger"],"picked":"Guardian:BronzeArmor+1","floor":27},{"not_picked":["Guardian:ChargeCore+1","Guardian:Gem_White"],"picked":"Guardian:FloatingOrbs","floor":29},{"not_picked":["Guardian:RevengeProtocol","Guardian:Incinerate"],"picked":"Guardian:PrismaticBarrier","floor":31},{"not_picked":["Guardian:TimeCapacitor","Guardian:RollAttack","Guardian:Suspension+1"],"picked":"SKIP","floor":32},{"not_picked":["Guardian:StasisStrike","Guardian:ConstructionForm"],"picked":"Guardian:SphericShield","floor":33},{"not_picked":["Guardian:RefractedBeam","Guardian:ShieldCharger"],"picked":"Guardian:PiercingHide+1","floor":36},{"not_picked":["Guardian:DecasProtection+1","Guardian:BronzeOrb+1"],"picked":"Guardian:DonusPower+1","floor":37},{"not_picked":["Guardian:Suspension","Guardian:Incinerate"],"picked":"Guardian:Gem_Cyan","floor":40},{"not_picked":["Guardian:VentSteam","Guardian:RefractedBeam"],"picked":"Guardian:AncientConstruct","floor":42},{"not_picked":["Guardian:Suspension+1","Guardian:Recover"],"picked":"Guardian:Gem_Lightblue","floor":44},{"not_picked":["Guardian:Recover","Guardian:Gem_Lightblue","Guardian:ChargeCore"],"picked":"SKIP","floor":46},{"not_picked":["Guardian:TemporalShield","Guardian:BronzeArmor+1"],"picked":"Guardian:ChargeCore+1","floor":47},{"not_picked":["Guardian:Gem_Lightblue","Guardian:DonusPower"],"picked":"Guardian:Repulse","floor":49}],"player_experience":90277,"relics_obtained":[{"floor":7,"key":"infinitespire:Beetle Shell"},{"floor":14,"key":"Matryoshka"},{"floor":24,"key":"Toy Ornithopter"},{"floor":24,"key":"Nunchaku"},{"floor":25,"key":"Guardian:SackOfGems"},{"floor":38,"key":"Mango"},{"floor":41,"key":"Oddly Smooth Stone"},{"floor":41,"key":"Bottled Lightning"},{"floor":42,"key":"Ornamental Fan"},{"floor":46,"key":"Blood Vial"}],"event_choices":[{"damage_healed":0,"gold_gain":0,"player_choice":"Upgraded","damage_taken":0,"max_hp_gain":0,"max_hp_loss":0,"event_name":"Upgrade Shrine","floor":13,"gold_loss":0,"cards_upgraded":["Guardian:EvasiveProtocol"]},{"cards_removed":["Guardian:Strike_Guardian"],"damage_healed":0,"gold_gain":0,"player_choice":"Give","damage_taken":0,"max_hp_gain":0,"max_hp_loss":0,"event_name":"betterNote:BetterNote","floor":21,"gold_loss":0,"cards_obtained":["Doubt"]},{"damage_healed":0,"gold_gain":0,"player_choice":"Ignored","damage_taken":0,"max_hp_gain":0,"max_hp_loss":0,"event_name":"Ghosts","floor":23,"gold_loss":0},{"cards_removed":["Guardian:Strike_Guardian"],"damage_healed":0,"gold_gain":0,"player_choice":"Removed Attack","damage_taken":0,"max_hp_gain":0,"max_hp_loss":0,"event_name":"Falling","floor":43,"gold_loss":0}],"is_beta":false,"boss_relics":[{"not_picked":["downfall:Hecktoplasm","Cursed Key"],"picked":"Runic Pyramid"},{"not_picked":["SacredBark","Snecko Eye"],"picked":"Runic Dome"}],"items_purged_floors":[31,44],"is_endless":true,"potions_floor_spawned":[5,8,15,16,19,25,27,33,36,42,46],"ascension_level":0}}