{"host":"m4gez01cdgxblqzl","time":1609376667,"event":{"mods":["2.2 Compatiblity","AchievementEnabler","Act Like it!","Aspiration","BaseMod","Better Altar","Better Match","Better Note","Better Sensory Stone","Better Skull","Better Third Choice","BetterRewards","CCEM","Challenge The Spire","Clawfect","Colored Powertips","Conspire","Downfall","GifTheSpireLib","Glutton Mod","Halation","Hermit","Hubris","Infinite Spire","Jedi Mod","Minty Spire (QoL Compilation)","Permanent Neow","READ ME - Guardian Mod","RatMod","Replay The Spire","Shade Mod","Shop Mod","Spicy Shops","Spikes Relics","StSLib","Stuff the Spire","The Blue Laboratory","The Construct","The Jungle","The Problem Sleuth","The Runesmith","The Spell Scribe","Trackpad","Unceasing Turn Reminder","Unknown Chances","everything is the same but u backflip on backflip","vexMod"],"gold_per_floor":[117,136,154,154,164,198,44,64,114,114,114,126,146,159,159,262,262,277,277,294,294,294,294,294,329,329,329,357,368,368,379,379,474,474,492,767,801,801,326,326,342,342,342,342,356,371,391,49,49,49,49],"floor_reached":50,"playtime":5973,"items_purged":["Writhe"],"score":539,"play_id":"ed22ff18-0e2b-4937-aa3f-ea8fc9b26d31","local_time":"20201230190427","is_ascension_mode":false,"campfire_choices":[{"floor":15.0,"key":"REST"},{"data":"StuffTheSpire:BrimstoneBlast","floor":23.0,"key":"SMITH"},{"data":"jedi:collectorvenom","floor":27.0,"key":"SMITH"},{"data":"Bouncing Flask","floor":30.0,"key":"SMITH"},{"data":"Bouncing Flask","floor":32.0,"key":"SMITH"},{"data":"jedi:studypoison","floor":40,"key":"SMITH"},{"floor":44,"key":"REST"},{"floor":49,"key":"REST"}],"circlet_count":0,"master_deck":["Strike_G+1","Strike_G","Strike_G+1","Strike_G","Strike_G","Defend_G","Defend_G","Defend_G","Defend_G","Defend_G","Survivor","Neutralize","Deadly Poison","Backstab","rat:Garrote","StuffTheSpire:BrimstoneBlast+1","Bouncing Flask+1","Backflip","PiercingWail","rat:SilverDagger","jedi:collectorvenom+1","Replay:Bag of Tricks","Bouncing Flask+1","Leg Sweep","Acrobatics","StuffTheSpire:Injection+1","jedi:studypoison+1","Poisoned Strike","StuffTheSpire:Harmony","Acrobatics+1","StuffTheSpire:Python+1","Replay:Poison Smokescreen"],"relics":["sneckomod:BabySnecko","construct:Cogwheel","Mercury Hourglass","theJungle:Creamberry","OrangePellets","infinitespire:DarkRift","trackpad:IciclePrecepts","aspiration:RandomNobGenerator","theSleuth:JammedPrinter","champ:DeflectingBracers","StuffTheSpire:Saxophone","CCEMRelics:DissonantTune","theSleuth:CallOfFluthlu","construct:WeddingRing","theScribe:RunicRepeater","vexMod:BigBerry","infinitespire:Chaos","StuffTheSpire:PointBlank","Mummified Hand","hubris:Metronome","TwistedFunnel","infinitespire:Satchel"],"acts_visited":["Exordium","TheCity","TheBeyond"],"potions_floor_usage":[50,50],"damage_taken":[{"damage":0.0,"enemies":"Cultist","floor":1.0,"turns":4.0},{"damage":0.0,"enemies":"2 Louse","floor":2.0,"turns":3.0},{"damage":0.0,"enemies":"infinitespire:Voidling","floor":3.0,"turns":3.0},{"damage":6.0,"enemies":"Lots of Slimes","floor":5.0,"turns":4.0},{"damage":25.0,"enemies":"3 Sentries","floor":6.0,"turns":10.0},{"damage":19.0,"enemies":"Large Slime","floor":8.0,"turns":5.0},{"damage":4.0,"enemies":"conspire:2 RoseBushes","floor":12.0,"turns":4.0},{"damage":0.0,"enemies":"3 Louse","floor":13.0,"turns":3.0},{"damage":0.0,"enemies":"Lots of Slimes","floor":14.0,"turns":3.0},{"damage":18.0,"enemies":"Slime Boss","floor":16.0,"turns":10.0},{"damage":37.0,"enemies":"conspire:FuzzyDice","floor":18.0,"turns":5.0},{"damage":5.0,"enemies":"Chosen","floor":20.0,"turns":4.0},{"damage":0.0,"enemies":"conspire:Head Lice","floor":25.0,"turns":7.0},{"damage":0.0,"enemies":"Masked Bandits","floor":28.0,"turns":3.0},{"damage":0.0,"enemies":"Centurion and Healer","floor":29.0,"turns":5.0},{"damage":0.0,"enemies":"conspire:HollyBat","floor":31.0,"turns":5.0},{"damage":0.0,"enemies":"Collector","floor":33.0,"turns":8.0},{"damage":0.0,"enemies":"Orb Walker","floor":35.0,"turns":2.0},{"damage":0.0,"enemies":"conspire:MimicChest","floor":37.0,"turns":5.0},{"damage":25,"enemies":"3 Darklings","floor":41,"turns":3},{"damage":14,"enemies":"Sphere and 2 Shapes","floor":45,"turns":3},{"damage":0,"enemies":"Transient","floor":46,"turns":5},{"damage":6,"enemies":"Jaw Worm Horde","floor":47,"turns":3},{"damage":40,"enemies":"Time Eater","floor":50,"turns":3}],"seed_played":"-1802338681174968990","potions_obtained":[{"floor":3.0,"key":"SteroidPotion"},{"floor":8.0,"key":"AttackPotion"},{"floor":16.0,"key":"blueLaboratory:RememoryPotion"},{"floor":18.0,"key":"hexamod:EctoCoolerPotion"},{"floor":29.0,"key":"Energy Potion"},{"floor":31.0,"key":"LiquidMemories"},{"floor":35.0,"key":"jedi:tentaclejuice"},{"floor":47,"key":"Fire Potion"}],"is_trial":false,"path_per_floor":["M","M","M","T","M","E","$","M","T","?","?","M","M","M","R","B",null,"M","?","M","?","?","R","?","E","T","R","?","M","R","M","R","B",null,"M","?","?","?","$","R","M","AVR","T","R","M","M","M","$","R","B"],"character_chosen":"THE_SILENT","items_purchased":["Juzu Bracelet","infinitespire:Chaos","Poisoned Strike","StuffTheSpire:PointBlank","TwistedFunnel","infinitespire:Satchel","StuffTheSpire:Python+1","Replay:Poison Smokescreen"],"campfire_rested":3,"item_purchase_floors":[7,39,39,39,48,48,48,48],"current_hp_per_floor":[70,70,70,70,64,39,39,20,20,20,20,16,16,16,37,19,70,33,33,28,28,1,1,1,1,1,1,1,1,1,1,1,1,1,1,1,1,1,31,31,8,8,8,17,12,22,25,25,31,0,0],"gold":49,"neow_bonus":"NOSTALGIA","is_daily":false,"chose_seed":false,"campfire_upgraded":5,"win_rate":0.0,"timestamp":1609376667,"path_taken":["M","M","?","?","?","E","$","M","T","?","?","M","M","M","R","BOSS","M","?","M","?","?","R","?","E","T","R","?","M","R","M","R","BOSS","M","?","?","?","$","R","M","AVR","T","R","?","M","M","$","R","BOSS"],"items_purchased_type":["Relic","Relic","Card","Relic","Relic","Relic","Card","Card"],"build_version":"2020-12-22","purchased_purges":1,"victory":false,"max_hp_per_floor":[70,70,70,70,70,70,70,70,70,70,70,70,70,70,70,70,70,70,70,70,70,1,1,1,1,1,1,1,1,1,1,1,1,1,1,1,1,1,31,31,31,31,31,31,31,31,31,31,31,31,31],"card_choices":[{"not_picked":["Flying Knee","PiercingWail"],"picked":"Deadly Poison","floor":1.0},{"not_picked":["Blur","ReplayTheSpireMod:Shiv Toss"],"picked":"Backstab","floor":2.0},{"not_picked":["Quick Slash","rat:SilveredBlade"],"picked":"rat:Garrote","floor":3.0},{"not_picked":["jedi:pocketpoison","Blade Dance"],"picked":"StuffTheSpire:BrimstoneBlast","floor":5.0},{"not_picked":["rat:Disembowel","Reflex"],"picked":"Bouncing Flask","floor":6.0},{"not_picked":["Prepared","Flying Knee"],"picked":"Backflip","floor":8.0},{"not_picked":["rat:FanOfKnives","Prepared"],"picked":"PiercingWail","floor":12.0},{"not_picked":["PiercingWail","rat:ColdBlood"],"picked":"rat:SilverDagger","floor":13.0},{"not_picked":["Poisoned Stab","Backstab"],"picked":"jedi:collectorvenom","floor":14.0},{"not_picked":["Malaise","Unload"],"picked":"Replay:Bag of Tricks","floor":16.0},{"not_picked":["rat:SilveredBlade","Underhanded Strike+1"],"picked":"jedi:collectorvenom","floor":18.0},{"not_picked":["Slice+1","StuffTheSpire:Fury"],"picked":"jedi:collectorvenom","floor":20.0},{"not_picked":["Slice+1","ReplayTheSpireMod:Shiv Toss+1"],"picked":"Leg Sweep","floor":25.0},{"not_picked":["conspire:DoublingDagger+1","ShadowRift"],"picked":"Acrobatics","floor":28.0},{"not_picked":["rat:SiphonSilver","ReplayTheSpireMod:Tripwire"],"picked":"StuffTheSpire:Injection+1","floor":29.0},{"not_picked":["Poison Darts","hubris:SlightOfHand"],"picked":"jedi:collectorvenom+1","floor":31.0},{"not_picked":["jedi:collectorvenom+1","ReplayTheSpireMod:Necrosis"],"picked":"jedi:studypoison","floor":33.0},{"not_picked":["Riddle With Holes","Deflect+1"],"picked":"jedi:collectorvenom+1","floor":35.0},{"not_picked":["Sneak Up","Outmaneuver"],"picked":"jedi:collectorvenom+1","floor":37.0},{"not_picked":["Finisher+1","StuffTheSpire:Fury+1"],"picked":"jedi:collectorvenom+1","floor":41},{"not_picked":["StuffTheSpire:ReptileScales+1","Sneak Up+1"],"picked":"jedi:collectorvenom+1","floor":45},{"not_picked":["Poison Darts+1","hubris:Sniper+1"],"picked":"jedi:collectorvenom+1","floor":46},{"not_picked":["Riddle With Holes+1","StuffTheSpire:Shiver+1"],"picked":"Acrobatics+1","floor":47}],"player_experience":45242,"relics_obtained":[{"floor":4.0,"key":"vexMod:MemoryStick"},{"floor":6.0,"key":"Matryoshka"},{"floor":9.0,"key":"trackpad:WritersBlock"},{"floor":9.0,"key":"trackpad:PetRock"},{"floor":25.0,"key":"Whetstone"},{"floor":26.0,"key":"Blue Candle"},{"floor":26.0,"key":"trackpad:ByrdCharm"},{"floor":28.0,"key":"Red Mask"},{"floor":37.0,"key":"halation:Toothbrush"},{"floor":43,"key":"hubris:Metronome"}],"event_choices":[{"damage_healed":0.0,"max_hp_gain":0.0,"max_hp_loss":0.0,"gold_gain":0.0,"event_name":"betterMatch:BetterMatch","player_choice":"2","floor":10.0,"gold_loss":0.0,"damage_taken":0.0,"cards_obtained":[]},{"cards_removed":["Regret"],"damage_healed":0.0,"max_hp_gain":0.0,"max_hp_loss":0.0,"gold_gain":0.0,"event_name":"betterNote:BetterNote","player_choice":"Give","floor":19.0,"gold_loss":0.0,"damage_taken":0.0,"cards_obtained":["None"]},{"cards_removed":["Regret"],"damage_healed":0.0,"max_hp_gain":0.0,"max_hp_loss":0.0,"gold_gain":0.0,"event_name":"Fountain of Cleansing","player_choice":"Removed Curses","floor":21.0,"gold_loss":0.0,"damage_taken":0.0},{"damage_healed":0.0,"max_hp_gain":0.0,"max_hp_loss":0.0,"gold_gain":0.0,"event_name":"The Library","player_choice":"Read","floor":24.0,"gold_loss":0.0,"damage_taken":0.0,"cards_obtained":["Bouncing Flask"]},{"damage_healed":0.0,"max_hp_gain":0.0,"max_hp_loss":0.0,"gold_gain":0.0,"event_name":"Masked Bandits","player_choice":"Fought Bandits","floor":28.0,"gold_loss":0.0,"damage_taken":0.0},{"damage_healed":0.0,"max_hp_gain":0.0,"max_hp_loss":0.0,"gold_gain":275.0,"event_name":"Golden Shrine","player_choice":"Desecrate","floor":36.0,"gold_loss":0.0,"damage_taken":0.0,"cards_obtained":["Regret"]},{"cards_removed":["Regret"],"damage_healed":0.0,"max_hp_gain":0.0,"max_hp_loss":0.0,"gold_gain":0.0,"event_name":"Purifier","player_choice":"Purged","floor":38.0,"gold_loss":0.0,"damage_taken":0.0}],"is_beta":false,"boss_relics":[{"not_picked":["StuffTheSpire:RunicHypercube","halation:CatFaceCupcake","jedi:paperlyon"]},{"not_picked":["hubris:VirtuousBlindfold","Replay:Drink Me"],"picked":"vexMod:TanglingVine"}],"items_purged_floors":[39],"is_endless":false,"potions_floor_spawned":[3,8,16,18,29,31,35,47],"killed_by":"Time Eater","ascension_level":0}}