{"host":"ljavmhyz2e552xgo","time":1609415142,"event":{"mods":["BaseMod","Better Third Choice","Downfall","Friendly Minions","Minty Spire (QoL Compilation)","Permanent Neow","Spicy Shops","StSLib"],"gold_per_floor":[99,118,118,134,153,29,29,29,29,48,148,73,106,116,126,230,230,230,230,230,230,13,13,13,13,13,0,0,0,0,0,0,0,0,0,0,0,0,0,0,0,0,0,0,0,0,0,0,0,0,0,0,0,0,0],"floor_reached":56,"playtime":5995,"items_purged":[],"score":1351,"play_id":"f508f731-4460-4048-9389-41dc78446f8a","local_time":"20201231054542","is_ascension_mode":false,"campfire_choices":[{"data":"sneckomod:TailWhip","floor":1.0,"key":"SMITH"},{"floor":9.0,"key":"RECALL"},{"floor":12.0,"key":"REST"},{"data":"sneckomod:Nope","floor":18.0,"key":"SMITH"},{"data":"sneckomod:UnlimitedRolls","floor":23.0,"key":"SMITH"},{"data":"sneckomod:DefensiveFlair","floor":25.0,"key":"SMITH"},{"data":"sneckomod:DiceBoulder+1","floor":30.0,"key":"SMITH"},{"data":"sneckomod:DiceBoulder+2","floor":35.0,"key":"SMITH"},{"data":"sneckomod:DiceBoulder+3","floor":42.0,"key":"SMITH"},{"data":"sneckomod:MasterEye","floor":54,"key":"SMITH"}],"circlet_count":0,"master_deck":["sneckomod:Strike+1","sneckomod:Defend+1","sneckomod:Defend+1","sneckomod:TailWhip+1","sneckomod:SnekBite+1","sneckomod:Unknown+1","sneckomod:Unknown+1","sneckomod:Nope+1","sneckomod:SoulDraw+1","sneckomod:SnakeSap+1","sneckomod:MasterEye+1","sneckomod:SnakeSap+1","sneckomod:QuickMove+1","sneckomod:UnknownCommonAttack+1","sneckomod:UnlimitedRolls+1","sneckomod:UnknownCommonAttack+1","sneckomod:UnknownX+1","sneckomod:DefensiveFlair+1","sneckomod:MorePower+1","sneckomod:UnknownDexterity+1","sneckomod:UnknownStrike+1","Ghostly+1","Ghostly+1","Ghostly+1","Ghostly+1","Ghostly+1","sneckomod:UnknownClassSLIMEBOUND+1","sneckomod:DiceBoulder+5","sneckomod:UnknownColorless+1","sneckomod:PureSnecko+1","sneckomod:UnknownUncommonSkill+1","sneckomod:SnakeSap+1","sneckomod:UnknownBlock+1","sneckomod:UnknownX+1","sneckomod:UnknownEthereal+1","sneckomod:UnknownClassRED+1","sneckomod:Unknown3Cost+1","sneckomod:UnknownDexterity+1","sneckomod:UnknownClassGUARDIAN+1","sneckomod:Restock+1","sneckomod:CheapStock+1","sneckomod:UnknownUncommonPower+1","sneckomod:UnknownRarePower+1","expansioncontent:Collect+1","expansioncontent:AwakenDeath+1","expansioncontent:TimeRipple+1","sneckomod:UnknownColorless+1","sneckomod:Restock+1","sneckomod:Unknown2Cost+1","sneckomod:MasterEye+1","sneckomod:UnknownColorless+1","sneckomod:UnknownRareSkill","sneckomod:UnknownDexterity+1","sneckomod:UnknownUncommonAttack+1","sneckomod:UnknownEthereal+1","sneckomod:SerpentIdol+1"],"relics":["sneckomod:SneckoSoul","Lantern","Mango","downfall:Hecktoplasm","sneckomod:SleevedAce","Torii","Mummified Hand","FossilizedHelix","Sozu","Darkstone Periapt","Turnip","Dead Branch"],"acts_visited":["Exordium","TheCity","TheBeyond","TheEnding"],"potions_floor_usage":[50],"damage_taken":[{"damage":0.0,"enemies":"Small Slimes","floor":2.0,"turns":3.0},{"damage":2.0,"enemies":"2 Louse","floor":4.0,"turns":2.0},{"damage":8.0,"enemies":"Jaw Worm","floor":5.0,"turns":2.0},{"damage":5.0,"enemies":"downfall:FleeingMerchant","floor":6.0,"turns":4.0},{"damage":20.0,"enemies":"Exordium Thugs","floor":10.0,"turns":5.0},{"damage":5.0,"enemies":"downfall:Heads","floor":11.0,"turns":5.0},{"damage":0.0,"enemies":"Gremlin Nob","floor":13.0,"turns":3.0},{"damage":0.0,"enemies":"Large Slime","floor":14.0,"turns":3.0},{"damage":0.0,"enemies":"Exordium Wildlife","floor":15.0,"turns":3.0},{"damage":15.0,"enemies":"downfall:Silent","floor":16.0,"turns":6.0},{"damage":0.0,"enemies":"Spheric Guardian","floor":19.0,"turns":3.0},{"damage":4.0,"enemies":"Chosen","floor":21.0,"turns":6.0},{"damage":0.0,"enemies":"downfall:FleeingMerchant","floor":22.0,"turns":4.0},{"damage":4.0,"enemies":"3 Cultists","floor":26.0,"turns":4.0},{"damage":0.0,"enemies":"downfall:FleeingMerchant","floor":27.0,"turns":4.0},{"damage":42.0,"enemies":"downfall:Ironclad","floor":28.0,"turns":7.0},{"damage":5.0,"enemies":"Slavers","floor":31.0,"turns":6.0},{"damage":8.0,"enemies":"Snake Plant","floor":32.0,"turns":4.0},{"damage":1.0,"enemies":"downfall:Defect","floor":33.0,"turns":10.0},{"damage":0.0,"enemies":"3 Darklings","floor":36.0,"turns":2.0},{"damage":1.0,"enemies":"Orb Walker","floor":37.0,"turns":4.0},{"damage":0.0,"enemies":"Maw","floor":39.0,"turns":7.0},{"damage":0.0,"enemies":"Transient","floor":40.0,"turns":5.0},{"damage":11.0,"enemies":"Jaw Worm Horde","floor":43.0,"turns":3.0},{"damage":8.0,"enemies":"3 Darklings","floor":45.0,"turns":6.0},{"damage":0.0,"enemies":"Sphere and 2 Shapes","floor":46.0,"turns":3.0},{"damage":0,"enemies":"Nemesis","floor":48,"turns":7},{"damage":0,"enemies":"Maw","floor":49,"turns":4},{"damage":7,"enemies":"downfall:Watcher","floor":50,"turns":5},{"damage":15,"enemies":"downfall:CharBossMerchant","floor":52,"turns":5},{"damage":0,"enemies":"downfall:NeowBoss","floor":55,"turns":14}],"seed_played":"-7741410626736032098","potions_obtained":[{"floor":10.0,"key":"champ:CounterPotion"},{"floor":13.0,"key":"Block Potion"},{"floor":14.0,"key":"Explosive Potion"},{"floor":15.0,"key":"SteroidPotion"},{"floor":16.0,"key":"Fire Potion"},{"floor":19.0,"key":"SneckoOil"},{"floor":32.0,"key":"sneckomod:DiceRollPotion"}],"is_trial":false,"path_per_floor":["R","M","?","M","M","$","T","?","R","M","?","R","E","M","M","B",null,"R","M","?","M","$","R","T","R","M","$","?","$","R","E","M","B",null,"R","M","M","?","M","M","T","R","M","?","M","M","?","E","M","B",null,"E","$","R","B",null],"character_chosen":"THE_SNECKO","items_purchased":["sneckomod:MasterEye","sneckomod:SnakeSap","sneckomod:SleevedAce","Fire Potion"],"campfire_rested":1,"item_purchase_floors":[6,6,22,22],"current_hp_per_floor":[90,90,90,88,80,75,75,75,75,55,51,78,93,94,94,81,107,107,109,54,51,52,52,52,62,63,64,69,69,69,68,62,62,74,74,74,75,65,70,78,78,78,67,67,59,61,61,63,64,57,83,76,76,76,76],"gold":0,"neow_bonus":"UPGRADE_CARD","is_daily":false,"chose_seed":false,"campfire_upgraded":8,"win_rate":0.0,"timestamp":1609415142,"path_taken":["R","M","?","M","M","$","T","?","R","M","?","R","E","?","M","BOSS","R","M","?","M","$","R","T","R","M","$","?","?","R","E","M","BOSS","R","M","M","?","M","M","T","R","M","?","M","M","?","E","M","BOSS","E","$","R","BOSS"],"items_purchased_type":["Card","Card","Relic","Potion"],"build_version":"2020-12-22","purchased_purges":0,"victory":true,"max_hp_per_floor":[90,90,90,90,90,90,90,90,90,90,91,91,106,107,107,107,107,107,109,54,55,56,56,56,66,67,68,69,69,69,71,73,74,74,74,74,76,76,77,78,78,78,78,78,78,80,80,82,83,83,83,83,83,83,83],"card_choices":[{"not_picked":["sneckomod:WideSting","sneckomod:DiceBlock"],"picked":"sneckomod:Nope","floor":2.0},{"not_picked":["sneckomod:UnknownWeak","sneckomod:WideSting"],"picked":"sneckomod:SoulDraw","floor":4.0},{"not_picked":["sneckomod:IronFang","sneckomod:DiceCrush","sneckomod:Nope"],"picked":"SKIP","floor":5.0},{"not_picked":["sneckomod:Rotation","sneckomod:SoulDraw"],"picked":"sneckomod:SnakeSap","floor":6.0},{"not_picked":["sneckomod:Rotation","sneckomod:Nope"],"picked":"sneckomod:QuickMove","floor":10.0},{"not_picked":["sneckomod:UnknownStrike","sneckomod:TrashToTreasure"],"picked":"sneckomod:UnlimitedRolls","floor":11.0},{"not_picked":["sneckomod:SoulDraw","sneckomod:Nope"],"picked":"sneckomod:UnknownCommonAttack","floor":13.0},{"not_picked":["sneckomod:UnknownCommonSkill","sneckomod:UnknownClassPURPLE"],"picked":"sneckomod:UnknownX","floor":14.0},{"not_picked":["sneckomod:SlitherStrike","sneckomod:WideSting"],"picked":"sneckomod:DefensiveFlair","floor":15.0},{"not_picked":["sneckomod:SoulExchange","sneckomod:UnknownColorless"],"picked":"sneckomod:MorePower","floor":16.0},{"not_picked":["sneckomod:UnknownExhaust+1","sneckomod:UnknownX+1"],"picked":"sneckomod:UnknownDexterity+1","floor":19.0},{"not_picked":["sneckomod:UnknownCommonAttack","sneckomod:UnknownClassSLIMEBOUND"],"picked":"sneckomod:UnknownStrike","floor":19.0},{"not_picked":["sneckomod:UnknownCommonSkill+1","sneckomod:UnknownCommonAttack+1"],"picked":"sneckomod:UnknownClassSLIMEBOUND+1","floor":21.0},{"not_picked":["sneckomod:MasterEye","sneckomod:UnknownClassHEXA_GHOST_PURPLE"],"picked":"sneckomod:DiceBoulder+1","floor":21.0},{"not_picked":["sneckomod:UnknownUncommonAttack+1","sneckomod:UnknownClassGREEN+1"],"picked":"sneckomod:UnknownColorless+1","floor":22.0},{"not_picked":["sneckomod:DiceCrush","sneckomod:WideSting"],"picked":"sneckomod:PureSnecko+1","floor":22.0},{"not_picked":["sneckomod:UnknownDexterity+1","sneckomod:UnknownEthereal+1"],"picked":"sneckomod:UnknownUncommonSkill+1","floor":26.0},{"not_picked":["sneckomod:SoulRoll","sneckomod:UnknownEthereal"],"picked":"sneckomod:SnakeSap+1","floor":26.0},{"not_picked":["sneckomod:UnknownClassRED","sneckomod:UnknownCommonAttack"],"picked":"sneckomod:UnknownBlock","floor":27.0},{"not_picked":["sneckomod:UnknownCommonAttack+1","sneckomod:UnknownClassGREEN+1"],"picked":"sneckomod:UnknownX+1","floor":28.0},{"not_picked":["sneckomod:UnknownBlock+1","sneckomod:UnknownCommonAttack+1"],"picked":"sneckomod:UnknownEthereal+1","floor":31.0},{"not_picked":["sneckomod:UnknownDexterity","sneckomod:QuickMove"],"picked":"sneckomod:UnknownClassRED+1","floor":31.0},{"not_picked":["sneckomod:UnknownClassGUARDIAN+1","sneckomod:UnknownStrike+1"],"picked":"sneckomod:Unknown3Cost+1","floor":32.0},{"not_picked":["sneckomod:UnknownClassGREEN+1","sneckomod:Rotation"],"picked":"sneckomod:UnknownDexterity+1","floor":32.0},{"not_picked":["sneckomod:Unknown0Cost+1","sneckomod:UnknownClassTHE_CHAMP_GRAY+1"],"picked":"sneckomod:UnknownClassGUARDIAN+1","floor":33.0},{"not_picked":["sneckomod:Cheat","sneckomod:Unknown3Cost"],"picked":"sneckomod:Restock","floor":33.0},{"not_picked":["sneckomod:UnknownClassBLUE+1","sneckomod:PureSnecko+1"],"picked":"sneckomod:CheapStock+1","floor":36.0},{"not_picked":["sneckomod:UnknownStrike+1","sneckomod:UnknownClassSLIMEBOUND+1"],"picked":"sneckomod:UnknownUncommonPower+1","floor":37.0},{"not_picked":["sneckomod:Nope","sneckomod:UnknownCommonAttack+1"],"picked":"sneckomod:UnknownRarePower","floor":37.0},{"not_picked":["expansioncontent:GuardianWhirl","expansioncontent:DefensiveMode"],"picked":"expansioncontent:Collect","floor":38.0},{"not_picked":["expansioncontent:ChargeUp","expansioncontent:YouAreMine"],"picked":"expansioncontent:AwakenDeath","floor":38.0},{"not_picked":["expansioncontent:DecasProtection","expansioncontent:PolyBeam"],"picked":"expansioncontent:TimeRipple","floor":38.0},{"not_picked":["sneckomod:Unknown2Cost+1","sneckomod:Unknown1Cost+1"],"picked":"sneckomod:UnknownColorless+1","floor":39.0},{"not_picked":["sneckomod:UnknownCommonSkill+1","sneckomod:UnknownClassGUARDIAN"],"picked":"sneckomod:Restock","floor":39.0},{"not_picked":["sneckomod:UnknownExhaust+1","sneckomod:UnknownUncommonSkill+1"],"picked":"sneckomod:Unknown2Cost+1","floor":40.0},{"not_picked":["sneckomod:UnknownClassSLIMEBOUND","sneckomod:Nope+1","sneckomod:PureSnecko+1"],"picked":"SKIP","floor":40.0},{"not_picked":["sneckomod:UnknownWeak","sneckomod:UnknownClassGUARDIAN+1","sneckomod:UnknownCommonAttack"],"picked":"SKIP","floor":43.0},{"not_picked":["sneckomod:WideSting","sneckomod:MixItUp"],"picked":"sneckomod:MasterEye","floor":45.0},{"not_picked":["sneckomod:UnknownClassGREEN+1","sneckomod:UnknownStrike+1"],"picked":"sneckomod:UnknownColorless+1","floor":46.0},{"not_picked":["sneckomod:UnknownBlock+1","sneckomod:UnknownClassGUARDIAN+1"],"picked":"sneckomod:UnknownRareSkill","floor":46.0},{"not_picked":["sneckomod:UnknownStrike+1","sneckomod:UnknownX+1"],"picked":"sneckomod:UnknownDexterity+1","floor":48},{"not_picked":["sneckomod:UnknownClassGREEN+1","sneckomod:IronFang"],"picked":"sneckomod:UnknownUncommonAttack+1","floor":48},{"not_picked":["sneckomod:UnknownClassTHE_CHAMP_GRAY+1","sneckomod:UnknownCommonSkill+1"],"picked":"sneckomod:UnknownEthereal+1","floor":49},{"not_picked":["sneckomod:UnknownVulnerable","sneckomod:UnknownBlock"],"picked":"sneckomod:SerpentIdol+1","floor":49},{"not_picked":["sneckomod:UnknownStrike+1","sneckomod:Unknown+1","sneckomod:UnknownX+1"],"picked":"SKIP","floor":52},{"not_picked":["sneckomod:SoulDraw","sneckomod:SoulRoll+1","sneckomod:UnknownCommonSkill"],"picked":"SKIP","floor":52}],"player_experience":1417501,"relics_obtained":[{"floor":7.0,"key":"Lantern"},{"floor":13.0,"key":"Mango"},{"floor":28.0,"key":"Torii"},{"floor":28.0,"key":"Mummified Hand"},{"floor":31.0,"key":"FossilizedHelix"},{"floor":41.0,"key":"Darkstone Periapt"},{"floor":48,"key":"Turnip"},{"floor":52,"key":"Dead Branch"}],"event_choices":[{"cards_removed":["sneckomod:Strike"],"damage_healed":0.0,"max_hp_gain":0.0,"max_hp_loss":0.0,"gold_gain":0.0,"event_name":"The Cleric","player_choice":"Card Removal","floor":3.0,"gold_loss":0.0,"damage_taken":0.0},{"damage_healed":0.0,"max_hp_gain":0.0,"max_hp_loss":55.0,"gold_gain":0.0,"event_name":"Ghosts","player_choice":"Became a Ghost","floor":20.0,"gold_loss":0.0,"damage_taken":0.0,"cards_obtained":["Ghostly","Ghostly","Ghostly","Ghostly","Ghostly"]},{"cards_removed":["sneckomod:Strike"],"damage_healed":0.0,"max_hp_gain":0.0,"max_hp_loss":0.0,"gold_gain":0.0,"event_name":"Purifier","player_choice":"Purged","floor":47.0,"gold_loss":0.0,"damage_taken":0.0}],"is_beta":false,"boss_relics":[{"not_picked":["SacredBark","Busted Crown"],"picked":"downfall:Hecktoplasm"},{"not_picked":["Velvet Choker","Astrolabe"],"picked":"Sozu"}],"items_purged_floors":[],"is_endless":false,"potions_floor_spawned":[10,13,14,15,16,19,26,32,39,40,43,46],"ascension_level":0}}