{"host":"o5or1zybx7au40zl","time":1609425601,"event":{"mods":["Act Like it!","BaseMod","Better Third Choice","Conspire","Dota2Spire","Hubris","Minty Spire (QoL Compilation)","Replay The Spire","StSLib"],"gold_per_floor":[112,126,170,188,205,205,240,240,319,329,329,12,36,91,91,222,222,243,243,237,187,3,24,68,68,68,68,86,86,102,127,127,127,127],"floor_reached":33,"playtime":670,"items_purged":["Injury"],"score":269,"play_id":"5e6e4ca2-efa1-424c-aa9a-23a29f2cf16d","local_time":"20201231154001","is_ascension_mode":false,"campfire_choices":[{"floor":6,"key":"RECALL"},{"floor":8,"key":"REST"},{"floor":15,"key":"REST"},{"floor":27,"key":"REST"},{"floor":29,"key":"REST"},{"floor":32,"key":"DIG"}],"circlet_count":0,"master_deck":["Strike_R+1","Strike_R","Strike_R","Strike_R+1","Strike_R","Defend_R","Defend_R","Bash","Hemokinesis","Run Through","Inflame","Cleave","Metallicize","Cleave","conspire:Purge","Trip","ReplayTheSpireMod:Limb From Limb","Bludgeon","Perfected Strike+1","Life Link+1","Spot Weakness","Twin Strike","ReplayTheSpireMod:LeadingStrike","Wild Strike+1","Dual Wield+1","Armaments+1","Cleave"],"relics":["Burning Blood","hubris:Potato","conspire:Flyswatter","Centennial Puzzle","Golden Idol","conspire:TreasureMap","Bronze Scales","SacredBark","Ring of Hypnosis","Simple Rune","Blue Candle","CeramicFish"],"acts_visited":["Exordium","TheCity"],"potions_floor_usage":[16,24,30,33],"damage_taken":[{"damage":5,"enemies":"2 Louse","floor":1,"turns":4},{"damage":0,"enemies":"Small Slimes","floor":2,"turns":3},{"damage":6,"enemies":"Jaw Worm","floor":4,"turns":3},{"damage":19,"enemies":"Blue Slaver","floor":5,"turns":3},{"damage":40,"enemies":"3 Sentries","floor":7,"turns":10},{"damage":11,"enemies":"Lots of Slimes","floor":10,"turns":3},{"damage":0,"enemies":"3 Louse","floor":13,"turns":2},{"damage":45,"enemies":"Hexaghost","floor":16,"turns":8},{"damage":21,"enemies":"Spheric Guardian","floor":18,"turns":4},{"damage":21,"enemies":"2 Thieves","floor":20,"turns":4},{"damage":27,"enemies":"Cultist and Chosen","floor":23,"turns":5},{"damage":26,"enemies":"Gremlin Leader","floor":24,"turns":6},{"damage":33,"enemies":"Centurion and Healer","floor":28,"turns":3},{"damage":15,"enemies":"Chosen and Byrds","floor":30,"turns":3},{"damage":23,"enemies":"Shelled Parasite and Fungi","floor":31,"turns":3},{"damage":48,"enemies":"Collector","floor":33,"turns":3}],"seed_played":"-8927122073315665598","potions_obtained":[{"floor":1,"key":"FairyPotion"},{"floor":3,"key":"BloodPotion"},{"floor":16,"key":"Milkshake"},{"floor":20,"key":"LiquidBronze"},{"floor":28,"key":"AttackPotion"},{"floor":30,"key":"AttackPotion"}],"is_trial":false,"path_per_floor":["M","M","?","M","M","R","E","R","T","M","?","$","M","T","R","B",null,"M","?","M","?","$","M","E","?","T","R","M","R","M","M","R","B"],"character_chosen":"IRONCLAD","items_purchased":["conspire:TreasureMap","Trip","Spot Weakness","Twin Strike","ReplayTheSpireMod:LeadingStrike"],"campfire_rested":4,"item_purchase_floors":[12,12,22,22,22],"current_hp_per_floor":[80,80,60,60,47,47,13,37,37,32,32,32,38,38,62,39,80,65,65,50,50,50,29,9,1,1,25,48,72,63,46,46,0,0],"gold":127,"neow_bonus":"ONE_RARE_RELIC","is_daily":false,"chose_seed":false,"campfire_upgraded":0,"win_rate":0.0,"timestamp":1609425601,"path_taken":["M","M","?","M","M","R","E","R","T","M","?","$","M","?","R","BOSS","M","?","M","?","$","?","E","?","T","R","M","R","M","M","R","BOSS"],"items_purchased_type":["Relic","Card","Card","Card","Card"],"build_version":"2020-12-22","purchased_purges":1,"victory":false,"max_hp_per_floor":[80,80,80,80,80,80,80,80,80,80,80,80,80,80,80,80,80,80,80,80,80,80,80,80,80,80,80,80,80,80,80,80,80,80],"card_choices":[{"not_picked":["Searing Blow","Second Wind"],"picked":"Hemokinesis","floor":1},{"not_picked":["Shrug It Off","Anger"],"picked":"Run Through","floor":2},{"not_picked":["Bloodletting","Clothesline"],"picked":"Inflame","floor":3},{"not_picked":["Shrug It Off","Wild Strike"],"picked":"Cleave","floor":4},{"not_picked":["Heavy Blade","Twin Strike"],"picked":"Metallicize","floor":5},{"not_picked":["Reckless Charge","Sword Boomerang"],"picked":"Cleave","floor":7},{"not_picked":["Anger","Shrug It Off"],"picked":"conspire:Purge","floor":10},{"not_picked":["True Grit","Run Through"],"picked":"ReplayTheSpireMod:Limb From Limb","floor":13},{"not_picked":["Corruption","conspire:Purge"],"picked":"Bludgeon","floor":16},{"not_picked":["Replay:Undeath\u0027s Touch","Sword Boomerang"],"picked":"Perfected Strike+1","floor":18},{"not_picked":["Replay:Undeath\u0027s Touch+1","Defy Death"],"picked":"Life Link+1","floor":20},{"not_picked":["Burning Pact","Cleave+1"],"picked":"Wild Strike+1","floor":23},{"not_picked":["Searing Blow","hubris:ReadiedAction+1","Havoc"],"picked":"SKIP","floor":24},{"not_picked":["Replay:Undeath\u0027s Touch","Clothesline"],"picked":"Dual Wield+1","floor":28},{"not_picked":["Carnage","Warcry"],"picked":"Armaments+1","floor":30},{"not_picked":["Shrug It Off","hubris:ReadiedAction"],"picked":"Cleave","floor":31}],"player_experience":916809,"relics_obtained":[{"floor":3,"key":"conspire:Flyswatter"},{"floor":7,"key":"Centennial Puzzle"},{"floor":14,"key":"Bronze Scales"},{"floor":19,"key":"Ring of Hypnosis"},{"floor":24,"key":"Simple Rune"},{"floor":26,"key":"Blue Candle"},{"floor":32,"key":"CeramicFish"}],"event_choices":[{"damage_healed":0,"gold_gain":0,"player_choice":"Take Wound","damage_taken":0,"relics_obtained":["Golden Idol"],"max_hp_gain":0,"max_hp_loss":0,"event_name":"Golden Idol","floor":11,"gold_loss":0,"cards_obtained":["Injury"]},{"damage_healed":0,"gold_gain":0,"player_choice":"Bet on Murderer","damage_taken":0,"max_hp_gain":0,"max_hp_loss":0,"event_name":"The Joust","floor":21,"gold_loss":50},{"damage_healed":0,"gold_gain":0,"player_choice":"Damaged","damage_taken":8,"max_hp_gain":0,"max_hp_loss":0,"event_name":"Wheel of Change","floor":25,"gold_loss":0}],"is_beta":false,"boss_relics":[{"not_picked":["Empty Cage","Fusion Hammer"],"picked":"SacredBark"}],"items_purged_floors":[12],"is_endless":false,"potions_floor_spawned":[1,16,20,28,30],"killed_by":"Collector","ascension_level":0}}