{"host":"6ko66ogg91i6g7xq","time":1609438038,"event":{"mods":["AchievementEnabler","Act Like it!","BaseMod","Colored Map","Colored Powertips","Downfall","Hermit","Minty Spire (QoL Compilation)","Quick Restart","Relic Stats","StSLib","The Jungle","everything is the same but u backflip on backflip"],"gold_per_floor":[117,392,21,196,207,234,234,260,310,320,348,374,96,121,121,226,226,238,72,72,88,88,88,121,121,147,174,273,303,303,316,316,416,416,435,455,455,109,159,192,192,223,223,258,268,296,296,317,317,317,317,317,79,104,104,104],"floor_reached":55,"playtime":1687,"items_purged":["Regret","Doubt","Deadly Poison+1"],"score":1021,"play_id":"a52eef08-f5b8-4c4b-a5e4-9906fa49550b","local_time":"20201231130718","is_ascension_mode":true,"campfire_choices":[{"floor":7,"key":"RECALL"},{"data":"Die Die Die","floor":15,"key":"SMITH"},{"floor":25,"key":"REST"},{"floor":30,"key":"REST"},{"floor":32,"key":"REST"},{"floor":47,"key":"REST"},{"floor":49,"key":"REST"},{"data":"Apotheosis","floor":52,"key":"SMITH"}],"circlet_count":0,"master_deck":["Strike_G","Strike_G","Strike_G","Defend_G","Defend_G","Defend_G","Defend_G","Defend_G","Survivor","Dagger Spray","Corpse Explosion","Dash","Noxious Fumes","Sucker Punch","Die Die Die+1","Die Die Die","Caltrops+1","Phantasmal Killer+1","Cloak And Dagger+1","Swift Strike","Infinite Blades","Blade Dance+1","Infinite Blades","Backstab+1","Storm of Steel","Leg Sweep","Footwork","Dramatic Entrance+1","Accuracy+1","Apotheosis+1","Flash of Steel+1","Leg Sweep","Infinite Blades","Terror"],"relics":["Ring of the Snake","NeowsBlessing","Bag of Preparation","PreservedInsect","The Courier","Bronze Scales","Odd Mushroom","Bottled Flame","Shuriken","Astrolabe","Boot","Pen Nib","Oddly Smooth Stone","Bag of Marbles","Black Star","Molten Egg 2","Ice Cream","Meat on the Bone","Pear","Omamori","Juzu Bracelet","Sundial","Akabeko","CeramicFish","Ninja Scroll","Orichalcum","Lantern"],"acts_visited":["Exordium","TheCity","TheBeyond","TheEnding"],"potions_floor_usage":[11,16,21,24,33,40,45,46,48,55,55],"damage_taken":[{"damage":0,"enemies":"Jaw Worm","floor":1,"turns":1},{"damage":0,"enemies":"Cultist","floor":5,"turns":1},{"damage":0,"enemies":"Gremlin Nob","floor":6,"turns":1},{"damage":3,"enemies":"Lagavulin","floor":8,"turns":5},{"damage":2,"enemies":"2 Louse","floor":10,"turns":2},{"damage":0,"enemies":"The Mushroom Lair","floor":11,"turns":3},{"damage":17,"enemies":"Gremlin Nob","floor":14,"turns":3},{"damage":0,"enemies":"Slime Boss","floor":16,"turns":7},{"damage":2,"enemies":"Chosen","floor":18,"turns":4},{"damage":0,"enemies":"Spheric Guardian","floor":21,"turns":2},{"damage":15,"enemies":"Book of Stabbing","floor":24,"turns":4},{"damage":13,"enemies":"Gremlin Leader","floor":27,"turns":3},{"damage":32,"enemies":"Slavers","floor":29,"turns":2},{"damage":3,"enemies":"Cultist and Chosen","floor":31,"turns":3},{"damage":24,"enemies":"Automaton","floor":33,"turns":5},{"damage":0,"enemies":"3 Shapes","floor":35,"turns":4},{"damage":0,"enemies":"3 Darklings","floor":36,"turns":1},{"damage":2,"enemies":"Mind Bloom Boss Battle","floor":39,"turns":4},{"damage":17,"enemies":"Reptomancer","floor":40,"turns":3},{"damage":0,"enemies":"Nemesis","floor":42,"turns":1},{"damage":9,"enemies":"Reptomancer","floor":44,"turns":3},{"damage":27,"enemies":"Writhing Mass","floor":45,"turns":4},{"damage":0,"enemies":"Sphere and 2 Shapes","floor":46,"turns":3},{"damage":18,"enemies":"Transient","floor":48,"turns":5},{"damage":75,"enemies":"Time Eater","floor":50,"turns":9},{"damage":40,"enemies":"Shield and Spear","floor":54,"turns":3},{"damage":45,"enemies":"The Heart","floor":55,"turns":3}],"seed_played":"-6863440237842135061","potions_obtained":[{"floor":5,"key":"SpeedPotion"},{"floor":10,"key":"Fire Potion"},{"floor":11,"key":"BlessingOfTheForge"},{"floor":16,"key":"champ:CounterPotion"},{"floor":18,"key":"Swift Potion"},{"floor":29,"key":"Explosive Potion"},{"floor":36,"key":"Strength Potion"},{"floor":40,"key":"champ:CounterPotion"},{"floor":42,"key":"Dexterity Potion"},{"floor":45,"key":"BlessingOfTheForge"},{"floor":46,"key":"DistilledChaos"}],"is_trial":false,"path_per_floor":["M","?","$","?","M","E","R","E","T","M","?","T","$","E","R","B",null,"M","$","?","M","$","?","E","R","T","E","?","E","R","M","R","B",null,"M","M","?","$","?","E","?","E","T","E","M","M","R","M","R","B",null,"R","$","E","B"],"character_chosen":"THE_SILENT","items_purchased":["Corpse Explosion","Bag of Preparation","Bottled Flame","Swift Strike","Molten Egg 2","Footwork","Dramatic Entrance+1","Ninja Scroll","SpeedPotion"],"campfire_rested":5,"item_purchase_floors":[3,3,13,19,38,38,38,53,53],"current_hp_per_floor":[70,70,70,70,70,70,70,67,67,65,65,65,65,48,48,48,70,68,68,55,55,55,55,40,62,62,49,49,17,39,36,58,34,75,75,75,75,75,73,66,56,56,56,47,32,44,69,51,76,13,85,85,85,45,0,0],"gold":104,"neow_bonus":"THREE_ENEMY_KILL","is_daily":false,"chose_seed":false,"campfire_upgraded":2,"win_rate":0.0,"timestamp":1609438038,"path_taken":["M","?","?","?","M","E","R","E","T","?","?","?","$","E","R","BOSS","M","$","?","M","$","?","E","R","T","E","?","E","R","M","R","BOSS","M","M","?","$","?","E","?","E","T","E","M","M","R","M","R","BOSS","R","$","E","BOSS"],"items_purchased_type":["Card","Relic","Relic","Card","Relic","Card","Card","Relic","Potion"],"build_version":"2020-12-22","purchased_purges":3,"victory":false,"max_hp_per_floor":[70,70,70,70,70,70,70,70,70,70,70,70,70,70,70,70,70,70,70,75,75,75,75,75,75,75,75,75,75,75,75,75,75,75,75,75,75,75,75,85,85,85,85,85,85,85,85,85,85,85,85,85,85,85,85,85],"relic_stats":{"counters":[27,89],"Astrolabe":["Caltrops","Phantasmal Killer","Deadly Poison"],"CeramicFish":27,"PreservedInsect":414,"Pen Nib":[17],"Bag of Preparation":[48],"Juzu Bracelet":0,"Orichalcum":[0],"Boot":[4],"Shuriken":[50],"Sundial":[0],"Bronze Scales":[193],"Black Star":4,"obtain_stats":[{"Ice Cream":39,"Lantern":54,"CeramicFish":44,"Bag of Preparation":3,"Juzu Bracelet":42,"Boot":24,"Sundial":43,"Ninja Scroll":53,"Ring of the Snake":0,"Pear":40,"NeowsBlessing":0,"Astrolabe":17,"Oddly Smooth Stone":27,"PreservedInsect":6,"The Courier":8,"Pen Nib":26,"Omamori":42,"Odd Mushroom":11,"Orichalcum":54,"Akabeko":44,"Bottled Flame":13,"Shuriken":14,"Bronze Scales":9,"Molten Egg 2":38,"Bag of Marbles":29,"Black Star":34,"Meat on the Bone":40},{"Ice Cream":18,"Lantern":26,"CeramicFish":21,"Bag of Preparation":1,"Juzu Bracelet":20,"Boot":11,"Sundial":20,"Ninja Scroll":25,"Ring of the Snake":0,"Pear":19,"NeowsBlessing":0,"Astrolabe":8,"Oddly Smooth Stone":12,"PreservedInsect":3,"The Courier":4,"Pen Nib":11,"Omamori":20,"Odd Mushroom":6,"Orichalcum":26,"Akabeko":21,"Bottled Flame":6,"Shuriken":7,"Bronze Scales":4,"Molten Egg 2":17,"Bag of Marbles":13,"Black Star":15,"Meat on the Bone":19},{"Ice Cream":55,"Lantern":86,"CeramicFish":62,"Bag of Preparation":1,"Juzu Bracelet":59,"Boot":33,"Sundial":59,"Ninja Scroll":83,"Ring of the Snake":0,"Pear":58,"NeowsBlessing":0,"Astrolabe":23,"Oddly Smooth Stone":36,"PreservedInsect":3,"The Courier":8,"Pen Nib":33,"Omamori":59,"Odd Mushroom":13,"Orichalcum":86,"Akabeko":62,"Bottled Flame":13,"Shuriken":16,"Bronze Scales":8,"Molten Egg 2":51,"Bag of Marbles":38,"Black Star":46,"Meat on the Bone":58}],"Ring of the Snake":[54],"Meat on the Bone":36},"card_choices":[{"not_picked":["Dodge and Roll","Slice"],"picked":"Dagger Spray","floor":1},{"not_picked":["Backflip","PiercingWail"],"picked":"Dash","floor":5},{"not_picked":["Poisoned Stab","Dagger Throw"],"picked":"Deadly Poison","floor":6},{"not_picked":["Expertise","All Out Attack"],"picked":"Noxious Fumes","floor":8},{"not_picked":["Infinite Blades","Accuracy"],"picked":"Sucker Punch","floor":10},{"not_picked":["Outmaneuver","Expertise"],"picked":"Die Die Die","floor":11},{"not_picked":["Underhanded Strike","Escape Plan","Bouncing Flask"],"picked":"SKIP","floor":14},{"not_picked":["Grand Finale","Wraith Form v2"],"picked":"Die Die Die","floor":16},{"not_picked":["Footwork","Deadly Poison"],"picked":"Cloak And Dagger+1","floor":18},{"not_picked":["Escape Plan","Poisoned Stab","Setup"],"picked":"SKIP","floor":21},{"not_picked":["Concentrate","Dodge and Roll"],"picked":"Blade Dance+1","floor":24},{"not_picked":["Flying Knee","Calculated Gamble","Predator"],"picked":"SKIP","floor":27},{"not_picked":["After Image","Poisoned Stab"],"picked":"Infinite Blades","floor":29},{"not_picked":["Outmaneuver","Underhanded Strike"],"picked":"Backstab+1","floor":31},{"not_picked":["Doppelganger","A Thousand Cuts"],"picked":"Storm of Steel","floor":33},{"not_picked":["Heel Hook+1","Blur","Deadly Poison"],"picked":"SKIP","floor":35},{"not_picked":["Slice","Setup"],"picked":"Leg Sweep","floor":36},{"not_picked":["Crippling Poison+1","Sucker Punch+1"],"picked":"Accuracy+1","floor":40},{"not_picked":["expansioncontent:GoopSpray","Good Instincts"],"picked":"Apotheosis","floor":41},{"not_picked":["Enlightenment","expansioncontent:CaCaw"],"picked":"Flash of Steel+1","floor":41},{"not_picked":["Poisoned Stab+1","PiercingWail+1","Slice+1"],"picked":"SKIP","floor":42},{"not_picked":["Choke+1","Poisoned Stab+1"],"picked":"Leg Sweep","floor":44},{"not_picked":["Flying Knee+1","Concentrate+1","Deflect"],"picked":"SKIP","floor":45},{"not_picked":["Flechettes+1","All Out Attack+1"],"picked":"Infinite Blades","floor":46},{"not_picked":["Riddle With Holes+1","Tools of the Trade"],"picked":"Terror","floor":48},{"not_picked":["Dagger Spray+1","Reflex","Flying Knee+1"],"picked":"SKIP","floor":54}],"player_experience":274321,"relics_obtained":[{"floor":6,"key":"PreservedInsect"},{"floor":8,"key":"The Courier"},{"floor":9,"key":"Bronze Scales"},{"floor":11,"key":"Odd Mushroom"},{"floor":14,"key":"Shuriken"},{"floor":24,"key":"Boot"},{"floor":26,"key":"Pen Nib"},{"floor":27,"key":"Oddly Smooth Stone"},{"floor":29,"key":"Bag of Marbles"},{"floor":39,"key":"Ice Cream"},{"floor":40,"key":"Meat on the Bone"},{"floor":40,"key":"Pear"},{"floor":42,"key":"Omamori"},{"floor":42,"key":"Juzu Bracelet"},{"floor":43,"key":"Sundial"},{"floor":44,"key":"Akabeko"},{"floor":44,"key":"CeramicFish"},{"floor":54,"key":"Orichalcum"},{"floor":54,"key":"Lantern"}],"event_choices":[{"damage_healed":0,"gold_gain":275,"player_choice":"Desecrate","damage_taken":0,"max_hp_gain":0,"max_hp_loss":0,"event_name":"Golden Shrine","floor":2,"gold_loss":0,"cards_obtained":["Regret"]},{"damage_healed":0,"gold_gain":175,"player_choice":"AGREE","damage_taken":0,"max_hp_gain":0,"max_hp_loss":0,"event_name":"Liars Game","floor":4,"gold_loss":0,"cards_obtained":["Doubt"]},{"damage_healed":0,"gold_gain":0,"player_choice":"Fought Mushrooms","damage_taken":0,"max_hp_gain":0,"max_hp_loss":0,"event_name":"Mushrooms","floor":11,"gold_loss":0},{"damage_healed":0,"gold_gain":0,"player_choice":"Shed Blood","damage_taken":18,"max_hp_gain":5,"max_hp_loss":0,"event_name":"Forgotten Altar","floor":20,"gold_loss":0},{"damage_healed":0,"gold_gain":0,"player_choice":"Read","damage_taken":0,"max_hp_gain":0,"max_hp_loss":0,"event_name":"The Library","floor":23,"gold_loss":0,"cards_obtained":["Infinite Blades"]},{"damage_healed":0,"gold_gain":99,"player_choice":"Stole From Cult","damage_taken":0,"max_hp_gain":0,"max_hp_loss":0,"event_name":"Nest","floor":28,"gold_loss":0},{"cards_removed":["Neutralize"],"damage_healed":0,"gold_gain":0,"player_choice":"Removed Attack","damage_taken":0,"max_hp_gain":0,"max_hp_loss":0,"event_name":"Falling","floor":37,"gold_loss":0},{"damage_healed":0,"gold_gain":0,"player_choice":"Fight","damage_taken":0,"max_hp_gain":0,"max_hp_loss":0,"event_name":"MindBloom","floor":39,"gold_loss":0},{"damage_healed":0,"gold_gain":0,"player_choice":"Memory 3","damage_taken":10,"max_hp_gain":0,"max_hp_loss":0,"event_name":"SensoryStone","floor":41,"gold_loss":0}],"is_beta":false,"boss_relics":[{"not_picked":["Coffee Dripper","Runic Pyramid"],"picked":"Astrolabe"},{"not_picked":["Empty Cage","Snecko Eye"],"picked":"Black Star"}],"items_purged_floors":[3,13,19],"is_endless":false,"potions_floor_spawned":[5,10,11,16,18,29,36,40,42,45,46,54],"killed_by":"The Heart","ascension_level":1}}