{"host":"5ffrjkuvgrxgllwx","time":1609442903,"event":{"mods":["AchievementEnabler","BaseMod","Colored Map","Colored Powertips","Minty Spire (QoL Compilation)","Quick Restart","Rare Cards Sparkle","StSLib","everything is the same but u backflip on backflip"],"gold_per_floor":[115,190,340,356,33,33,67,67,67,85,85,0,32,45,45,119,119,135,49,49,61,61,86,86,111,111,111,111,111],"floor_reached":28,"playtime":1141,"items_purged":["Doubt"],"score":498,"play_id":"4bdae76f-afaf-4b7e-92a3-14216bc88557","local_time":"20201231142823","is_ascension_mode":true,"campfire_choices":[{"floor":6.0,"key":"REST"},{"floor":8.0,"key":"REST"},{"floor":11.0,"key":"REST"},{"floor":15.0,"key":"REST"},{"floor":24.0,"key":"REST"},{"floor":27,"key":"REST"}],"circlet_count":0,"master_deck":["AscendersBane","Strike_G","Strike_G","Strike_G","Strike_G","Strike_G","Defend_G","Defend_G","Defend_G","Defend_G","Defend_G","Survivor","Neutralize+1","Backflip","Bane+1","Riddle With Holes","Footwork","After Image","Infinite Blades","Leg Sweep","Venomology","Crippling Poison","Underhanded Strike","A Thousand Cuts","Eviscerate","Noxious Fumes+1","Catalyst"],"relics":["Snecko Eye","Orrery","Toy Ornithopter","StoneCalendar","Whetstone","SlaversCollar","Bag of Marbles","Centennial Puzzle","Matryoshka"],"acts_visited":["Exordium","TheCity"],"potions_floor_usage":[25,25],"damage_taken":[{"damage":4.0,"enemies":"2 Louse","floor":1.0,"turns":4.0},{"damage":9.0,"enemies":"Jaw Worm","floor":4.0,"turns":6.0},{"damage":38.0,"enemies":"Gremlin Nob","floor":7.0,"turns":6.0},{"damage":12.0,"enemies":"Small Slimes","floor":10.0,"turns":4.0},{"damage":6.0,"enemies":"3 Sentries","floor":13.0,"turns":7.0},{"damage":0.0,"enemies":"3 Louse","floor":14.0,"turns":3.0},{"damage":24.0,"enemies":"Slime Boss","floor":16.0,"turns":9.0},{"damage":10.0,"enemies":"Chosen","floor":18.0,"turns":6.0},{"damage":6.0,"enemies":"Spheric Guardian","floor":21.0,"turns":5.0},{"damage":38.0,"enemies":"Slavers","floor":23.0,"turns":5.0},{"damage":42,"enemies":"Gremlin Leader","floor":25,"turns":8},{"damage":69,"enemies":"3 Cultists","floor":28,"turns":5}],"seed_played":"7088265508944767292","potions_obtained":[{"floor":4.0,"key":"Dexterity Potion"},{"floor":13.0,"key":"Energy Potion"},{"floor":16.0,"key":"GhostInAJar"},{"floor":23.0,"key":"SteroidPotion"},{"floor":25,"key":"Fruit Juice"}],"is_trial":false,"path_per_floor":["M","?","?","M","$","R","E","R","T","M","R","$","E","M","R","B",null,"M","$","?","M","?","E","R","E","T","R","M"],"character_chosen":"THE_SILENT","items_purchased":["Orrery","Leg Sweep","GamblersBrew","Noxious Fumes"],"campfire_rested":6,"item_purchase_floors":[5,5,12,19],"current_hp_per_floor":[55,44,44,35,35,54,16,35,35,28,47,47,46,46,65,42,60,55,55,55,54,54,21,40,13,13,34,0,0],"gold":111,"neow_bonus":"BOSS_RELIC","is_daily":false,"chose_seed":false,"campfire_upgraded":0,"win_rate":0.0,"timestamp":1609442903,"path_taken":["M","?","?","M","$","R","E","R","T","M","R","?","E","M","R","BOSS","M","$","?","M","?","E","R","E","T","R","M"],"items_purchased_type":["Relic","Card","Potion","Card"],"build_version":"2020-12-22","purchased_purges":1,"victory":false,"max_hp_per_floor":[66,66,66,66,66,66,66,66,66,66,66,66,66,66,66,66,66,66,66,66,66,66,66,66,71,71,71,71,71],"card_choices":[{"not_picked":["Dagger Spray","Slice"],"picked":"Backflip","floor":1.0},{"not_picked":["Slice","Dodge and Roll"],"picked":"Bane","floor":4.0},{"not_picked":["Blur","PiercingWail"],"picked":"Riddle With Holes","floor":5.0},{"not_picked":["Deadly Poison","Acrobatics"],"picked":"Footwork","floor":5.0},{"not_picked":["Phantasmal Killer","Leg Sweep"],"picked":"After Image","floor":5.0},{"not_picked":["Backflip","Cloak And Dagger"],"picked":"Infinite Blades","floor":5.0},{"not_picked":["Poisoned Stab","Sucker Punch"],"picked":"Venomology","floor":7.0},{"not_picked":["Dagger Throw","Prepared"],"picked":"Crippling Poison","floor":10.0},{"not_picked":["Sucker Punch","Glass Knife","PiercingWail"],"picked":"SKIP","floor":13.0},{"not_picked":["Cloak And Dagger","Acrobatics"],"picked":"Underhanded Strike","floor":14.0},{"not_picked":["Grand Finale","Doppelganger"],"picked":"A Thousand Cuts","floor":16.0},{"not_picked":["Bane","Sucker Punch"],"picked":"Eviscerate","floor":18.0},{"not_picked":["Flechettes","Prepared","Sucker Punch"],"picked":"SKIP","floor":21.0},{"not_picked":["Flying Knee","Prepared","Dagger Throw"],"picked":"SKIP","floor":23.0},{"not_picked":["Infinite Blades","Quick Slash+1","Poisoned Stab"],"picked":"SKIP","floor":25}],"player_experience":1388114,"relics_obtained":[{"floor":7.0,"key":"Toy Ornithopter"},{"floor":9.0,"key":"StoneCalendar"},{"floor":13.0,"key":"Whetstone"},{"floor":23.0,"key":"Bag of Marbles"},{"floor":25,"key":"Centennial Puzzle"},{"floor":26,"key":"Matryoshka"}],"event_choices":[{"damage_healed":0.0,"max_hp_gain":0.0,"max_hp_loss":0.0,"gold_gain":75.0,"event_name":"World of Goop","player_choice":"Gather Gold","floor":2.0,"gold_loss":0.0,"damage_taken":11.0},{"damage_healed":0.0,"max_hp_gain":0.0,"max_hp_loss":0.0,"gold_gain":150.0,"event_name":"Liars Game","player_choice":"AGREE","floor":3.0,"gold_loss":0.0,"damage_taken":0.0,"cards_obtained":["Doubt"]},{"damage_healed":0.0,"max_hp_gain":0.0,"max_hp_loss":0.0,"gold_gain":0.0,"event_name":"The Library","player_choice":"Read","floor":20.0,"gold_loss":0.0,"damage_taken":0.0,"cards_obtained":["Catalyst"]},{"damage_healed":0.0,"max_hp_gain":0.0,"max_hp_loss":0.0,"gold_gain":0.0,"event_name":"Upgrade Shrine","player_choice":"Upgraded","floor":22.0,"gold_loss":0.0,"damage_taken":0.0,"cards_upgraded":["Noxious Fumes"]}],"is_beta":false,"boss_relics":[{"not_picked":["Fusion Hammer","Sozu"],"picked":"SlaversCollar"}],"items_purged_floors":[5],"is_endless":false,"potions_floor_spawned":[4,13,16,23,25],"killed_by":"3 Cultists","ascension_level":18}}