{"host":"kag8mfq4or8nkqb2","time":1609447624,"event":{"mods":["2.2 Compatiblity","BaseMod","Downfall","Minty Spire (QoL Compilation)","StSLib"],"gold_per_floor":[99,115,25,40,40,52,76,76,95,95,128,13,23,37,51,126,126,51,61,76,95,95,95,95,126,143,143,177,277,303,320,332,406,406,331,341,341,357,357,377,402,420,625,654,665,676,601,147,162,162,162,196,21,21,21],"floor_reached":56,"playtime":3410,"items_purged":["Slimebound:Strike_Slimebound","Slimebound:Tackle","Slimebound:Strike_Slimebound","Slimebound:CorrosiveSpit","Slimebound:DisruptingSlam"],"score":2297,"play_id":"434591bd-d928-4f7b-a12a-b352a5f034fc","local_time":"20201231204704","is_ascension_mode":true,"campfire_choices":[{"data":"Slimebound:Split","floor":1.0,"key":"SMITH"},{"data":"Slimebound:MegaLick","floor":8.0,"key":"SMITH"},{"data":"Slimebound:SamplingLick","floor":18.0,"key":"SMITH"},{"floor":23.0,"key":"RECALL"},{"data":"Slimebound:SelfFormingGoo","floor":35,"key":"SMITH"},{"data":"Slimebound:Teamwork","floor":47,"key":"SMITH"},{"floor":54,"key":"DIG"}],"circlet_count":0,"master_deck":["AscendersBane","Slimebound:Split+1","Slimebound:MegaLick+1","Slimebound:SlimeSpikes","Slimebound:SplitLeeching","Slimebound:Teamwork+1","Slimebound:OneTwoCombo","Slimebound:LeadByExample","Slimebound:SamplingLick+1","Slimebound:SplitMire","Slimebound:OneTwoCombo","Slimebound:SplitSpecialist","Slimebound:Recycling","Slimebound:SplitAcid+1","Slimebound:SplitLeeching","Slimebound:SplitSpecialist","Slimebound:SplitLeeching+1","Slimebound:MinionMaster","Slimebound:SplitLeeching","Slimebound:SelfFormingGoo+1","Slimebound:LevelUp+1","Slimebound:LevelUp","Slimebound:SlimeSpikes+1","Slimebound:LevelUp","Slimebound:SplitAcid+1","Slimebound:MinionMaster"],"relics":["Slimebound:AbsorbEndCombat","Prayer Wheel","Happy Flower","Bag of Preparation","Black Star","downfall:HeartBlessingGreen","Slimebound:PotencyRelic","Toy Ornithopter","Bag of Marbles","Shovel","Du-Vu Doll","Potion Belt","Incense Burner","Thread and Needle","Coffee Dripper","downfall:HeartBlessingRed","Kunai","Bottled Lightning","downfall:HeartBlessingBlue","FossilizedHelix","Blue Candle","Pocketwatch","Letter Opener"],"acts_visited":["Exordium","TheCity","TheBeyond","TheEnding"],"potions_floor_usage":[55],"damage_taken":[{"damage":13.0,"enemies":"2 Louse","floor":2.0,"turns":3.0},{"damage":16.0,"enemies":"downfall:FleeingMerchant","floor":3.0,"turns":4.0},{"damage":12.0,"enemies":"Cultist","floor":4.0,"turns":4.0},{"damage":16.0,"enemies":"Small Slimes","floor":6.0,"turns":4.0},{"damage":27.0,"enemies":"Exordium Wildlife","floor":9.0,"turns":5.0},{"damage":21.0,"enemies":"3 Sentries","floor":11.0,"turns":6.0},{"damage":16.0,"enemies":"downfall:FleeingMerchant","floor":12.0,"turns":4.0},{"damage":4.0,"enemies":"Blue Slaver","floor":13.0,"turns":2.0},{"damage":8.0,"enemies":"2 Fungi Beasts","floor":14.0,"turns":2.0},{"damage":16.0,"enemies":"3 Louse","floor":15.0,"turns":1.0},{"damage":35.0,"enemies":"downfall:Defect","floor":16.0,"turns":5.0},{"damage":20.0,"enemies":"Chosen","floor":19.0,"turns":3.0},{"damage":24.0,"enemies":"Snecko","floor":20.0,"turns":4.0},{"damage":28.0,"enemies":"Centurion and Healer","floor":21.0,"turns":2.0},{"damage":24.0,"enemies":"Gremlin Leader","floor":25.0,"turns":3.0},{"damage":20.0,"enemies":"3 Cultists","floor":26.0,"turns":2.0},{"damage":21.0,"enemies":"3 Cultists","floor":27.0,"turns":3.0},{"damage":32.0,"enemies":"Book of Stabbing","floor":28.0,"turns":3.0},{"damage":20.0,"enemies":"downfall:LadyInBlue","floor":29.0,"turns":3.0},{"damage":33,"enemies":"Slavers","floor":30,"turns":3},{"damage":24,"enemies":"Snake Plant","floor":31,"turns":2},{"damage":16,"enemies":"Centurion and Healer","floor":32,"turns":2},{"damage":31,"enemies":"downfall:Silent","floor":33,"turns":4},{"damage":12,"enemies":"3 Darklings","floor":36,"turns":1},{"damage":20,"enemies":"3 Shapes","floor":38,"turns":1},{"damage":12,"enemies":"Jaw Worm Horde","floor":40,"turns":1},{"damage":14,"enemies":"Maw","floor":42,"turns":2},{"damage":20,"enemies":"downfall:FleeingMerchant","floor":43,"turns":3},{"damage":12,"enemies":"Nemesis","floor":44,"turns":3},{"damage":20,"enemies":"Spire Growth","floor":45,"turns":2},{"damage":20,"enemies":"Jaw Worm Horde","floor":46,"turns":2},{"damage":25,"enemies":"Maw","floor":49,"turns":3},{"damage":24,"enemies":"downfall:Watcher","floor":50,"turns":3},{"damage":61,"enemies":"downfall:CharBossMerchant","floor":52,"turns":4},{"damage":37,"enemies":"downfall:NeowBoss","floor":55,"turns":11}],"seed_played":"-1052348029146586843","potions_obtained":[{"floor":6.0,"key":"Strength Potion"},{"floor":9.0,"key":"sneckomod:MuddlingPotion"},{"floor":11.0,"key":"LiquidMemories"},{"floor":29.0,"key":"Fruit Juice"},{"floor":29.0,"key":"DistilledChaos"},{"floor":29.0,"key":"Dexterity Potion"},{"floor":31,"key":"SkillPotion"},{"floor":40,"key":"champ:CounterPotion"}],"is_trial":false,"path_per_floor":["R","M","$","M","?","M","T","R","M","?","E","$","M","M","M","B",null,"R","M","M","M","?","R","T","E","M","?","E","?","E","M","M","B",null,"R","M","?","M","?","M","T","M","$","E","M","M","R","$","M","B",null,"E","$","R","B",null],"character_chosen":"SLIMEBOUND","items_purchased":["FossilizedHelix"],"campfire_rested":0,"item_purchase_floors":[48],"current_hp_per_floor":[54,51,51,54,54,52,52,52,49,49,46,54,54,54,54,47,52,52,54,54,52,52,52,52,54,52,54,52,59,54,57,57,57,59,59,59,59,57,57,59,59,55,57,59,55,57,67,67,67,65,68,42,42,42,69],"gold":21,"neow_bonus":"ONE_RARE_RELIC","is_daily":false,"chose_seed":false,"campfire_upgraded":5,"win_rate":0.0,"timestamp":1609447624,"path_taken":["R","M","$","M","?","?","T","R","?","?","E","?","M","M","M","BOSS","R","M","M","M","?","R","T","E","M","?","E","?","E","?","M","BOSS","R","M","?","M","?","M","T","M","$","E","M","M","R","$","M","BOSS","E","$","R","BOSS"],"items_purchased_type":["Relic"],"build_version":"2020-12-22","purchased_purges":5,"victory":true,"max_hp_per_floor":[54,54,54,54,54,54,54,54,54,54,54,54,54,54,54,54,54,54,54,54,54,54,54,54,54,54,54,54,59,59,59,59,59,59,59,59,59,59,59,59,59,59,59,59,59,59,69,69,69,69,69,69,69,69,69],"card_choices":[{"not_picked":["Slimebound:Schlurp","Slimebound:GrowthPunch"],"picked":"Slimebound:MegaLick","floor":2.0},{"not_picked":["Slimebound:Schlurp","Slimebound:SplitMire"],"picked":"Slimebound:SlimeSpikes","floor":2.0},{"not_picked":["Slimebound:RollThrough","Slimebound:SplitAcid"],"picked":"Slimebound:SplitLeeching","floor":3.0},{"not_picked":["Slimebound:SplitBruiser","Slimebound:RollThrough"],"picked":"Slimebound:DisruptingSlam","floor":4.0},{"not_picked":["Slimebound:ViciousTackle","Slimebound:FirmFortitude","Slimebound:Schlurp"],"picked":"SKIP","floor":4.0},{"not_picked":["Slimebound:SamplingLick","Slimebound:ItLooksTasty"],"picked":"Slimebound:OneTwoCombo","floor":6.0},{"not_picked":["Slimebound:PressTheAttack","Slimebound:FlameTackle"],"picked":"Slimebound:LeadByExample","floor":6.0},{"not_picked":["Slimebound:SplitBruiser","Slimebound:LeadByExample"],"picked":"Slimebound:SamplingLick","floor":9.0},{"not_picked":["Slimebound:PressTheAttack","Slimebound:ViciousTackle","Slimebound:BestDefense"],"picked":"SKIP","floor":9.0},{"not_picked":["Slimebound:SlimeBarrage","Slimebound:ViciousTackle"],"picked":"Slimebound:SplitMire","floor":11.0},{"not_picked":["Slimebound:SplitAcid","Slimebound:SplitBruiser"],"picked":"Slimebound:OneTwoCombo","floor":12.0},{"not_picked":["Slimebound:SlimeSpikes","Slimebound:FinishingTackle"],"picked":"Slimebound:SplitMire","floor":13.0},{"not_picked":["Slimebound:DisruptingSlam","Slimebound:Grow","Slimebound:SplitAcid"],"picked":"SKIP","floor":13.0},{"not_picked":["Slimebound:SplitLeeching","Slimebound:SlimeBarrage"],"picked":"Slimebound:SplitSpecialist","floor":14.0},{"not_picked":["Slimebound:SlimeBarrage","Slimebound:SplitAcid","Slimebound:FinishingTackle"],"picked":"SKIP","floor":14.0},{"not_picked":["Slimebound:ViciousTackle","Slimebound:GrowthPunch","Slimebound:FinishingTackle"],"picked":"SKIP","floor":15.0},{"not_picked":["Slimebound:LeechEnergy","Slimebound:GoopTackle","Slimebound:SlimeBarrage"],"picked":"SKIP","floor":15.0},{"not_picked":["Slimebound:SlimeSlap","Slimebound:MassRepurpose"],"picked":"Slimebound:Recycling","floor":16.0},{"not_picked":["Slimebound:ComboTackle","Slimebound:LeechEnergy+1"],"picked":"Slimebound:SplitAcid+1","floor":19.0},{"not_picked":["Slimebound:LeechEnergy+1","Slimebound:GrowthPunch"],"picked":"Slimebound:SplitLeeching","floor":19.0},{"not_picked":["Slimebound:PrepareCrush","Slimebound:Schlurp"],"picked":"Slimebound:SplitSpecialist","floor":20.0},{"not_picked":["Slimebound:Prepare","Slimebound:Nibble"],"picked":"Slimebound:SplitLeeching+1","floor":20.0},{"not_picked":["Slimebound:Gluttony","Slimebound:FinishingTackle"],"picked":"Slimebound:MinionMaster","floor":21.0},{"not_picked":["Slimebound:ViciousTackle","Slimebound:LeechingTouch","Slimebound:SamplingLick"],"picked":"SKIP","floor":21.0},{"not_picked":["Slimebound:TongueLash","Slimebound:ComboTackle","Slimebound:Grow"],"picked":"SKIP","floor":25.0},{"not_picked":["Slimebound:SlimeSpikes","Slimebound:GoopSpray"],"picked":"Slimebound:SplitLeeching","floor":26.0},{"not_picked":["Slimebound:ComboTackle","Slimebound:SplitBruiser","Slimebound:Grow"],"picked":"SKIP","floor":26.0},{"not_picked":["Slimebound:SlimeBarrage","Slimebound:LivingWall","Slimebound:LeechingTouch"],"picked":"SKIP","floor":28.0},{"not_picked":["Slimebound:Recollect","Slimebound:GoopSpray+1","Slimebound:SlimeBarrage"],"picked":"SKIP","floor":30},{"not_picked":["Slimebound:Recollect","Slimebound:Grow","Slimebound:RejuvenatingLick"],"picked":"SKIP","floor":31},{"not_picked":["Slimebound:ComboTackle","Slimebound:LeechEnergy","Slimebound:GoopSpray"],"picked":"SKIP","floor":31},{"not_picked":["Slimebound:DouseInSlime","Slimebound:RollThrough","Slimebound:GoopSpray"],"picked":"SKIP","floor":32},{"not_picked":["Slimebound:LeechEnergy","Slimebound:FirmFortitude","Slimebound:SlimeSpikes"],"picked":"SKIP","floor":32},{"not_picked":["Slimebound:MassRepurpose","Slimebound:DuplicatedForm"],"picked":"Slimebound:SelfFormingGoo","floor":33},{"not_picked":["Slimebound:FlameTackle","Slimebound:ViciousTackle+1"],"picked":"Slimebound:LevelUp+1","floor":36},{"not_picked":["Slimebound:LeechEnergy+1","Slimebound:GoopSpray","Slimebound:GrowthPunch+1"],"picked":"SKIP","floor":36},{"not_picked":["Slimebound:Nibble","Slimebound:SamplingLick"],"picked":"Slimebound:LevelUp","floor":38},{"not_picked":["Slimebound:GoopSpray+1","Slimebound:ProtectTheBoss+1","Slimebound:Recollect+1"],"picked":"SKIP","floor":38},{"not_picked":["Slimebound:PressTheAttack+1","Slimebound:LeechingTouch","Slimebound:ComboTackle"],"picked":"SKIP","floor":40},{"not_picked":["Slimebound:Nibble+1","Slimebound:SplitMire","Slimebound:SamplingLick"],"picked":"SKIP","floor":40},{"not_picked":["Slimebound:SplitMire+1","Slimebound:SplitAcid","Slimebound:FirmFortitude"],"picked":"SKIP","floor":42},{"not_picked":["Slimebound:DuplicatedForm","Slimebound:RollThrough+1","Slimebound:SamplingLick+1"],"picked":"SKIP","floor":42},{"not_picked":["Slimebound:TongueLash","Slimebound:Schlurp+1","Slimebound:SplitAcid"],"picked":"SKIP","floor":43},{"not_picked":["Slimebound:Gluttony","Slimebound:Grow","Slimebound:FirmFortitude"],"picked":"SKIP","floor":44},{"not_picked":["Slimebound:FirmFortitude","Slimebound:Gluttony"],"picked":"Slimebound:SlimeSpikes+1","floor":45},{"not_picked":["Slimebound:HungryTackle","Slimebound:LeechEnergy","Slimebound:LeechingTouch"],"picked":"SKIP","floor":45},{"not_picked":["Slimebound:TongueLash","Slimebound:MassRepurpose"],"picked":"Slimebound:LevelUp","floor":46},{"not_picked":["Slimebound:FirmFortitude","Slimebound:ComboTackle","Slimebound:RollThrough"],"picked":"SKIP","floor":46},{"not_picked":["Slimebound:GrowthPunch","Slimebound:SlimeBarrage+1"],"picked":"Slimebound:SplitAcid+1","floor":49},{"not_picked":["Slimebound:RejuvenatingLick","Slimebound:Schlurp","Slimebound:PressTheAttack"],"picked":"SKIP","floor":49},{"not_picked":["Slimebound:RollThrough","Slimebound:ComboTackle"],"picked":"Slimebound:MinionMaster","floor":52}],"player_experience":1061590,"relics_obtained":[{"floor":7.0,"key":"Happy Flower"},{"floor":11.0,"key":"Bag of Preparation"},{"floor":24.0,"key":"Slimebound:PotencyRelic"},{"floor":25.0,"key":"Toy Ornithopter"},{"floor":25.0,"key":"Bag of Marbles"},{"floor":28.0,"key":"Shovel"},{"floor":28.0,"key":"Du-Vu Doll"},{"floor":29.0,"key":"Potion Belt"},{"floor":30,"key":"Incense Burner"},{"floor":30,"key":"Thread and Needle"},{"floor":44,"key":"Kunai"},{"floor":44,"key":"Bottled Lightning"},{"floor":52,"key":"Blue Candle"},{"floor":52,"key":"Pocketwatch"},{"floor":54,"key":"Letter Opener"}],"event_choices":[{"damage_healed":0.0,"max_hp_gain":0.0,"max_hp_loss":0.0,"gold_gain":0.0,"cards_transformed":["Slimebound:Strike_Slimebound"],"event_name":"Transmorgrifier","player_choice":"Transformed","floor":5.0,"gold_loss":0.0,"damage_taken":0.0,"cards_obtained":["Slimebound:Teamwork"]},{"cards_removed":["Slimebound:Defend_Slimebound"],"damage_healed":0.0,"max_hp_gain":0.0,"max_hp_loss":0.0,"gold_gain":0.0,"event_name":"The Cleric","player_choice":"Card Removal","floor":10.0,"gold_loss":0.0,"damage_taken":0.0},{"damage_healed":0.0,"max_hp_gain":0.0,"max_hp_loss":0.0,"gold_gain":0.0,"event_name":"Vampires","player_choice":"Ignored","floor":22.0,"gold_loss":0.0,"damage_taken":0.0},{"cards_removed":["Slimebound:SplitMire"],"damage_healed":0,"gold_gain":0,"player_choice":"Removed Skill","damage_taken":0,"max_hp_gain":0,"max_hp_loss":0,"event_name":"Falling","floor":37,"gold_loss":0},{"cards_removed":["Slimebound:Defend_Slimebound"],"damage_healed":0,"gold_gain":0,"player_choice":"Offered Basic","damage_taken":0,"max_hp_gain":0,"max_hp_loss":0,"event_name":"Bonfire Elementals","floor":39,"gold_loss":0}],"is_beta":false,"boss_relics":[{"not_picked":["Velvet Choker","Busted Crown"],"picked":"Black Star"},{"not_picked":["Cursed Key","Philosopher\u0027s Stone"],"picked":"Coffee Dripper"}],"items_purged_floors":[3,12,43,48,53],"is_endless":false,"potions_floor_spawned":[6,9,11,16,19,25,28,31,32,40,44,46],"ascension_level":13}}