{"host":"nmyw38vkdf8owddb","time":1609406755,"event":{"mods":["BaseMod","Colored Map","Colored Powertips","DeckTracker","Energized Spire","Halation","Minty Spire (QoL Compilation)","Replay The Spire","StSLib","The Alterego","Waifu the Spire"],"gold_per_floor":[118,118,129,144,156,156,2,14,14,14,14,31,82,111,111,215,215,229,243,40,52,52,52,81,81,106,106,106],"floor_reached":27,"playtime":1885,"items_purged":[],"score":258,"play_id":"3ca26795-7d4b-4d62-9f7e-43a21265cfe4","local_time":"20201231182555","is_ascension_mode":false,"campfire_choices":[{"data":"alterego_mod:BreastValley","floor":6,"key":"SMITH"},{"floor":10,"key":"REST"},{"data":"alterego_mod:BrynhildrsRune","floor":15,"key":"SMITH"},{"floor":23,"key":"RECALL"}],"circlet_count":0,"master_deck":["alterego_mod:Strike+1","alterego_mod:Defend+1","alterego_mod:Defend+1","alterego_mod:Defend+1","alterego_mod:Defend+1","alterego_mod:Impale","alterego_mod:BigMeatyClaws","alterego_mod:BrynhildrsRune+1","alterego_mod:Mirror","alterego_mod:Complex+1","alterego_mod:SakuraFive+1","alterego_mod:DeftHands","alterego_mod:BreastValley+1","alterego_mod:Santa","alterego_mod:Rip","alterego_mod:GachaTicket","alterego_mod:BrynhildrRomantia","alterego_mod:DiscoLights","alterego_mod:Cycle+1","alterego_mod:Weigh"],"relics":["alterego_mod:MasochisticConstitution","Whetstone","Divine Protection","StrikeDummy","Fusion Hammer","Replay:Wax Seal","alterego_mod:SistersRibbon","Replay:Rubber Ducky","Pondfish Scales"],"acts_visited":["Exordium","TheCity"],"potions_floor_usage":[5,13,16,16,16],"damage_taken":[{"damage":5,"enemies":"Jaw Worm","floor":1,"turns":4},{"damage":0,"enemies":"Cultist","floor":3,"turns":4},{"damage":0,"enemies":"Small Slimes","floor":4,"turns":2},{"damage":20,"enemies":"Exordium Thugs","floor":5,"turns":3},{"damage":9,"enemies":"Blue Slaver","floor":8,"turns":4},{"damage":0,"enemies":"3 Louse","floor":12,"turns":4},{"damage":31,"enemies":"3 Sentries","floor":14,"turns":7},{"damage":42,"enemies":"The Guardian","floor":16,"turns":12},{"damage":2,"enemies":"Shell Parasite","floor":18,"turns":4},{"damage":9,"enemies":"3 Byrds","floor":19,"turns":9},{"damage":34,"enemies":"Shelled Parasite and Fungi","floor":21,"turns":7},{"damage":59,"enemies":"Gremlin Leader","floor":24,"turns":8},{"damage":29,"enemies":"3 Cultists","floor":27,"turns":6}],"seed_played":"-2917746179641268034","potions_obtained":[{"floor":1,"key":"Energy Potion"},{"floor":3,"key":"FearPotion"},{"floor":5,"key":"Swift Potion"},{"floor":13,"key":"EntropicBrew"},{"floor":13,"key":"Fruit Juice"},{"floor":13,"key":"FairyPotion"},{"floor":16,"key":"CultistPotion"}],"is_trial":false,"path_per_floor":["M","?","M","M","M","R","$","M","T","R","?","M","?","E","R","B",null,"M","M","$","M","?","R","E","?","T","M"],"character_chosen":"The_Alterego","items_purchased":["Whetstone","Replay:Wax Seal","alterego_mod:SistersRibbon"],"campfire_rested":1,"item_purchase_floors":[7,20,20],"current_hp_per_floor":[45,45,52,52,33,33,33,32,32,53,53,53,58,28,28,20,80,81,88,88,65,65,65,21,21,21,0,0],"gold":106,"neow_bonus":"REMOVE_TWO","is_daily":false,"chose_seed":false,"campfire_upgraded":2,"win_rate":0.0,"timestamp":1609406755,"path_taken":["M","?","M","M","M","R","?","M","T","R","?","?","?","E","R","BOSS","M","M","$","M","?","R","E","?","T","M"],"items_purchased_type":["Relic","Relic","Relic"],"build_version":"2020-12-22","purchased_purges":0,"victory":false,"max_hp_per_floor":[71,71,71,71,72,72,72,73,73,73,73,73,78,79,79,80,80,81,88,88,92,92,92,93,93,93,93,93],"card_choices":[{"not_picked":["alterego_mod:DestructionOfProperty","alterego_mod:PerceptionDisorder"],"picked":"alterego_mod:Mirror","floor":1},{"not_picked":["alterego_mod:1TonWallop","alterego_mod:BusterCard"],"picked":"alterego_mod:SakuraFive","floor":3},{"not_picked":["alterego_mod:Undulate","alterego_mod:SakuraPetals"],"picked":"alterego_mod:DeftHands","floor":4},{"not_picked":["alterego_mod:Skirt","alterego_mod:BeGentle"],"picked":"alterego_mod:BreastValley","floor":5},{"not_picked":["alterego_mod:Cycle","alterego_mod:BustOut"],"picked":"alterego_mod:Santa","floor":8},{"not_picked":["alterego_mod:Punishment","alterego_mod:Pet"],"picked":"alterego_mod:Rip","floor":12},{"not_picked":["alterego_mod:Vow","alterego_mod:Belle"],"picked":"alterego_mod:GachaTicket","floor":14},{"not_picked":["alterego_mod:IdEs","alterego_mod:ClassAdvantage"],"picked":"alterego_mod:BrynhildrRomantia","floor":16},{"not_picked":["alterego_mod:DestructionOfProperty+1","alterego_mod:BustOut+1","alterego_mod:BreastValley"],"picked":"SKIP","floor":18},{"not_picked":["alterego_mod:Mirror+1","alterego_mod:SakuraLabyrinth"],"picked":"alterego_mod:DiscoLights","floor":19},{"not_picked":["alterego_mod:Birthday","alterego_mod:DiscoLights+1"],"picked":"alterego_mod:Cycle+1","floor":21},{"not_picked":["alterego_mod:DustData","alterego_mod:Antipathy"],"picked":"alterego_mod:Weigh","floor":24}],"player_experience":327529,"relics_obtained":[{"floor":9,"key":"Divine Protection"},{"floor":14,"key":"StrikeDummy"},{"floor":24,"key":"Replay:Rubber Ducky"}],"event_choices":[{"damage_healed":0,"gold_gain":0,"player_choice":"1 cards matched","damage_taken":0,"max_hp_gain":0,"max_hp_loss":0,"event_name":"Match and Keep!","floor":2,"gold_loss":0,"cards_obtained":["alterego_mod:Complex"]},{"cards_removed":["alterego_mod:Strike"],"damage_healed":0,"gold_gain":0,"player_choice":"Purged","damage_taken":0,"max_hp_gain":0,"max_hp_loss":0,"event_name":"Purifier","floor":11,"gold_loss":0},{"damage_healed":0,"gold_gain":0,"player_choice":"Simplicity","damage_taken":0,"max_hp_gain":0,"max_hp_loss":0,"event_name":"Back to Basics","floor":22,"gold_loss":0,"cards_upgraded":["alterego_mod:Strike","alterego_mod:Defend","alterego_mod:Defend","alterego_mod:Defend","alterego_mod:Defend"]}],"is_beta":false,"boss_relics":[{"not_picked":["Painkiller Herb","Replay:Drink Me"],"picked":"Fusion Hammer"}],"items_purged_floors":[],"is_endless":false,"potions_floor_spawned":[1,3,5,16,18,24],"killed_by":"3 Cultists","ascension_level":0}}