{"host":"hgkb2zpbo2dcws21","time":1609412732,"event":{"mods":["AchievementEnabler","BaseMod","Colored Map","Colored Powertips","Custom Start","DeckTracker","KOR Keyword Fix","Minty Spire (QoL Compilation)","Relic Stats","StSLib","SuperFastMode"],"gold_per_floor":[111,126,51,51,61,61,76,95,95,95,111,51,51,64,64,64,64],"floor_reached":16,"playtime":328,"items_purged":["Defend_P"],"score":174,"play_id":"a389568a-838a-4134-9665-c1b15bacdece","local_time":"20201231200532","is_ascension_mode":true,"campfire_choices":[{"data":"Eruption","floor":6,"key":"SMITH"},{"data":"Adaptation","floor":10,"key":"SMITH"},{"data":"TalkToTheHand","floor":15,"key":"SMITH"}],"circlet_count":0,"master_deck":["AscendersBane","Strike_P","Strike_P","Strike_P","Defend_P","Defend_P","Eruption+1","Vigilance","InnerPeace","Adaptation+1","TalkToTheHand+1","Decay","FlurryOfBlows"],"relics":["PureWater","NeowsBlessing","The Courier"],"acts_visited":["Exordium"],"potions_floor_usage":[8,8],"damage_taken":[{"damage":0,"enemies":"Small Slimes","floor":1,"turns":1},{"damage":0,"enemies":"Jaw Worm","floor":2,"turns":1},{"damage":0,"enemies":"Cultist","floor":5,"turns":1},{"damage":25,"enemies":"3 Louse","floor":7,"turns":4},{"damage":14,"enemies":"Gremlin Gang","floor":8,"turns":5},{"damage":7,"enemies":"2 Fungi Beasts","floor":11,"turns":3},{"damage":17,"enemies":"Exordium Thugs","floor":14,"turns":6},{"damage":7,"enemies":"Hexaghost","floor":16,"turns":9}],"seed_played":"3314403347970578621","potions_obtained":[{"floor":2,"key":"SteroidPotion"},{"floor":7,"key":"Fruit Juice"}],"is_trial":false,"path_per_floor":["M","M","?","?","M","R","M","M","T","R","M","$","?","M","R","B"],"character_chosen":"WATCHER","items_purchased":[],"campfire_rested":0,"item_purchase_floors":[],"current_hp_per_floor":[61,61,61,61,61,61,36,27,27,27,20,20,20,3,3,0,0],"gold":64,"neow_bonus":"THREE_ENEMY_KILL","is_daily":false,"chose_seed":false,"campfire_upgraded":3,"win_rate":0.0,"timestamp":1609412732,"path_taken":["M","M","?","?","?","R","M","M","T","R","M","$","?","M","R","BOSS"],"items_purchased_type":[],"build_version":"2020-12-22","purchased_purges":1,"victory":false,"max_hp_per_floor":[68,68,68,68,68,68,68,73,73,73,73,73,73,73,73,73,73],"relic_stats":{"counters":[8,30],"obtain_stats":[{"NeowsBlessing":0,"The Courier":9,"PureWater":0},{"NeowsBlessing":0,"The Courier":5,"PureWater":0},{"NeowsBlessing":0,"The Courier":12,"PureWater":0}]},"card_choices":[{"not_picked":["Protect","ThirdEye"],"picked":"InnerPeace","floor":1},{"not_picked":["FearNoEvil","CutThroughFate"],"picked":"Adaptation","floor":2},{"not_picked":["Evaluate","EmptyBody","BattleHymn"],"picked":"SKIP","floor":5},{"not_picked":["Protect","Fasting2","Crescendo"],"picked":"SKIP","floor":7},{"not_picked":["BattleHymn","InnerPeace","ClearTheMind"],"picked":"SKIP","floor":8},{"not_picked":["Evaluate","Meditate"],"picked":"TalkToTheHand","floor":11},{"not_picked":["WindmillStrike","CutThroughFate"],"picked":"FlurryOfBlows","floor":14}],"player_experience":1122011,"relics_obtained":[{"floor":9,"key":"The Courier"}],"event_choices":[{"cards_removed":["Defend_P"],"damage_healed":0,"gold_gain":0,"player_choice":"Card Removal","damage_taken":0,"max_hp_gain":0,"max_hp_loss":0,"event_name":"The Cleric","floor":3,"gold_loss":75},{"cards_removed":["Strike_P"],"damage_healed":0,"gold_gain":0,"player_choice":"Offered Basic","damage_taken":0,"max_hp_gain":0,"max_hp_loss":0,"event_name":"Bonfire Elementals","floor":4,"gold_loss":0},{"damage_healed":0,"gold_gain":0,"player_choice":"Cursed","damage_taken":0,"max_hp_gain":0,"max_hp_loss":0,"event_name":"Wheel of Change","floor":13,"gold_loss":0,"cards_obtained":["Decay"]}],"is_beta":false,"boss_relics":[],"items_purged_floors":[12],"is_endless":false,"potions_floor_spawned":[2,7],"killed_by":"Hexaghost","ascension_level":17}}