{"host":"64h6jdpsiwrne03s","time":1609413036,"event":{"mods":["Act Like it!","BaseMod","Bestiary","Colored Powertips","Gensokyo","Marisa£®ÏF”Í°°ƒß¿Ì…≥£©","Minty Spire (QoL Compilation)","Reimu£®≤©¿ˆ¡È√Œ£©","Remilia£®¿Ÿ√◊¿Ú—«£©","StSLib","The Servant 0.9.4","Youmu£®ªÍ∆«—˝√Œ£©"],"gold_per_floor":[110,110,40,40,40,71,91,91,117,148,2,15,48,61,61,163,163,173,173,173,173,423,448,448,0,52,67,97,34,34,48,48,146,146,158,172,189,189,189,222,222,222,222],"floor_reached":42,"playtime":3046,"items_purged":["Strike_Lin:ReiMu+1"],"score":835,"play_id":"0e2d95f6-17c3-436e-8262-e8aa2420e5df","local_time":"20201231191036","is_ascension_mode":true,"campfire_choices":[{"data":"MikOfLucky:ReiMu","floor":8.0,"key":"SMITH"},{"data":"OctopathSalyBorderN:ReiMu","floor":15.0,"key":"SMITH"},{"data":"CleanRite:ReiMu","floor":24.0,"key":"SMITH"},{"data":"TightArray:ReiMu","floor":30.0,"key":"SMITH"},{"floor":32.0,"key":"REST"}],"circlet_count":0,"master_deck":["Defend_Lin:ReiMu+1","NB:ReiMu+1","Stagnation:ReiMu+1","MikOfLucky:ReiMu+1","PrayRite:ReiMu+1","FoulBorder2:ReiMu+1","CleanRite:ReiMu+1","UpKicking:ReiMu+1","SubcavityFantasy:ReiMu+1","MikOfLucky:ReiMu+1","Determination:ReiMu","TightArray:ReiMu+1","ShadowOfCrow2:ReiMu","CeremonyResonance:ReiMu","SpringWay:ReiMu+1","PassingAway:ReiMu+1","Mayhem"],"relics":["FlyPower:ReiMu","Eternal Feather","Mastiff:ReiMu","Membership Card","Astrolabe","Bottled Tornado","War Paint","Bronze Scales","SlaversCollar","Darkstone Periapt"],"acts_visited":["Gensokyo:Gensokyo","Gensokyo:Gensokyoer","TheBeyond"],"potions_floor_usage":[],"damage_taken":[{"damage":4.0,"enemies":"Gensokyo:3_Fairies","floor":1.0,"turns":4.0},{"damage":0.0,"enemies":"Gensokyo:Cirno","floor":6.0,"turns":4.0},{"damage":0.0,"enemies":"Gensokyo:Python","floor":7.0,"turns":3.0},{"damage":0.0,"enemies":"Gensokyo:Mamizou","floor":10.0,"turns":6.0},{"damage":0.0,"enemies":"Gensokyo:2_Kodama","floor":12.0,"turns":2.0},{"damage":4.0,"enemies":"Gensokyo:Cirno","floor":13.0,"turns":5.0},{"damage":0.0,"enemies":"Gensokyo:2_Rabbits","floor":14.0,"turns":3.0},{"damage":20.0,"enemies":"Gensokyo:Reimu","floor":16.0,"turns":9.0},{"damage":0.0,"enemies":"Gensokyo:3_Dogs","floor":18.0,"turns":1.0},{"damage":23.0,"enemies":"Gensokyo:Reisen","floor":23.0,"turns":4.0},{"damage":5.0,"enemies":"Gensokyo:AngelMirror","floor":27.0,"turns":2.0},{"damage":19.0,"enemies":"Gensokyo:Tenshi","floor":28.0,"turns":4.0},{"damage":0.0,"enemies":"Gensokyo:Chomper_and_Gloop","floor":31.0,"turns":6.0},{"damage":41.0,"enemies":"Gensokyo:Kaguya","floor":33.0,"turns":11.0},{"damage":18,"enemies":"3 Darklings","floor":35,"turns":2},{"damage":13,"enemies":"Orb Walker","floor":36,"turns":3},{"damage":6,"enemies":"Writhing Mass","floor":37,"turns":5},{"damage":6,"enemies":"Giant Head","floor":40,"turns":5},{"damage":12,"enemies":"2 Orb Walkers","floor":42,"turns":1}],"seed_played":"-7080691308353390145","potions_obtained":[{"floor":6.0,"key":"ColorlessPotion"},{"floor":10.0,"key":"DuplicationPotion"},{"floor":12.0,"key":"LiquidFlight:ReiMu"},{"floor":27.0,"key":"PinkPotion:ReiMu"},{"floor":37,"key":"Explosive Potion"}],"is_trial":false,"path_per_floor":["M","?","?","?","$","E","M","R","T","E","$","M","E","M","R","B",null,"M","?","?","?","?","E","R","?","T","M","E","$","R","M","R","B",null,"M","M","M","?","?","E","?","?"],"character_chosen":"REIMU","items_purchased":["Membership Card","TightArray:ReiMu"],"campfire_rested":1,"item_purchase_floors":[11,29],"current_hp_per_floor":[55,42,42,42,42,42,42,48,48,48,48,48,44,44,50,30,56,56,56,56,56,56,33,39,39,39,34,15,15,21,21,45,4,48,30,17,11,11,11,5,5,0,0],"gold":222,"neow_bonus":"ONE_RANDOM_RARE_CARD","is_daily":false,"chose_seed":false,"campfire_upgraded":4,"win_rate":0.0,"timestamp":1609413036,"path_taken":["M","?","?","?","?","E","?","R","T","E","$","M","E","M","R","BOSS","M","?","?","?","?","E","R","?","T","M","E","$","R","M","R","BOSS","M","M","?","?","?","E","?","?"],"items_purchased_type":["Relic","Card"],"build_version":"2020-12-22","purchased_purges":1,"victory":false,"max_hp_per_floor":[65,65,65,65,65,65,65,65,65,65,65,65,65,65,65,65,65,65,65,65,65,62,62,62,62,62,62,62,62,62,62,62,62,62,62,62,62,62,59,59,59,59,59],"card_choices":[{"not_picked":["Conquer:ReiMu","TakeOff:ReiMu","BarrageOfMoneybags:ReiMu"],"picked":"SKIP","floor":1.0},{"not_picked":["PassingAway:ReiMu","YinYangSange:ReiMu"],"picked":"MikOfLucky:ReiMu","floor":4.0},{"not_picked":["SubAcupoint:ReiMu","Meditation:ReiMu"],"picked":"PrayRite:ReiMu","floor":6.0},{"not_picked":["CareerPray:ReiMu","Meditation:ReiMu","WonderfulDomain:ReiMu"],"picked":"SKIP","floor":7.0},{"not_picked":["SpringWay:ReiMu","ManaGlint:ReiMu","MountainWay:ReiMu"],"picked":"SKIP","floor":10.0},{"not_picked":["Amulet:ReiMu","SpringWay:ReiMu","UpKicking:ReiMu"],"picked":"SKIP","floor":12.0},{"not_picked":["Conquer:ReiMu","Enchanting:ReiMu","FineLineFantasy:ReiMu"],"picked":"SKIP","floor":13.0},{"not_picked":["KyokaiOfKami:ReiMu","InherentArray:ReiMu"],"picked":"FoulBorder2:ReiMu","floor":14.0},{"not_picked":["PrayRite:ReiMu","HakureiPhantom:ReiMu"],"picked":"CleanRite:ReiMu","floor":16.0},{"not_picked":["FoulBorder2:ReiMu","Enchanting:ReiMu","CareerPray:ReiMu"],"picked":"SKIP","floor":18.0},{"not_picked":["Conquer:ReiMu","Enchanting:ReiMu"],"picked":"MikOfLucky:ReiMu+1","floor":23.0},{"not_picked":["CareerPray:ReiMu+1","Meditation:ReiMu+1","SpringWay:ReiMu"],"picked":"SKIP","floor":27.0},{"not_picked":["SubcavityInstant:ReiMu","PassingAway:ReiMu+1"],"picked":"Determination:ReiMu","floor":28.0},{"not_picked":["TightArray:ReiMu+1","UpKicking:ReiMu"],"picked":"ShadowOfCrow2:ReiMu","floor":31.0},{"not_picked":["Free:ReiMu","KamiRite:ReiMu"],"picked":"CeremonyResonance:ReiMu","floor":33.0},{"not_picked":["CareerPray:ReiMu","WonderfulDomain:ReiMu+1","SubcavityInstant:ReiMu+1"],"picked":"SKIP","floor":35},{"not_picked":["UpKicking:ReiMu","Crusade:ReiMu"],"picked":"SpringWay:ReiMu+1","floor":36},{"not_picked":["WonderfulDomain:ReiMu+1","AirStrike:ReiMu"],"picked":"PassingAway:ReiMu+1","floor":37},{"not_picked":["Enlightenment","Dark Shackles"],"picked":"Mayhem","floor":38},{"not_picked":["EmergencyTakeOff:ReiMu","OrbThrow:ReiMu+1","FoulBorder2:ReiMu"],"picked":"SKIP","floor":40}],"player_experience":335350,"relics_obtained":[{"floor":6.0,"key":"Eternal Feather"},{"floor":10.0,"key":"Mastiff:ReiMu"},{"floor":13.0,"key":"Nunchaku"},{"floor":23.0,"key":"Bottled Tornado"},{"floor":26.0,"key":"War Paint"},{"floor":28.0,"key":"Bronze Scales"},{"floor":40,"key":"Darkstone Periapt"}],"event_choices":[{"damage_healed":0,"gold_gain":0,"player_choice":"Memory 1","damage_taken":0,"max_hp_gain":0,"max_hp_loss":0,"event_name":"SensoryStone","floor":38,"gold_loss":0},{"damage_healed":0,"gold_gain":0,"player_choice":"Max HP","damage_taken":0,"max_hp_gain":0,"max_hp_loss":3,"event_name":"Winding Halls","floor":39,"gold_loss":0},{"cards_removed":["OctopathSalyBorderN:ReiMu"],"damage_healed":0,"gold_gain":0,"player_choice":"Removed Attack","damage_taken":0,"max_hp_gain":0,"max_hp_loss":0,"event_name":"Falling","floor":41,"gold_loss":0},{"damage_healed":0,"gold_gain":0,"player_choice":"Fight","damage_taken":0,"max_hp_gain":0,"max_hp_loss":0,"event_name":"Mysterious Sphere","floor":42,"gold_loss":0}],"is_beta":false,"boss_relics":[{"not_picked":["Cursed Key","Fusion Hammer"],"picked":"Astrolabe"},{"not_picked":["Sozu","Busted Crown"],"picked":"SlaversCollar"}],"items_purged_floors":[29],"is_endless":false,"potions_floor_spawned":[6,10,12,14,16,23,27,37],"killed_by":"2 Orb Walkers","ascension_level":9}}