{"host":"480qzmvu0s2e3e6w","time":1609432967,"event":{"mods":["BaseMod","Colored Map","DeckTracker","Minty Spire (QoL Compilation)","StSLib","SuperFastMode"],"gold_per_floor":[116,135,150,166,180,180,214,214,291,291,309,51,126,126,126,203,203,214,214,27,45,45,45,55,74,74,74,92,103,103,120,120,199,199,214,214,230,245,38,38,72,72,72,102,4,34,34,51,51,51,51],"floor_reached":50,"playtime":2742,"items_purged":["Strike_G","Strike_G","Strike_G"],"score":1028,"play_id":"a082a398-da77-4d78-af6b-e9a8f7bbd31e","local_time":"20210101014247","is_ascension_mode":true,"campfire_choices":[{"data":"Deadly Poison","floor":6.0,"key":"SMITH"},{"data":"Neutralize","floor":8.0,"key":"SMITH"},{"floor":10.0,"key":"RECALL"},{"floor":15.0,"key":"REST"},{"floor":23.0,"key":"REST"},{"floor":27.0,"key":"REST"},{"floor":32.0,"key":"REST"},{"floor":40.0,"key":"REST"},{"floor":42.0,"key":"REST"},{"floor":47,"key":"REST"},{"floor":49,"key":"REST"}],"circlet_count":0,"master_deck":["AscendersBane","Defend_G","Defend_G","Defend_G","Defend_G","Defend_G","Survivor","Neutralize+1","Sucker Punch","All Out Attack","Deadly Poison+1","Flying Knee","Heel Hook","Corpse Explosion","Bane","Catalyst","Well Laid Plans","Adrenaline+1","Tactician","Acrobatics","Backflip","Crippling Poison","Outmaneuver+1","PiercingWail","Noxious Fumes","Wraith Form v2","Bullet Time","Noxious Fumes","Master of Strategy","Dark Shackles","Deflect+1","Noxious Fumes","Backflip+1","Bouncing Flask","Noxious Fumes+1","Catalyst+1"],"relics":["Ring of the Snake","StrikeDummy","Pantograph","Membership Card","Fusion Hammer","Orrery","Centennial Puzzle","Molten Egg 2","Philosopher\u0027s Stone","Bottled Lightning","Prayer Wheel","Boot","Question Card"],"acts_visited":["Exordium","TheCity","TheBeyond"],"potions_floor_usage":[44],"damage_taken":[{"damage":2.0,"enemies":"Jaw Worm","floor":1.0,"turns":6.0},{"damage":0.0,"enemies":"Small Slimes","floor":2.0,"turns":3.0},{"damage":0.0,"enemies":"Cultist","floor":3.0,"turns":3.0},{"damage":1.0,"enemies":"Exordium Wildlife","floor":4.0,"turns":3.0},{"damage":4.0,"enemies":"3 Louse","floor":5.0,"turns":3.0},{"damage":32.0,"enemies":"Gremlin Nob","floor":7.0,"turns":5.0},{"damage":1.0,"enemies":"Looter","floor":11.0,"turns":3.0},{"damage":32.0,"enemies":"Hexaghost","floor":16.0,"turns":10.0},{"damage":20.0,"enemies":"Spheric Guardian","floor":18.0,"turns":5.0},{"damage":6.0,"enemies":"3 Byrds","floor":21.0,"turns":3.0},{"damage":3.0,"enemies":"Snecko","floor":24.0,"turns":3.0},{"damage":0.0,"enemies":"Centurion and Healer","floor":25.0,"turns":2.0},{"damage":15.0,"enemies":"Shelled Parasite and Fungi","floor":28.0,"turns":5.0},{"damage":13.0,"enemies":"Sentry and Sphere","floor":29.0,"turns":4.0},{"damage":2.0,"enemies":"Cultist and Chosen","floor":31.0,"turns":5.0},{"damage":44.0,"enemies":"Champ","floor":33.0,"turns":15.0},{"damage":26.0,"enemies":"3 Shapes","floor":35.0,"turns":4.0},{"damage":1.0,"enemies":"3 Darklings","floor":37.0,"turns":4.0},{"damage":46.0,"enemies":"Writhing Mass","floor":38.0,"turns":6.0},{"damage":1.0,"enemies":"Reptomancer","floor":41.0,"turns":6.0},{"damage":37,"enemies":"Nemesis","floor":44,"turns":7},{"damage":10,"enemies":"Giant Head","floor":46,"turns":7},{"damage":5,"enemies":"Transient","floor":48,"turns":5},{"damage":73,"enemies":"Time Eater","floor":50,"turns":5}],"seed_played":"-2510887467851921435","potions_obtained":[{"floor":1.0,"key":"ColorlessPotion"},{"floor":4.0,"key":"EssenceOfSteel"},{"floor":7.0,"key":"Fire Potion"},{"floor":16.0,"key":"SpeedPotion"},{"floor":18.0,"key":"DuplicationPotion"},{"floor":24.0,"key":"Poison Potion"},{"floor":29.0,"key":"Regen Potion"},{"floor":31.0,"key":"DistilledChaos"},{"floor":35.0,"key":"ColorlessPotion"},{"floor":41.0,"key":"EntropicBrew"},{"floor":48,"key":"Explosive Potion"}],"is_trial":false,"path_per_floor":["M","M","M","M","M","R","E","R","T","R","M","$","?","?","R","B",null,"M","?","$","M","?","R","M","M","T","R","M","M","?","M","R","B",null,"M","?","M","M","$","R","E","R","T","E","$","E","R","M","R","B"],"character_chosen":"THE_SILENT","items_purchased":["Membership Card","Catalyst","Well Laid Plans","Orrery","Crippling Poison","Centennial Puzzle","Noxious Fumes","Bottled Lightning","Bouncing Flask"],"campfire_rested":8,"item_purchase_floors":[12,12,12,20,20,20,39,39,45],"current_hp_per_floor":[57,57,57,56,52,52,20,20,20,20,19,19,8,1,20,13,53,33,33,33,27,27,46,43,43,43,62,47,34,34,32,51,32,58,32,27,26,27,27,46,45,64,64,27,27,17,36,31,50,0,0],"gold":51,"neow_bonus":"TRANSFORM_CARD","is_daily":false,"chose_seed":false,"campfire_upgraded":2,"win_rate":0.0,"timestamp":1609432967,"path_taken":["M","M","M","M","M","R","E","R","T","R","M","$","?","?","R","BOSS","M","?","$","M","?","R","M","M","T","R","?","M","?","M","R","BOSS","M","?","M","M","$","R","E","R","T","E","$","E","R","M","R","BOSS"],"items_purchased_type":["Relic","Card","Card","Relic","Card","Relic","Card","Relic","Card"],"build_version":"2020-12-22","purchased_purges":3,"victory":false,"max_hp_per_floor":[66,66,66,66,66,66,66,66,66,66,66,66,66,66,66,66,66,66,66,66,66,66,66,66,66,66,66,66,66,66,66,66,66,66,66,66,66,66,66,66,66,66,66,66,66,66,66,66,66,66,66],"card_choices":[{"not_picked":["Blade Dance","Endless Agony"],"picked":"All Out Attack","floor":1.0},{"not_picked":["Backstab","All Out Attack"],"picked":"Deadly Poison","floor":2.0},{"not_picked":["Choke","Terror"],"picked":"Flying Knee","floor":3.0},{"not_picked":["Blade Dance","Prepared"],"picked":"Heel Hook","floor":4.0},{"not_picked":["Deadly Poison","Quick Slash"],"picked":"Corpse Explosion","floor":5.0},{"not_picked":["Flying Knee","Riddle With Holes","Underhanded Strike"],"picked":"SKIP","floor":7.0},{"not_picked":["All Out Attack","Prepared"],"picked":"Bane","floor":11.0},{"not_picked":["Corpse Explosion","Envenom"],"picked":"Adrenaline","floor":16.0},{"not_picked":["Skewer","Underhanded Strike","Flechettes"],"picked":"SKIP","floor":18.0},{"not_picked":["Slice","Cloak And Dagger"],"picked":"Acrobatics","floor":20.0},{"not_picked":["Catalyst","Prepared"],"picked":"Backflip","floor":20.0},{"not_picked":["Caltrops","Deflect"],"picked":"Outmaneuver+1","floor":21.0},{"not_picked":["Backflip+1","Doppelganger"],"picked":"PiercingWail","floor":24.0},{"not_picked":["Flying Knee","Dodge and Roll"],"picked":"Noxious Fumes","floor":25.0},{"not_picked":["Dagger Spray+1","Backstab+1","Dodge and Roll"],"picked":"SKIP","floor":28.0},{"not_picked":["Dagger Spray+1","Deadly Poison","Deflect"],"picked":"SKIP","floor":29.0},{"not_picked":["Deflect","Crippling Poison"],"picked":"Wraith Form v2","floor":31.0},{"not_picked":["Die Die Die+1","A Thousand Cuts"],"picked":"Bullet Time","floor":33.0},{"not_picked":["Cloak And Dagger","Dagger Spray+1"],"picked":"Noxious Fumes","floor":35.0},{"not_picked":["Trip","Mind Blast+1"],"picked":"Master of Strategy","floor":36.0},{"not_picked":["Secret Weapon","Swift Strike+1"],"picked":"Dark Shackles","floor":36.0},{"not_picked":["Slice+1","Caltrops+1","Dash+1"],"picked":"SKIP","floor":37.0},{"not_picked":["Terror+1","PiercingWail"],"picked":"Deflect+1","floor":38.0},{"not_picked":["Deadly Poison","Deflect"],"picked":"Backflip+1","floor":41.0},{"not_picked":["Die Die Die+1","Backstab+1","Blade Dance"],"picked":"SKIP","floor":44},{"not_picked":["Masterful Stab+1","Crippling Poison","Expertise"],"picked":"SKIP","floor":46},{"not_picked":["Poisoned Stab+1","Heel Hook+1","Acrobatics"],"picked":"Noxious Fumes+1","floor":48},{"not_picked":["Backstab+1","Accuracy+1","Skewer+1"],"picked":"Catalyst+1","floor":48}],"player_experience":620273,"relics_obtained":[{"floor":7.0,"key":"StrikeDummy"},{"floor":9.0,"key":"Pantograph"},{"floor":26.0,"key":"Molten Egg 2"},{"floor":41.0,"key":"Prayer Wheel"},{"floor":44,"key":"Boot"},{"floor":46,"key":"Question Card"}],"event_choices":[{"damage_healed":0.0,"max_hp_gain":0.0,"max_hp_loss":0.0,"gold_gain":75.0,"event_name":"World of Goop","player_choice":"Gather Gold","floor":13.0,"gold_loss":0.0,"damage_taken":11.0},{"cards_removed":["Strike_G"],"damage_healed":0.0,"max_hp_gain":0.0,"max_hp_loss":0.0,"gold_gain":0.0,"event_name":"Golden Wing","player_choice":"Card Removal","floor":14.0,"gold_loss":0.0,"damage_taken":7.0},{"damage_healed":0.0,"max_hp_gain":0.0,"max_hp_loss":0.0,"gold_gain":0.0,"event_name":"The Library","player_choice":"Read","floor":19.0,"gold_loss":0.0,"damage_taken":0.0,"cards_obtained":["Tactician"]},{"damage_healed":0.0,"max_hp_gain":0.0,"max_hp_loss":0.0,"gold_gain":0.0,"event_name":"Upgrade Shrine","player_choice":"Upgraded","floor":22.0,"gold_loss":0.0,"damage_taken":0.0,"cards_upgraded":["Adrenaline"]},{"damage_healed":0.0,"max_hp_gain":0.0,"max_hp_loss":0.0,"gold_gain":0.0,"event_name":"Ghosts","player_choice":"Ignored","floor":30.0,"gold_loss":0.0,"damage_taken":0.0},{"damage_healed":0.0,"max_hp_gain":0.0,"max_hp_loss":0.0,"gold_gain":0.0,"event_name":"SensoryStone","player_choice":"Memory 2","floor":36.0,"gold_loss":0.0,"damage_taken":5.0}],"is_beta":false,"boss_relics":[{"not_picked":["Runic Dome","Empty Cage"],"picked":"Fusion Hammer"},{"not_picked":["Snecko Eye","SacredBark"],"picked":"Philosopher\u0027s Stone"}],"items_purged_floors":[12,39,45],"is_endless":false,"potions_floor_spawned":[1,4,7,11,16,18,24,29,31,35,41,48],"killed_by":"Time Eater","ascension_level":15}}