{"host":"g7trc0x2teqyd8ye","time":1609424263,"event":{"mods":["BaseMod","Key Reminder","Minty Spire (QoL Compilation)","Relic Stats"],"gold_per_floor":[116,116,266,50,50,83,83,108,108,138,5,5,25,53,53,129,129,148,148,148,159,173,205,205,205,230,262,274,286,316,359,371,461,473,502,30,30,48,48,77,77,0,25,52,52,79,3,38,38,38,38,38,38,65,65],"floor_reached":56,"playtime":9361,"items_purged":["Regret"],"score":2389,"play_id":"37702352-7bf9-462f-a019-c588d9473a36","local_time":"20201231151743","is_ascension_mode":true,"campfire_choices":[{"data":"Fire Breathing","floor":7,"key":"SMITH"},{"data":"Juggernaut","floor":12,"key":"SMITH"},{"data":"Blood for Blood","floor":15,"key":"SMITH"},{"floor":24,"key":"REST"},{"floor":28,"key":"REST"},{"floor":32,"key":"REST"},{"data":"Berserk","floor":41,"key":"SMITH"},{"floor":49,"key":"RECALL"},{"data":"Feel No Pain","floor":52,"key":"SMITH"}],"circlet_count":0,"master_deck":["AscendersBane","Bash","Reckless Charge","Doubt","Fire Breathing+1","Flash of Steel","Clothesline","Feel No Pain+1","Juggernaut+1","Armaments+1","Havoc+1","Thunderclap","Blood for Blood+1","Fiend Fire","Immolate","Havoc+1","Shrug It Off+1","Ghostly Armor+1","Bloodletting+1","Shrug It Off+1","Body Slam","Reckless Charge","Ghostly Armor+1","Power Through+1","Inflame","True Grit+1","Intimidate+1","Rage+1","Berserk+1","Dark Embrace","Madness+1","Madness+1","Intimidate+1","Warcry+1","Ghostly Armor+1","Madness+1","Enlightenment+1","True Grit+1","Infernal Blade+1","Fiend Fire","Shrug It Off+1"],"relics":["Burning Blood","NeowsBlessing","Blood Vial","Charon\u0027s Ashes","Torii","Toxic Egg 2","Pear","Pocketwatch","Pandora\u0027s Box","Lantern","MawBank","HornCleat","Omamori","Runic Pyramid","Eternal Feather","Lee\u0027s Waffle","Bronze Scales","Red Mask","Potion Belt","Strawberry","Orichalcum","Mercury Hourglass"],"acts_visited":["Exordium","TheCity","TheBeyond","TheEnding"],"potions_floor_usage":[10,14,21,21,27,48,50,50],"damage_taken":[{"damage":0,"enemies":"2 Louse","floor":1,"turns":1},{"damage":0,"enemies":"Lagavulin","floor":6,"turns":2},{"damage":0,"enemies":"Gremlin Nob","floor":8,"turns":1},{"damage":36,"enemies":"Lagavulin","floor":10,"turns":8},{"damage":15,"enemies":"Small Slimes","floor":13,"turns":4},{"damage":24,"enemies":"3 Sentries","floor":14,"turns":5},{"damage":23,"enemies":"Slime Boss","floor":16,"turns":6},{"damage":10,"enemies":"2 Thieves","floor":18,"turns":3},{"damage":17,"enemies":"3 Byrds","floor":21,"turns":3},{"damage":15,"enemies":"Snecko","floor":22,"turns":3},{"damage":27,"enemies":"Book of Stabbing","floor":23,"turns":5},{"damage":10,"enemies":"3 Cultists","floor":27,"turns":4},{"damage":15,"enemies":"Cultist and Chosen","floor":30,"turns":4},{"damage":8,"enemies":"Gremlin Leader","floor":31,"turns":5},{"damage":50,"enemies":"Automaton","floor":33,"turns":8},{"damage":0,"enemies":"3 Shapes","floor":35,"turns":4},{"damage":3,"enemies":"Orb Walker","floor":38,"turns":4},{"damage":12,"enemies":"Giant Head","floor":40,"turns":5},{"damage":21,"enemies":"Reptomancer","floor":44,"turns":6},{"damage":19,"enemies":"Nemesis","floor":46,"turns":5},{"damage":29,"enemies":"Reptomancer","floor":48,"turns":6},{"damage":31,"enemies":"Time Eater","floor":50,"turns":7},{"damage":53,"enemies":"Shield and Spear","floor":54,"turns":6},{"damage":51,"enemies":"The Heart","floor":55,"turns":9}],"seed_played":"-5507434889547285759","potions_obtained":[{"floor":6,"key":"Explosive Potion"},{"floor":8,"key":"Regen Potion"},{"floor":14,"key":"Weak Potion"},{"floor":18,"key":"SkillPotion"},{"floor":23,"key":"DuplicationPotion"},{"floor":33,"key":"Strength Potion"},{"floor":38,"key":"ColorlessPotion"},{"floor":44,"key":"FearPotion"}],"is_trial":false,"path_per_floor":["M","?","?","$","?","E","R","E","T","E","$","R","M","E","R","B",null,"M","?","?","M","M","E","R","?","T","M","R","T","M","E","R","B",null,"M","$","?","M","?","E","R","?","T","E","?","E","$","E","R","B",null,"R","$","E","B",null],"character_chosen":"IRONCLAD","items_purchased":["Fire Breathing","Flash of Steel","Armaments+1","Havoc+1","SkillPotion","Eternal Feather","Lee\u0027s Waffle","PowerPotion","Infernal Blade+1"],"campfire_rested":3,"item_purchase_floors":[4,4,11,11,11,36,36,36,47],"current_hp_per_floor":[74,74,74,74,51,59,59,67,67,63,63,63,56,40,40,25,70,68,43,43,34,27,8,35,35,35,33,60,60,53,53,80,38,77,85,97,80,85,85,81,97,97,97,82,77,73,73,52,76,53,91,104,104,57,14],"gold":65,"neow_bonus":"THREE_ENEMY_KILL","is_daily":false,"chose_seed":false,"campfire_upgraded":5,"win_rate":0.0,"timestamp":1609424263,"path_taken":["M","?","?","$","?","E","R","E","T","E","?","R","M","E","R","BOSS","M","?","?","?","M","E","R","?","T","?","R","?","M","E","R","BOSS","M","$","?","M","?","E","R","?","T","E","?","E","?","E","R","BOSS","R","$","E","BOSS"],"items_purchased_type":["Card","Card","Card","Card","Potion","Relic","Relic","Potion","Card"],"build_version":"2020-12-22","purchased_purges":1,"victory":true,"max_hp_per_floor":[75,75,75,75,75,75,75,75,75,85,85,85,85,85,85,85,85,85,90,90,90,90,90,90,90,90,90,90,90,90,90,90,90,90,90,97,97,97,97,97,97,97,97,97,97,104,104,104,104,104,104,104,104,104,104],"relic_stats":{"Lee\u0027s Waffle":12,"Torii":47,"counters":[24,114],"Eternal Feather":53,"Charon\u0027s Ashes":[1109],"Orichalcum":[12],"MawBank":120,"Burning Blood":144,"Mercury Hourglass":[27],"Blood Vial":42,"Bronze Scales":[202],"Pandora\u0027s Box":["Immolate","Havoc","Shrug It Off","Ghostly Armor","Bloodletting","Shrug It Off","Bludgeon","Body Slam","Reckless Charge"],"obtain_stats":[{"Potion Belt":44,"Lantern":23,"Lee\u0027s Waffle":36,"Pear":10,"NeowsBlessing":0,"Torii":8,"Eternal Feather":36,"Charon\u0027s Ashes":6,"Omamori":31,"Orichalcum":48,"MawBank":26,"Burning Blood":0,"Mercury Hourglass":54,"Blood Vial":2,"keyreminder:keyreminder":14,"HornCleat":29,"Bronze Scales":40,"Strawberry":46,"Pandora\u0027s Box":17,"Red Mask":42,"Toxic Egg 2":9,"Pocketwatch":14,"Runic Pyramid":34},{"Potion Belt":19,"Lantern":11,"Lee\u0027s Waffle":16,"Pear":4,"NeowsBlessing":0,"Torii":3,"Eternal Feather":16,"Charon\u0027s Ashes":2,"Omamori":14,"Orichalcum":21,"MawBank":11,"Burning Blood":0,"Mercury Hourglass":23,"Blood Vial":1,"keyreminder:keyreminder":6,"HornCleat":12,"Bronze Scales":18,"Strawberry":20,"Pandora\u0027s Box":7,"Red Mask":18,"Toxic Egg 2":3,"Pocketwatch":6,"Runic Pyramid":15},{"Potion Belt":81,"Lantern":41,"Lee\u0027s Waffle":66,"Pear":12,"NeowsBlessing":0,"Torii":4,"Eternal Feather":66,"Charon\u0027s Ashes":3,"Omamori":54,"Orichalcum":92,"MawBank":41,"Burning Blood":0,"Mercury Hourglass":105,"Blood Vial":1,"keyreminder:keyreminder":21,"HornCleat":45,"Bronze Scales":75,"Strawberry":86,"Pandora\u0027s Box":27,"Red Mask":75,"Toxic Egg 2":4,"Pocketwatch":21,"Runic Pyramid":62}],"Pocketwatch":[57]},"card_choices":[{"not_picked":["Wild Strike","Body Slam"],"picked":"Reckless Charge","floor":1},{"not_picked":["Shrug It Off","Searing Blow"],"picked":"Clothesline","floor":6},{"not_picked":["Immolate","Warcry"],"picked":"Feel No Pain","floor":8},{"not_picked":["Shrug It Off+1","Entrench+1"],"picked":"Juggernaut","floor":10},{"not_picked":["Pommel Strike","Whirlwind"],"picked":"Thunderclap","floor":13},{"not_picked":["Armaments+1","Heavy Blade"],"picked":"Blood for Blood","floor":14},{"not_picked":["Limit Break+1","Immolate"],"picked":"Fiend Fire","floor":16},{"not_picked":["Sword Boomerang","Thunderclap","Rampage"],"picked":"SKIP","floor":18},{"not_picked":["Blood for Blood","Clash"],"picked":"Armaments+1","floor":21},{"not_picked":["True Grit+1","Dropkick"],"picked":"Ghostly Armor+1","floor":22},{"not_picked":["Blood for Blood","Clash+1"],"picked":"Power Through+1","floor":23},{"not_picked":["Juggernaut","Clash"],"picked":"True Grit+1","floor":27},{"not_picked":["Pommel Strike","True Grit+1"],"picked":"Intimidate+1","floor":30},{"not_picked":["Pommel Strike","Hemokinesis"],"picked":"Rage+1","floor":31},{"not_picked":["Brutality","Double Tap+1"],"picked":"Berserk","floor":33},{"not_picked":["Iron Wave","Feel No Pain"],"picked":"Dark Embrace","floor":35},{"not_picked":["Headbutt","Body Slam+1"],"picked":"Intimidate+1","floor":38},{"not_picked":["Clash+1","Reckless Charge"],"picked":"Warcry+1","floor":40},{"not_picked":["Havoc+1","Sever Soul+1"],"picked":"Ghostly Armor+1","floor":44},{"not_picked":["Apotheosis+1","Trip+1"],"picked":"Madness+1","floor":45},{"not_picked":["Secret Weapon+1","Impatience+1"],"picked":"Enlightenment+1","floor":45},{"not_picked":["Ghostly Armor+1","Reckless Charge"],"picked":"True Grit+1","floor":46},{"not_picked":["Metallicize","Impervious+1"],"picked":"Fiend Fire","floor":48},{"not_picked":["Flex+1","Combust+1"],"picked":"Shrug It Off+1","floor":54}],"player_experience":837325,"relics_obtained":[{"floor":6,"key":"Charon\u0027s Ashes"},{"floor":8,"key":"Torii"},{"floor":9,"key":"Toxic Egg 2"},{"floor":10,"key":"Pear"},{"floor":14,"key":"Pocketwatch"},{"floor":23,"key":"Lantern"},{"floor":26,"key":"MawBank"},{"floor":29,"key":"HornCleat"},{"floor":31,"key":"Omamori"},{"floor":40,"key":"Bronze Scales"},{"floor":44,"key":"Potion Belt"},{"floor":46,"key":"Strawberry"},{"floor":48,"key":"Orichalcum"},{"floor":54,"key":"Mercury Hourglass"}],"event_choices":[{"damage_healed":0,"gold_gain":0,"player_choice":"Box","damage_taken":0,"relics_obtained":["Blood Vial"],"max_hp_gain":0,"max_hp_loss":0,"event_name":"Big Fish","floor":2,"gold_loss":0,"cards_obtained":["Regret"]},{"damage_healed":0,"gold_gain":150,"player_choice":"AGREE","damage_taken":0,"max_hp_gain":0,"max_hp_loss":0,"event_name":"Liars Game","floor":3,"gold_loss":0,"cards_obtained":["Doubt"]},{"damage_healed":0,"gold_gain":0,"player_choice":"Entered Light","damage_taken":23,"max_hp_gain":0,"max_hp_loss":0,"event_name":"Shining Light","floor":5,"gold_loss":0,"cards_upgraded":["Defend_R","Strike_R"]},{"damage_healed":0,"gold_gain":0,"player_choice":"Shed Blood","damage_taken":30,"max_hp_gain":5,"max_hp_loss":0,"event_name":"Forgotten Altar","floor":19,"gold_loss":0},{"damage_healed":0,"gold_gain":0,"player_choice":"Ignored","damage_taken":0,"max_hp_gain":0,"max_hp_loss":0,"event_name":"N\u0027loth","floor":20,"gold_loss":0},{"damage_healed":0,"gold_gain":0,"cards_transformed":["Bludgeon"],"player_choice":"Transformed","damage_taken":0,"max_hp_gain":0,"max_hp_loss":0,"event_name":"Transmorgrifier","floor":25,"gold_loss":0,"cards_obtained":["Inflame"]},{"damage_healed":0,"gold_gain":0,"player_choice":"Embrace Madness","damage_taken":17,"max_hp_gain":0,"max_hp_loss":0,"event_name":"Winding Halls","floor":37,"gold_loss":0,"cards_obtained":["Madness","Madness"]},{"cards_removed":["Armaments"],"damage_healed":0,"gold_gain":0,"player_choice":"Removed Skill","damage_taken":0,"max_hp_gain":0,"max_hp_loss":0,"event_name":"Falling","floor":39,"gold_loss":0},{"damage_healed":0,"gold_gain":0,"player_choice":"Paid","damage_taken":0,"relics_obtained":["Red Mask"],"max_hp_gain":0,"max_hp_loss":0,"event_name":"Tomb of Lord Red Mask","floor":42,"gold_loss":77},{"damage_healed":0,"gold_gain":0,"player_choice":"Memory 2","damage_taken":5,"max_hp_gain":0,"max_hp_loss":0,"event_name":"SensoryStone","floor":45,"gold_loss":0}],"is_beta":false,"boss_relics":[{"not_picked":["Tiny House","Philosopher\u0027s Stone"],"picked":"Pandora\u0027s Box"},{"not_picked":["Coffee Dripper","Astrolabe"],"picked":"Runic Pyramid"}],"items_purged_floors":[4],"is_endless":false,"potions_floor_spawned":[6,8,14,18,23,33,38,44],"ascension_level":18}}