{"host":"rmxeoilydwnfa1ap","time":1609409374,"event":{"mods":["2.2 Compatiblity","BaseMod","Better Third Choice","BetterRewards","Defuse TimeMaze Blight","HololiveMod","Hubris","Humility","Minty Spire (QoL Compilation)","Rare Cards Sparkle","Remove Card Discount Mod","Shop Mod","Spicy Shops","StSLib","¡¾ÒÅÎï¿¨ÅÆ¡¿REMEMod"],"gold_per_floor":[82,82,62,62,75,75,75,75,143,143,158,158,173,248,248,345,345,361,361,361],"floor_reached":19,"playtime":428,"items_purged":["Hololive_WolfAndLamb","Hololive_DiamondStrike","Hololive_FlareMind","Hololive_DurableLive","Hololive_AWSL","Hololive_ScarfAndHalo","Hololive_ASMR","Hololive_StarCraft","Hololive_BeCareful","Hololive_OpenUp"],"score":230,"play_id":"f9e36f34-c2ba-4ec6-82c7-3047fa66d98f","local_time":"20201231180934","daily_mods":["SealedDeck","Shiny","Vintage","Heirloom","Time Dilation","Flight","Elite Swarm"],"is_ascension_mode":false,"campfire_choices":[{"data":"Hololive_CallHoushouMarine","floor":6,"key":"SMITH"},{"data":"Hololive_IdolExercise","floor":7,"key":"SMITH"},{"data":"Hololive_Nanodesu","floor":8,"key":"SMITH"},{"data":"Hololive_Spy","floor":10,"key":"SMITH"},{"data":"Hololive_CallRoboco","floor":15,"key":"SMITH"}],"circlet_count":0,"master_deck":["Hololive_Thief","Hololive_DDD","Hololive_Rebirth","Hololive_HighAtkLowDef","Hololive_MaximGun","Hololive_IdolExercise+1","Hololive_Nanodesu+1","Hololive_Rebound","Hololive_StrengthChampion","Hololive_CocoNews","Hololive_CallHoushouMarine+1","Hololive_FlyingPonyTail","Hololive_Rebound","Hololive_CallRoboco+1","Hololive_CallHoshimachiSuisei","Hololive_CallShiranuiFlare","Hololive_Spy+1","Hololive_Nanodesu"],"relics":["Hololive_TheStar","REME_ComplimentaryCards","Dead Branch","Singing Bowl","REME_HourglassOfDeath","Hololive_FriedShrimpLion","hubris:SphereOfDissonance","hubris:CrystalStatue","Pear","SacredBark","Art of War"],"acts_visited":["Exordium","TheCity"],"potions_floor_usage":[],"damage_taken":[{"damage":0,"enemies":"2 Louse","floor":1,"turns":1},{"damage":0,"enemies":"Cultist","floor":5,"turns":2},{"damage":0,"enemies":"Jaw Worm","floor":11,"turns":1},{"damage":0,"enemies":"Blue Slaver","floor":13,"turns":2},{"damage":0,"enemies":"Slime Boss","floor":16,"turns":3},{"damage":0,"enemies":"2 Thieves","floor":18,"turns":3}],"seed_played":"3400703539000150547","potions_obtained":[{"floor":13,"key":"Energy Potion"},{"floor":18,"key":"DistilledChaos"}],"is_trial":true,"path_per_floor":["M","?","$","?","M","R","R","R","T","R","M","?","M","?","R","B",null,"M","$"],"character_chosen":"Hololive_HololiveCharacter","items_purchased":[],"campfire_rested":0,"item_purchase_floors":[],"current_hp_per_floor":[35,35,35,35,35,35,35,35,35,35,35,45,55,44,44,44,55,55,55,55],"gold":361,"neow_bonus":"","is_daily":false,"chose_seed":false,"campfire_upgraded":5,"win_rate":0.0,"timestamp":1609409374,"path_taken":["M","?","?","?","M","R","R","R","T","R","?","?","?","?","R","BOSS","M","$"],"items_purchased_type":[],"build_version":"2020-12-22","purchased_purges":10,"victory":false,"max_hp_per_floor":[35,35,35,35,35,35,35,35,35,35,35,45,55,55,55,55,55,55,55,55],"card_choices":[{"not_picked":["Hololive_DiamondStrike","Hololive_AWSL","Hololive_BeCareful"],"picked":"Hololive_Nanodesu","floor":16}],"player_experience":59378,"relics_obtained":[{"floor":1,"key":"Singing Bowl"},{"floor":4,"key":"REME_HourglassOfDeath"},{"floor":5,"key":"Hololive_FriedShrimpLion"},{"floor":9,"key":"hubris:SphereOfDissonance"},{"floor":11,"key":"hubris:CrystalStatue"},{"floor":13,"key":"Pear"},{"floor":18,"key":"Art of War"}],"event_choices":[{"damage_healed":0,"gold_gain":0,"player_choice":"Ignored","damage_taken":0,"max_hp_gain":0,"max_hp_loss":0,"event_name":"WeMeetAgain","floor":2,"gold_loss":0},{"damage_healed":0,"gold_gain":0,"player_choice":"Relic","damage_taken":0,"max_hp_gain":0,"max_hp_loss":0,"event_name":"Wheel of Change","floor":4,"gold_loss":0},{"cards_removed":["Hololive_Recruit"],"damage_healed":0,"gold_gain":0,"player_choice":"Offered Rare","damage_taken":0,"max_hp_gain":10,"max_hp_loss":0,"event_name":"Bonfire Elementals","floor":12,"gold_loss":0},{"damage_healed":0,"gold_gain":75,"player_choice":"Gold","damage_taken":11,"max_hp_gain":0,"max_hp_loss":0,"event_name":"betterThird:BetterGoop","floor":14,"gold_loss":0}],"is_beta":false,"boss_relics":[{"not_picked":["hubris:CrackedHourglass","Hololive_ChaosS"],"picked":"SacredBark"}],"items_purged_floors":[3,3,3,3,3,3,3,3,3,3],"is_endless":true,"potions_floor_spawned":[5,13,18],"ascension_level":0}}