{"host":"52zmxm0oht7x0uft","time":1609421896,"event":{"mods":["AchievementEnabler","BaseMod","Minty Spire (QoL Compilation)","Quick Restart"],"gold_per_floor":[117,130,140,151,226,242,276,276,354,354,354,354,369,294,294,397,397,415,430,430,444,105,135,135,170,170,181,56,56,56,86,86,184,184,200,216,66,84,97,115,148,148,148,148,179,179,179,179],"floor_reached":47,"playtime":2155,"items_purged":["Regret","Strike_R","Strike_R","Strike_R"],"score":684,"play_id":"46dd8f3a-8e4e-452b-a405-17f717fadf75","local_time":"20201231143816","is_ascension_mode":true,"campfire_choices":[{"data":"Clash","floor":8,"key":"SMITH"},{"data":"Rampage","floor":10,"key":"SMITH"},{"floor":15,"key":"REST"},{"data":"Double Tap","floor":24,"key":"SMITH"},{"floor":30,"key":"REST"},{"floor":32,"key":"RECALL"},{"floor":46,"key":"REST"}],"circlet_count":0,"master_deck":["Strike_R","Strike_R","Defend_R","Defend_R","Defend_R","Defend_R","Clash+1","Headbutt","Rampage+1","Double Tap+1","Juggernaut+1","Shrug It Off+1","Metallicize","Violence","Panache"],"relics":["Burning Blood","Orichalcum","Ornamental Fan","Thread and Needle","Gremlin Horn","Busted Crown","Self Forming Clay","Art of War","Anchor","Sundial","SacredBark","Oddly Smooth Stone","Blood Vial","Molten Egg 2"],"acts_visited":["Exordium","TheCity","TheBeyond"],"potions_floor_usage":[19,23,25,33,40,41,41],"damage_taken":[{"damage":8,"enemies":"2 Louse","floor":1,"turns":3},{"damage":4,"enemies":"Small Slimes","floor":2,"turns":4},{"damage":8,"enemies":"Jaw Worm","floor":3,"turns":5},{"damage":7,"enemies":"Looter","floor":4,"turns":3},{"damage":1,"enemies":"3 Louse","floor":6,"turns":4},{"damage":38,"enemies":"Lagavulin","floor":7,"turns":7},{"damage":23,"enemies":"Red Slaver","floor":13,"turns":5},{"damage":34,"enemies":"The Guardian","floor":16,"turns":7},{"damage":0,"enemies":"Chosen","floor":18,"turns":3},{"damage":0,"enemies":"3 Byrds","floor":19,"turns":4},{"damage":37,"enemies":"Shelled Parasite and Fungi","floor":21,"turns":4},{"damage":6,"enemies":"Slavers","floor":23,"turns":5},{"damage":24,"enemies":"Book of Stabbing","floor":25,"turns":4},{"damage":13,"enemies":"Snake Plant","floor":27,"turns":3},{"damage":5,"enemies":"Slavers","floor":31,"turns":5},{"damage":57,"enemies":"Collector","floor":33,"turns":7},{"damage":6,"enemies":"3 Darklings","floor":35,"turns":4},{"damage":0,"enemies":"3 Shapes","floor":36,"turns":5},{"damage":15,"enemies":"Sphere and 2 Shapes","floor":38,"turns":4},{"damage":0,"enemies":"Transient","floor":39,"turns":5},{"damage":39,"enemies":"Maw","floor":40,"turns":5},{"damage":0,"enemies":"Reptomancer","floor":41,"turns":3},{"damage":48,"enemies":"Giant Head","floor":45,"turns":7},{"damage":45,"enemies":"Nemesis","floor":47,"turns":5}],"seed_played":"2245588669236952763","potions_obtained":[{"floor":1,"key":"SpeedPotion"},{"floor":2,"key":"CultistPotion"},{"floor":4,"key":"SkillPotion"},{"floor":19,"key":"SkillPotion"},{"floor":25,"key":"Explosive Potion"},{"floor":33,"key":"CultistPotion"},{"floor":35,"key":"PowerPotion"}],"is_trial":false,"path_per_floor":["M","M","M","M","?","M","E","R","T","R","?","T","M","$","R","B",null,"M","M","?","M","$","E","R","E","T","M","$","?","R","E","R","B",null,"M","M","$","M","M","M","E","?","T","?","E","R","E"],"character_chosen":"IRONCLAD","items_purchased":["Self Forming Clay"],"campfire_rested":3,"item_purchase_floors":[22],"current_hp_per_floor":[86,88,86,85,74,79,47,47,47,47,47,47,30,30,56,28,88,88,88,88,57,57,57,57,39,39,32,32,32,58,59,59,8,88,88,88,88,79,85,52,58,58,58,53,13,39,0,0],"gold":179,"neow_bonus":"TEN_PERCENT_HP_BONUS","is_daily":false,"chose_seed":false,"campfire_upgraded":3,"win_rate":0.0,"timestamp":1609421896,"path_taken":["M","M","M","M","?","M","E","R","T","R","?","?","M","$","R","BOSS","M","M","?","M","$","E","R","E","T","M","$","?","R","E","R","BOSS","M","M","$","M","M","M","E","?","T","?","E","R","E"],"items_purchased_type":["Relic"],"build_version":"2020-12-22","purchased_purges":4,"victory":false,"max_hp_per_floor":[88,88,88,88,88,88,88,88,88,88,88,88,88,88,88,88,88,88,88,88,88,88,88,88,88,88,88,88,88,88,88,88,88,88,88,88,88,88,88,88,88,88,88,88,88,88,88,88],"card_choices":[{"not_picked":["Second Wind","Anger","Havoc"],"picked":"SKIP","floor":1},{"not_picked":["Thunderclap","Anger","True Grit"],"picked":"SKIP","floor":2},{"not_picked":["Seeing Red","Havoc"],"picked":"Clash","floor":3},{"not_picked":["Sword Boomerang","Perfected Strike","Dark Embrace"],"picked":"SKIP","floor":4},{"not_picked":["Battle Trance","Anger"],"picked":"Headbutt","floor":6},{"not_picked":["Shrug It Off","Clothesline"],"picked":"Rampage","floor":7},{"not_picked":["Iron Wave","True Grit"],"picked":"Double Tap","floor":13},{"not_picked":["Limit Break","Reaper"],"picked":"Juggernaut","floor":16},{"not_picked":["Flex"],"picked":"SKIP","floor":18},{"not_picked":["Heavy Blade+1"],"picked":"SKIP","floor":19},{"not_picked":["Uppercut"],"picked":"SKIP","floor":21},{"not_picked":[],"picked":"Shrug It Off+1","floor":23},{"not_picked":["Thunderclap"],"picked":"SKIP","floor":25},{"not_picked":["Rampage"],"picked":"SKIP","floor":27},{"not_picked":["Anger"],"picked":"SKIP","floor":31},{"not_picked":["Intimidate+1"],"picked":"SKIP","floor":35},{"not_picked":["True Grit"],"picked":"SKIP","floor":36},{"not_picked":["True Grit"],"picked":"SKIP","floor":36},{"not_picked":["Flex+1"],"picked":"SKIP","floor":38},{"not_picked":[],"picked":"Metallicize","floor":39},{"not_picked":["Warcry+1"],"picked":"SKIP","floor":40},{"not_picked":["Double Tap"],"picked":"SKIP","floor":41},{"not_picked":["Double Tap"],"picked":"SKIP","floor":41},{"not_picked":["Double Tap"],"picked":"SKIP","floor":41},{"not_picked":[],"picked":"Violence","floor":44},{"not_picked":[],"picked":"Panache","floor":44},{"not_picked":["Whirlwind+1"],"picked":"SKIP","floor":45}],"player_experience":338694,"relics_obtained":[{"floor":7,"key":"Orichalcum"},{"floor":9,"key":"Ornamental Fan"},{"floor":12,"key":"Gremlin Horn"},{"floor":23,"key":"Art of War"},{"floor":25,"key":"Anchor"},{"floor":31,"key":"Sundial"},{"floor":41,"key":"Oddly Smooth Stone"},{"floor":43,"key":"Blood Vial"},{"floor":45,"key":"Molten Egg 2"}],"event_choices":[{"damage_healed":0,"gold_gain":75,"player_choice":"Gather Gold","damage_taken":11,"max_hp_gain":0,"max_hp_loss":0,"event_name":"World of Goop","floor":5,"gold_loss":0},{"damage_healed":0,"gold_gain":0,"player_choice":"Box","damage_taken":0,"relics_obtained":["Thread and Needle"],"max_hp_gain":0,"max_hp_loss":0,"event_name":"Big Fish","floor":11,"gold_loss":0,"cards_obtained":["Regret"]},{"damage_healed":0,"gold_gain":0,"player_choice":"Ignored","damage_taken":0,"max_hp_gain":0,"max_hp_loss":0,"event_name":"Ghosts","floor":20,"gold_loss":0},{"damage_healed":0,"gold_gain":0,"player_choice":"Forge","damage_taken":0,"max_hp_gain":0,"max_hp_loss":0,"event_name":"Accursed Blacksmith","floor":29,"gold_loss":0,"cards_upgraded":["Juggernaut"]},{"cards_removed":["Bash"],"damage_healed":0,"gold_gain":0,"player_choice":"Removed Attack","damage_taken":0,"max_hp_gain":0,"max_hp_loss":0,"event_name":"Falling","floor":42,"gold_loss":0},{"damage_healed":0,"gold_gain":0,"player_choice":"Memory 2","damage_taken":5,"max_hp_gain":0,"max_hp_loss":0,"event_name":"SensoryStone","floor":44,"gold_loss":0}],"is_beta":false,"boss_relics":[{"not_picked":["Mark of Pain","Ectoplasm"],"picked":"Busted Crown"},{"not_picked":["Sozu","Runic Pyramid"],"picked":"SacredBark"}],"items_purged_floors":[14,22,28,37],"is_endless":false,"potions_floor_spawned":[1,2,4,13,18,19,25,33,35,39,45],"killed_by":"Nemesis","ascension_level":4}}