{"host":"9ylwqx3xq4e4v98b","time":1609403161,"event":{"mods":["AchievementEnabler","BaseMod","Better Silent Start","Card Forge","Colored Map","DeckTracker","Minty Spire (QoL Compilation)","Permanent Neow","Quick Restart","Spicy Shops","StSLib","SuperFastMode","Td1madao Mod"],"gold_per_floor":[209,209,227,227,227,227,243,268,268,309,330,368,368,122,122,253,253,268,284,914,536,550,550,589,589,661,695,719,752,448,472,472,592,592,612,626,626,959,1009,1034,1034,1065,1065,1065,1079,1105,1115,917,917,917],"floor_reached":51,"playtime":746,"items_purged":[],"score":1439,"play_id":"181a9a94-5af4-4ccb-9b99-82fa9383b4cc","local_time":"20201231002601","is_ascension_mode":true,"campfire_choices":[{"data":"Grand Finale","floor":6,"key":"SMITH"},{"data":"Finesse","floor":13,"key":"SMITH"},{"data":"Finesse","floor":15,"key":"SMITH"},{"data":"Grand Finale","floor":23,"key":"SMITH"},{"data":"Grand Finale","floor":25,"key":"SMITH"},{"data":"Grand Finale","floor":32,"key":"SMITH"},{"floor":41,"key":"RECALL"},{"floor":44,"key":"REST"},{"floor":49,"key":"REST"}],"circlet_count":0,"master_deck":["Battle Trance+1","Feed+1","Offering+1","Flex+1","Seeing Red+1","Spot Weakness+1","Provocative+1","Double Tap+1","Feed+1","Seeing Red+1","Offering+1","Flex+1","Limit Break+1","Black Contract+1"],"relics":["Burning Blood","Hammer of Thor","Seething Fire","Anvil of the Gods","Bag of Preparation","Frozen Egg 2","MealTicket","Peace Pipe","Meat on the Bone","Black Star","Membership Card","Mango","Pen Nib","PreservedInsect","CaptainsWheel","Nunchaku","Smiling Mask","Darkstone Periapt","Du-Vu Doll","Oddly Smooth Stone","Potion Belt","Paper Frog","Runic Cube","Thread and Needle","Whetstone","Pear","Bag of Marbles","Bronze Scales","HornCleat","Singing Bowl","Juzu Bracelet","Anchor","Ornamental Fan"],"acts_visited":["Exordium","TheCity","TheBeyond"],"potions_floor_usage":[],"damage_taken":[{"damage":0,"enemies":"Jaw Worm","floor":1,"turns":1},{"damage":0,"enemies":"Small Slimes","floor":3,"turns":1},{"damage":0,"enemies":"Cultist","floor":7,"turns":1},{"damage":0,"enemies":"Blue Slaver","floor":8,"turns":1},{"damage":0,"enemies":"3 Sentries","floor":10,"turns":1},{"damage":0,"enemies":"2 Fungi Beasts","floor":11,"turns":1},{"damage":0,"enemies":"Gremlin Nob","floor":12,"turns":1},{"damage":0,"enemies":"Slime Boss","floor":16,"turns":1},{"damage":0,"enemies":"Spheric Guardian","floor":18,"turns":1},{"damage":0,"enemies":"3 Byrds","floor":19,"turns":1},{"damage":0,"enemies":"Centurion and Healer","floor":22,"turns":1},{"damage":0,"enemies":"Slavers","floor":24,"turns":1},{"damage":0,"enemies":"Book of Stabbing","floor":27,"turns":1},{"damage":0,"enemies":"Cultist and Chosen","floor":28,"turns":1},{"damage":0,"enemies":"Slavers","floor":29,"turns":1},{"damage":0,"enemies":"Chosen and Byrds","floor":31,"turns":1},{"damage":4,"enemies":"Champ","floor":33,"turns":2},{"damage":0,"enemies":"Orb Walker","floor":35,"turns":1},{"damage":0,"enemies":"3 Shapes","floor":36,"turns":1},{"damage":0,"enemies":"Mind Bloom Boss Battle","floor":39,"turns":1},{"damage":0,"enemies":"Giant Head","floor":40,"turns":1},{"damage":0,"enemies":"Nemesis","floor":42,"turns":1},{"damage":0,"enemies":"Spire Growth","floor":45,"turns":1},{"damage":0,"enemies":"Reptomancer","floor":46,"turns":1},{"damage":27,"enemies":"Transient","floor":47,"turns":4},{"damage":31,"enemies":"Donu and Deca","floor":50,"turns":4}],"seed_played":"1326906177938039699","potions_obtained":[{"floor":29,"key":"Fire Potion"},{"floor":33,"key":"EssenceOfSteel"},{"floor":36,"key":"Regen Potion"}],"is_trial":false,"path_per_floor":["M","$","M","?","?","R","M","M","T","E","M","E","R","$","R","B",null,"M","M","?","$","M","R","E","R","T","E","M","E","$","M","R","B",null,"M","M","?","?","?","E","R","E","T","R","M","E","M","$","R","B",null],"character_chosen":"IRONCLAD","items_purchased":["Meat on the Bone","Membership Card","Mango","Pen Nib","FairyPotion","Oddly Smooth Stone","Potion Belt","Paper Frog","BloodPotion","Anchor","Ornamental Fan"],"campfire_rested":2,"item_purchase_floors":[14,21,21,21,21,30,30,30,30,48,48],"current_hp_per_floor":[80,80,80,77,57,57,63,69,69,75,80,80,80,80,80,80,80,80,80,11,40,58,58,64,64,64,70,76,82,94,94,94,94,94,94,94,94,94,94,104,104,104,104,104,104,104,85,100,106,85],"gold":917,"neow_bonus":"HUNDRED_GOLD","is_daily":false,"chose_seed":false,"campfire_upgraded":6,"win_rate":0.0,"timestamp":1609403161,"path_taken":["M","$","M","?","?","R","M","M","T","E","M","E","R","$","R","BOSS","M","M","?","$","M","R","E","R","T","E","M","E","$","?","R","BOSS","M","M","?","?","?","E","R","E","T","R","M","E","M","$","R","BOSS"],"items_purchased_type":["Relic","Relic","Relic","Relic","Potion","Relic","Relic","Relic","Potion","Relic","Relic"],"build_version":"2020-12-22","purchased_purges":0,"victory":true,"max_hp_per_floor":[80,80,80,80,80,80,80,80,80,80,80,80,80,80,80,80,80,80,80,80,94,94,94,94,94,94,94,94,94,94,94,94,94,94,94,94,94,94,94,104,104,104,104,104,104,104,106,106,106,110],"card_choices":[{"not_picked":["Ghostly Armor","Reckless Charge","Armaments"],"picked":"SKIP","floor":1},{"not_picked":["Blood for Blood","Cleave","Anger"],"picked":"SKIP","floor":3},{"not_picked":["Sword Boomerang","Combust","Entrench"],"picked":"SKIP","floor":7},{"not_picked":["Wild Strike","Bloodletting","Anger"],"picked":"SKIP","floor":8},{"not_picked":["Power Through","Thunderclap","Disarm"],"picked":"SKIP","floor":10},{"not_picked":["Thunderclap","Inflame+1","Feel No Pain+1"],"picked":"SKIP","floor":11},{"not_picked":["Wild Strike","Dual Wield","Barricade+1"],"picked":"SKIP","floor":12},{"not_picked":["Shrug It Off+1","Evolve+1","Havoc"],"picked":"SKIP","floor":18},{"not_picked":["Havoc","Thunderclap","Dual Wield"],"picked":"SKIP","floor":19},{"not_picked":["Searing Blow","Cleave+1","Body Slam+1"],"picked":"SKIP","floor":22},{"not_picked":["Perfected Strike","Exhume","Sentinel"],"picked":"SKIP","floor":24},{"not_picked":["Clash","Infernal Blade","Body Slam"],"picked":"SKIP","floor":27},{"not_picked":["Burning Pact","Flex","Evolve+1"],"picked":"SKIP","floor":28},{"not_picked":["Reckless Charge+1","Disarm","Havoc"],"picked":"SKIP","floor":29},{"not_picked":["Shrug It Off","Corruption+1","Warcry"],"picked":"SKIP","floor":31},{"not_picked":["Bloodletting+1","True Grit+1","Flex+1"],"picked":"SKIP","floor":35},{"not_picked":["Havoc","Second Wind","Pommel Strike+1"],"picked":"SKIP","floor":36},{"not_picked":["Dual Wield+1","Reaper","Fire Breathing+1"],"picked":"SKIP","floor":40},{"not_picked":["Evolve+1","Clothesline","Pommel Strike+1"],"picked":"SKIP","floor":42},{"not_picked":["Body Slam","Perfected Strike","Ghostly Armor"],"picked":"SKIP","floor":45},{"not_picked":["Inflame+1","Second Wind+1","Rampage+1"],"picked":"SKIP","floor":46},{"not_picked":["Blood for Blood+1","Sword Boomerang","Shrug It Off+1"],"picked":"Singing Bowl","floor":47}],"player_experience":184678,"relics_obtained":[{"floor":9,"key":"Frozen Egg 2"},{"floor":10,"key":"MealTicket"},{"floor":12,"key":"Peace Pipe"},{"floor":24,"key":"PreservedInsect"},{"floor":24,"key":"CaptainsWheel"},{"floor":27,"key":"Nunchaku"},{"floor":27,"key":"Smiling Mask"},{"floor":29,"key":"Darkstone Periapt"},{"floor":29,"key":"Du-Vu Doll"},{"floor":39,"key":"Thread and Needle"},{"floor":40,"key":"Whetstone"},{"floor":40,"key":"Pear"},{"floor":42,"key":"Bag of Marbles"},{"floor":42,"key":"Bronze Scales"},{"floor":43,"key":"HornCleat"},{"floor":46,"key":"Singing Bowl"},{"floor":46,"key":"Juzu Bracelet"}],"event_choices":[{"damage_healed":0,"gold_gain":0,"player_choice":"Success","damage_taken":3,"relics_obtained":["Bag of Preparation"],"max_hp_gain":0,"max_hp_loss":0,"event_name":"Scrap Ooze","floor":4,"gold_loss":0},{"damage_healed":0,"gold_gain":0,"player_choice":"Take Damage","damage_taken":20,"relics_obtained":["Golden Idol"],"max_hp_gain":0,"max_hp_loss":0,"event_name":"Golden Idol","floor":5,"gold_loss":0},{"damage_healed":0,"gold_gain":630,"player_choice":"GOLD GOLD GOLD GOLD GOLD GOLD GOLD ","damage_taken":69,"max_hp_gain":0,"max_hp_loss":0,"event_name":"Knowing Skull","floor":20,"potions_obtained":[],"gold_loss":0,"cards_obtained":[]},{"damage_healed":0,"gold_gain":0,"player_choice":"Memory 1","damage_taken":0,"max_hp_gain":0,"max_hp_loss":0,"event_name":"SensoryStone","floor":37,"gold_loss":0},{"damage_healed":0,"gold_gain":333,"player_choice":"Gave Idol","damage_taken":0,"max_hp_gain":0,"max_hp_loss":0,"event_name":"The Moai Head","floor":38,"relics_lost":["Golden Idol"],"gold_loss":0},{"damage_healed":0,"gold_gain":0,"player_choice":"Fight","damage_taken":0,"max_hp_gain":0,"max_hp_loss":0,"event_name":"MindBloom","floor":39,"gold_loss":0}],"is_beta":false,"boss_relics":[{"not_picked":["Empty Cage","SlaversCollar"],"picked":"Black Star"},{"not_picked":["Mark of Pain","Runic Dome"],"picked":"Runic Cube"}],"items_purged_floors":[],"is_endless":false,"potions_floor_spawned":[1,3,8,18,19,22,29,33,35,36,40,42],"ascension_level":4}}