{"host":"5hj512uv6i1x1iks","time":1609450338,"event":{"mods":["BaseMod","Block Reminder","Colored Powertips","Minty Spire (QoL Compilation)","Random Character Button","Rare Cards Sparkle","Relic Stats","StSLib","ojb\u0027s Better Paths Mod","ojb\u0027s Info Mod"],"gold_per_floor":[115,131,131,148,160,160,160,160,185,200,200,200,200],"floor_reached":12,"playtime":179,"items_purged":[],"score":137,"play_id":"f1d89a49-a894-4500-a3d2-0fca742d0f2b","local_time":"20201231153218","is_ascension_mode":true,"campfire_choices":[{"data":"Wallop","floor":6,"key":"SMITH"},{"data":"CrushJoints","floor":8,"key":"SMITH"}],"circlet_count":0,"master_deck":["AscendersBane","Strike_P","Strike_P","Strike_P+1","Strike_P","Defend_P","Defend_P","Defend_P","Eruption","Vigilance","LikeWater","ForeignInfluence","CrushJoints+1","Wallop+1","Tantrum+1"],"relics":["PureWater","NeowsBlessing","Orichalcum"],"acts_visited":["Exordium"],"potions_floor_usage":[12,12],"damage_taken":[{"damage":0,"enemies":"Small Slimes","floor":1,"turns":1},{"damage":0,"enemies":"Jaw Worm","floor":2,"turns":1},{"damage":0,"enemies":"Cultist","floor":4,"turns":1},{"damage":4,"enemies":"2 Fungi Beasts","floor":5,"turns":4},{"damage":3,"enemies":"Blue Slaver","floor":10,"turns":2},{"damage":47,"enemies":"Lagavulin","floor":12,"turns":3}],"seed_played":"1695309153313751662","potions_obtained":[{"floor":1,"key":"Fruit Juice"},{"floor":5,"key":"Fire Potion"}],"is_trial":false,"path_per_floor":["M","M","?","M","M","R","?","R","T","M","?","E"],"character_chosen":"WATCHER","items_purchased":[],"campfire_rested":0,"item_purchase_floors":[],"current_hp_per_floor":[61,61,61,61,57,57,57,57,57,54,34,0,0],"gold":200,"neow_bonus":"THREE_ENEMY_KILL","is_daily":false,"chose_seed":false,"campfire_upgraded":2,"win_rate":0.0,"timestamp":1609450338,"path_taken":["M","M","?","M","M","R","?","R","T","?","?","E"],"items_purchased_type":[],"build_version":"2020-12-22","purchased_purges":0,"victory":false,"max_hp_per_floor":[68,68,68,68,68,68,68,68,68,68,68,73,73],"relic_stats":{"counters":[6,12],"Orichalcum":[0],"obtain_stats":[{"NeowsBlessing":0,"PureWater":0,"Orichalcum":9},{"NeowsBlessing":0,"PureWater":0,"Orichalcum":4},{"NeowsBlessing":0,"PureWater":0,"Orichalcum":7}]},"card_choices":[{"not_picked":["Sanctity","Perseverance"],"picked":"LikeWater","floor":1},{"not_picked":["PathToVictory","EmptyBody"],"picked":"ForeignInfluence","floor":2},{"not_picked":["FlyingSleeves","InnerPeace"],"picked":"CrushJoints","floor":4},{"not_picked":["ReachHeaven","Blasphemy"],"picked":"Wallop","floor":5},{"not_picked":["ThirdEye","PathToVictory"],"picked":"Tantrum","floor":10}],"player_experience":535379,"relics_obtained":[{"floor":9,"key":"Orichalcum"}],"event_choices":[{"damage_healed":0,"gold_gain":0,"player_choice":"Leave","damage_taken":0,"max_hp_gain":0,"max_hp_loss":0,"event_name":"The Cleric","floor":3,"gold_loss":0},{"cards_removed":["Defend_P"],"damage_healed":0,"gold_gain":0,"player_choice":"Offered Basic","damage_taken":0,"max_hp_gain":0,"max_hp_loss":0,"event_name":"Bonfire Elementals","floor":7,"gold_loss":0},{"damage_healed":0,"gold_gain":0,"player_choice":"Entered Light","damage_taken":20,"max_hp_gain":0,"max_hp_loss":0,"event_name":"Shining Light","floor":11,"gold_loss":0,"cards_upgraded":["Strike_P","Tantrum"]}],"is_beta":false,"boss_relics":[],"items_purged_floors":[],"is_endless":false,"potions_floor_spawned":[1,5],"killed_by":"Lagavulin","ascension_level":19}}