{"host":"mqhvlr3kpxebko0t","time":1609425208,"event":{"mods":["AchievementEnabler","BaseMod","Colored Map","Colored Powertips","KOR Keyword Fix","Keyboard Shortcuts","Minty Spire (QoL Compilation)","StSLib","SuperFastMode"],"gold_per_floor":[109,109,109,126,20,20,39,89,138,138,63,111,126,137,137,211,211,231,211,223,223,242,242,242,242,242,256,206,219,219,89,89,89,89],"floor_reached":33,"playtime":777,"items_purged":["Strike_R","Strike_R","Strike_R"],"score":494,"play_id":"a17349ce-3e61-42b2-b887-93f6cc45458c","local_time":"20201231233328","is_ascension_mode":true,"campfire_choices":[{"data":"Body Slam","floor":6.0,"key":"SMITH"},{"data":"Battle Trance","floor":10.0,"key":"SMITH"},{"data":"Shockwave","floor":15.0,"key":"SMITH"},{"data":"Impervious","floor":23,"key":"SMITH"},{"data":"Power Through","floor":25,"key":"SMITH"},{"data":"Shrug It Off","floor":30,"key":"SMITH"},{"data":"Fire Breathing","floor":32,"key":"SMITH"}],"circlet_count":0,"master_deck":["AscendersBane","Strike_R+1","Defend_R","Defend_R","Defend_R","Defend_R","Bash","Power Through+1","Body Slam+1","Shrug It Off+1","Pommel Strike+1","Battle Trance+1","Shockwave+1","Impervious+1","Flame Barrier+1","Pommel Strike+1","Fire Breathing+1"],"relics":["Burning Blood","NeowsBlessing","TungstenRod","Whetstone","Smiling Mask","Sozu","Singing Bowl"],"acts_visited":["Exordium","TheCity"],"potions_floor_usage":[],"damage_taken":[{"damage":0.0,"enemies":"2 Louse","floor":1.0,"turns":1.0},{"damage":0.0,"enemies":"Jaw Worm","floor":4.0,"turns":1.0},{"damage":0.0,"enemies":"Cultist","floor":7.0,"turns":1.0},{"damage":14.0,"enemies":"Lagavulin","floor":12.0,"turns":4.0},{"damage":2.0,"enemies":"Large Slime","floor":13.0,"turns":6.0},{"damage":13.0,"enemies":"Exordium Thugs","floor":14.0,"turns":5.0},{"damage":39.0,"enemies":"The Guardian","floor":16.0,"turns":15.0},{"damage":5.0,"enemies":"Spheric Guardian","floor":18.0,"turns":6.0},{"damage":5.0,"enemies":"2 Thieves","floor":19.0,"turns":4.0},{"damage":12.0,"enemies":"Sentry and Sphere","floor":20.0,"turns":11.0},{"damage":6,"enemies":"Centurion and Healer","floor":22,"turns":5},{"damage":12,"enemies":"Snecko","floor":27,"turns":4},{"damage":0,"enemies":"Chosen and Byrds","floor":29,"turns":4},{"damage":91,"enemies":"Automaton","floor":33,"turns":12}],"seed_played":"2762177176511490292","potions_obtained":[{"floor":1.0,"key":"ColorlessPotion"},{"floor":4.0,"key":"EntropicBrew"}],"is_trial":false,"path_per_floor":["M","?","?","M","$","R","M","?","T","R","$","E","M","M","R","B",null,"M","M","M","?","M","R","?","R","T","M","$","M","R","$","R","B"],"character_chosen":"IRONCLAD","items_purchased":["Shrug It Off","Pommel Strike","Fire Breathing"],"campfire_rested":0,"item_purchase_floors":[5,5,31],"current_hp_per_floor":[74,69,69,75,75,75,75,69,69,69,69,61,65,58,58,25,63,64,65,59,59,59,59,54,54,54,50,50,56,56,56,56,0,0],"gold":89,"neow_bonus":"THREE_ENEMY_KILL","is_daily":false,"chose_seed":false,"campfire_upgraded":7,"win_rate":0.0,"timestamp":1609425208,"path_taken":["M","?","?","?","$","R","M","?","T","R","$","E","M","M","R","BOSS","M","M","M","?","M","R","?","R","T","M","$","M","R","$","R","BOSS"],"items_purchased_type":["Card","Card","Card"],"build_version":"2020-12-22","purchased_purges":3,"victory":false,"max_hp_per_floor":[75,75,75,75,75,75,75,75,75,75,75,75,75,75,75,75,75,75,75,75,75,75,75,75,75,75,77,77,77,77,77,77,77,77],"card_choices":[{"not_picked":["Sever Soul","Rampage"],"picked":"Power Through","floor":1.0},{"not_picked":["Clash","Perfected Strike"],"picked":"Body Slam","floor":4.0},{"not_picked":["Hemokinesis","Dropkick"],"picked":"Battle Trance","floor":7.0},{"not_picked":["Cleave","Bloodletting","Warcry"],"picked":"SKIP","floor":12.0},{"not_picked":["Blood for Blood","Limit Break","Anger"],"picked":"SKIP","floor":13.0},{"not_picked":["Anger","Bloodletting"],"picked":"Shockwave","floor":14.0},{"not_picked":["Berserk","Bludgeon"],"picked":"Impervious","floor":16.0},{"not_picked":["Iron Wave+1","Perfected Strike","Armaments"],"picked":"SKIP","floor":18.0},{"not_picked":["Blood for Blood","Inflame"],"picked":"Flame Barrier+1","floor":19.0},{"not_picked":["Rampage","Body Slam","Rage"],"picked":"SKIP","floor":20.0},{"not_picked":["Pummel","Infernal Blade","Wild Strike"],"picked":"SKIP","floor":22},{"not_picked":["Spot Weakness+1","Power Through","True Grit"],"picked":"Singing Bowl","floor":27},{"not_picked":["Sword Boomerang","Burning Pact"],"picked":"Pommel Strike+1","floor":29}],"player_experience":685675,"relics_obtained":[{"floor":9.0,"key":"Whetstone"},{"floor":12.0,"key":"Smiling Mask"},{"floor":26,"key":"Singing Bowl"}],"event_choices":[{"damage_healed":0.0,"max_hp_gain":0.0,"max_hp_loss":0.0,"gold_gain":0.0,"event_name":"Scrap Ooze","player_choice":"Success","floor":2.0,"gold_loss":0.0,"damage_taken":5.0,"relics_obtained":["TungstenRod"]},{"cards_removed":["Strike_R"],"damage_healed":0.0,"max_hp_gain":0.0,"max_hp_loss":0.0,"gold_gain":0.0,"event_name":"Purifier","player_choice":"Purged","floor":3.0,"gold_loss":0.0,"damage_taken":0.0},{"damage_healed":0.0,"max_hp_gain":0.0,"max_hp_loss":0.0,"gold_gain":50.0,"event_name":"FaceTrader","player_choice":"Touch","floor":8.0,"gold_loss":0.0,"damage_taken":7.0},{"damage_healed":0,"gold_gain":0,"player_choice":"Ignored","damage_taken":0,"max_hp_gain":0,"max_hp_loss":0,"event_name":"Cursed Tome","floor":21,"gold_loss":0},{"damage_healed":0,"gold_gain":0,"player_choice":"","damage_taken":6,"max_hp_gain":0,"max_hp_loss":0,"event_name":"Knowing Skull","floor":24,"potions_obtained":[],"gold_loss":0,"cards_obtained":[]}],"is_beta":false,"boss_relics":[{"not_picked":["Black Blood","Runic Pyramid"],"picked":"Sozu"}],"items_purged_floors":[11,28,31],"is_endless":false,"potions_floor_spawned":[1,4,22,27],"killed_by":"Automaton","ascension_level":20}}