{"host":"tpbmol9dayg75a5s","time":1609430757,"event":{"mods":["BaseMod","Bestiary","Block Reminder","Colored Powertips","Downfall","Minty Spire (QoL Compilation)","Relic Stats","StSLib"],"gold_per_floor":[116,135,150,150,163,189,199,199,226,241,31,47,47,47,47,47,47],"floor_reached":16,"playtime":765,"items_purged":[],"score":198,"play_id":"371dc920-fd92-403f-8798-0b8e77207513","local_time":"20201231130557","is_ascension_mode":true,"campfire_choices":[{"data":"Terror","floor":15,"key":"SMITH"}],"circlet_count":0,"master_deck":["AscendersBane","Strike_G","Strike_G+1","Strike_G","Strike_G","Strike_G","Defend_G","Defend_G","Defend_G","Defend_G","Defend_G","Survivor","Neutralize","Dagger Throw","Poisoned Stab+1","Choke","Dodge and Roll","Terror+1","Backstab","Sucker Punch","Well Laid Plans","Dodge and Roll"],"relics":["Ring of the Snake","NeowsBlessing","Ornamental Fan","Anchor","Whetstone","Regal Pillow"],"acts_visited":["Exordium"],"potions_floor_usage":[6,6,16],"damage_taken":[{"damage":0,"enemies":"Cultist","floor":1,"turns":1},{"damage":0,"enemies":"Jaw Worm","floor":2,"turns":1},{"damage":0,"enemies":"2 Louse","floor":3,"turns":1},{"damage":13,"enemies":"Large Slime","floor":5,"turns":8},{"damage":26,"enemies":"Lagavulin","floor":6,"turns":5},{"damage":0,"enemies":"Blue Slaver","floor":7,"turns":4},{"damage":0,"enemies":"Looter","floor":10,"turns":2},{"damage":0,"enemies":"3 Louse","floor":12,"turns":2},{"damage":39,"enemies":"Slime Boss","floor":16,"turns":6}],"seed_played":"-2987040413596139386","potions_obtained":[{"floor":2,"key":"SteroidPotion"},{"floor":5,"key":"SteroidPotion"},{"floor":6,"key":"Strength Potion"},{"floor":12,"key":"LiquidBronze"}],"is_trial":false,"path_per_floor":["M","M","M","?","M","E","M","?","T","M","$","M","$","?","R","B"],"character_chosen":"THE_SILENT","items_purchased":["Regal Pillow","Well Laid Plans"],"campfire_rested":0,"item_purchase_floors":[11,11],"current_hp_per_floor":[59,59,59,48,35,9,9,9,9,9,9,9,9,31,31,0,0],"gold":47,"neow_bonus":"THREE_ENEMY_KILL","is_daily":false,"chose_seed":false,"campfire_upgraded":1,"win_rate":0.0,"timestamp":1609430757,"path_taken":["M","?","?","?","M","E","M","?","T","M","$","M","$","?","R","BOSS"],"items_purchased_type":["Relic","Card"],"build_version":"2020-12-22","purchased_purges":0,"victory":false,"max_hp_per_floor":[66,66,66,66,66,66,66,66,66,66,66,66,66,66,66,66,66],"relic_stats":{"Regal Pillow":0,"counters":[9,30],"Ornamental Fan":[40],"Whetstone":["Strike_G","Poisoned Stab"],"obtain_stats":[{"Anchor":6,"Regal Pillow":11,"NeowsBlessing":0,"Ornamental Fan":4,"Whetstone":9,"Ring of the Snake":0},{"Anchor":5,"Regal Pillow":7,"NeowsBlessing":0,"Ornamental Fan":3,"Whetstone":6,"Ring of the Snake":0},{"Anchor":16,"Regal Pillow":22,"NeowsBlessing":0,"Ornamental Fan":3,"Whetstone":20,"Ring of the Snake":0}],"Ring of the Snake":[18]},"card_choices":[{"not_picked":["Outmaneuver","Heel Hook"],"picked":"Dagger Throw","floor":1},{"not_picked":["Riddle With Holes","Acrobatics"],"picked":"Poisoned Stab","floor":2},{"not_picked":["Prepared","Backflip"],"picked":"Choke","floor":3},{"not_picked":["Flying Knee","Outmaneuver"],"picked":"Dodge and Roll","floor":5},{"not_picked":["Blade Dance","Doppelganger"],"picked":"Terror","floor":6},{"not_picked":["Deadly Poison","Underhanded Strike"],"picked":"Backstab","floor":7},{"not_picked":["Flechettes","Dodge and Roll"],"picked":"Sucker Punch","floor":10},{"not_picked":["Caltrops","Slice"],"picked":"Dodge and Roll","floor":12}],"player_experience":991627,"relics_obtained":[{"floor":6,"key":"Anchor"},{"floor":9,"key":"Whetstone"}],"event_choices":[{"damage_healed":0,"gold_gain":0,"player_choice":"Success","damage_taken":11,"relics_obtained":["Ornamental Fan"],"max_hp_gain":0,"max_hp_loss":0,"event_name":"Scrap Ooze","floor":4,"gold_loss":0},{"damage_healed":0,"gold_gain":0,"player_choice":"Ignored","damage_taken":0,"max_hp_gain":0,"max_hp_loss":0,"event_name":"Shining Light","floor":8,"gold_loss":0},{"damage_healed":22,"gold_gain":0,"player_choice":"Banana","damage_taken":0,"max_hp_gain":0,"max_hp_loss":0,"event_name":"Big Fish","floor":14,"gold_loss":0}],"is_beta":false,"boss_relics":[],"items_purged_floors":[],"is_endless":false,"potions_floor_spawned":[2,5,6,12],"killed_by":"Slime Boss","ascension_level":18}}