{"host":"wik2u884rt5bbues","time":1609431981,"event":{"mods":["AchievementEnabler","BaseMod","Colored Map","Colored Powertips","DeckTracker","Googly Eyes","Minty Spire (QoL Compilation)","Permanent Neow","Quick Restart","Shop Mod","StSLib","SuperFastMode"],"gold_per_floor":[110,285,303,303,303,303,319,110,110,110,10,10,30,41,41,140,140,124,124,78,78,96,96,96],"floor_reached":23,"playtime":1143,"items_purged":["Doubt","Defend_R"],"score":179,"play_id":"5e853355-4a18-41d5-8a28-b28539314a64","local_time":"20201231162621","is_ascension_mode":false,"campfire_choices":[{"data":"Secret Technique","floor":6.0,"key":"SMITH"},{"data":"Disarm","floor":10.0,"key":"SMITH"},{"data":"Bash","floor":12.0,"key":"SMITH"},{"data":"Finesse","floor":15.0,"key":"SMITH"}],"circlet_count":0,"master_deck":["Strike_R","Strike_R","Strike_R","Defend_R","Defend_R","Defend_R","Bash+1","Secret Technique+1","Shrug It Off","Heavy Blade","Disarm+1","Finesse+1","Shrug It Off","Thunderclap+1","Warcry","Bloodletting","Clothesline","Ghostly Armor"],"relics":["Burning Blood"],"acts_visited":["TheCity"],"potions_floor_usage":[16,23],"damage_taken":[{"damage":10.0,"enemies":"2 Louse","floor":1.0,"turns":4.0},{"damage":8.0,"enemies":"Jaw Worm","floor":3.0,"turns":5.0},{"damage":2.0,"enemies":"Small Slimes","floor":7.0,"turns":5.0},{"damage":5.0,"enemies":"Looter","floor":13.0,"turns":3.0},{"damage":16.0,"enemies":"Large Slime","floor":14.0,"turns":8.0},{"damage":14,"enemies":"Hexaghost","floor":16,"turns":11},{"damage":29,"enemies":"2 Thieves","floor":18,"turns":4},{"damage":21,"enemies":"Spheric Guardian","floor":22,"turns":5},{"damage":88,"enemies":"Gremlin Leader","floor":23,"turns":9}],"seed_played":"-5213082311672197811","potions_obtained":[{"floor":7.0,"key":"FairyPotion"},{"floor":14.0,"key":"CultistPotion"},{"floor":18,"key":"SneckoOil"}],"is_trial":false,"path_per_floor":["M","?","M","?","?","R","M","$","T","R","$","R","M","M","R","B",null,"M","?","$","?","M","E"],"character_chosen":"IRONCLAD","items_purchased":["Finesse","Shrug It Off","Warcry"],"campfire_rested":0,"item_purchase_floors":[8,8,20],"current_hp_per_floor":[76,76,74,79,72,72,76,76,76,76,76,76,77,67,67,59,85,62,62,62,62,47,0,0],"gold":96,"neow_bonus":"RANDOM_COLORLESS_2","is_daily":false,"chose_seed":false,"campfire_upgraded":4,"win_rate":0.0,"timestamp":1609431981,"path_taken":["M","?","M","?","?","R","M","$","T","R","?","R","M","M","R","BOSS","M","?","$","?","M","E"],"items_purchased_type":["Card","Card","Card"],"build_version":"2020-12-22","purchased_purges":2,"victory":false,"max_hp_per_floor":[80,80,80,85,85,85,85,85,85,85,85,85,85,85,85,85,85,85,85,85,85,85,85,85],"card_choices":[{"not_picked":["Chrysalis","Violence"],"picked":"Secret Technique","floor":0.0},{"not_picked":["Rampage","Body Slam"],"picked":"Shrug It Off","floor":1.0},{"not_picked":["Perfected Strike","Dark Embrace"],"picked":"Heavy Blade","floor":3.0},{"not_picked":["Uppercut","Feel No Pain"],"picked":"Disarm","floor":7.0},{"not_picked":["Offering","Twin Strike","Iron Wave"],"picked":"SKIP","floor":13.0},{"not_picked":["Wild Strike","Twin Strike","Hemokinesis"],"picked":"SKIP","floor":14.0},{"not_picked":["Body Slam","Havoc"],"picked":"Thunderclap+1","floor":18},{"not_picked":["Havoc","Cleave+1"],"picked":"Ghostly Armor","floor":22}],"player_experience":768344,"relics_obtained":[],"event_choices":[{"damage_healed":0.0,"max_hp_gain":0.0,"max_hp_loss":0.0,"gold_gain":175.0,"event_name":"Liars Game","player_choice":"AGREE","floor":2.0,"gold_loss":0.0,"damage_taken":0.0,"cards_obtained":["Doubt"]},{"damage_healed":0.0,"max_hp_gain":5.0,"max_hp_loss":0.0,"gold_gain":0.0,"event_name":"Big Fish","player_choice":"Donut","floor":4.0,"gold_loss":0.0,"damage_taken":0.0},{"cards_removed":["Shame"],"damage_healed":0.0,"max_hp_gain":0.0,"max_hp_loss":0.0,"gold_gain":0.0,"event_name":"Golden Wing","player_choice":"Card Removal","floor":5.0,"gold_loss":0.0,"damage_taken":7.0},{"damage_healed":0,"gold_gain":0,"player_choice":"Ignored","damage_taken":0,"max_hp_gain":0,"max_hp_loss":0,"event_name":"Ghosts","floor":19,"gold_loss":0},{"damage_healed":0,"gold_gain":0,"cards_transformed":["Strike_R","Strike_R"],"player_choice":"Became Test Subject","damage_taken":0,"max_hp_gain":0,"max_hp_loss":0,"event_name":"Drug Dealer","floor":21,"gold_loss":0,"cards_obtained":["Bloodletting","Clothesline"]}],"is_beta":false,"boss_relics":[{"not_picked":["Tiny House","Busted Crown","Runic Pyramid"]}],"items_purged_floors":[8,11],"is_endless":false,"potions_floor_spawned":[7,14,18],"killed_by":"Gremlin Leader","ascension_level":0}}