{"host":"yq9lr8gtbjek4ze8","time":1609411944,"event":{"mods":["Act Like it!","Arknights The Spire","BaseMod","CapriCore","Conspire","Friendly Minions","Gensokyo","GifTheSpireLib","Hallownest","Koishi","Marisa（F雨　魔理沙）","Mimic Mod","Minty Spire (QoL Compilation)","MostiFishMod","Pale of the Ancients","Quick Restart","Reimu（博丽灵梦）","Replay The Spire","StSLib","WarShipGirlsR/战舰少女R mod","Yakumo Yukari mod","【功能Mod】聪明的最终Boss"],"gold_per_floor":[115,45,45,45,45,45,72,89,89,89,124,138,138,138,138,234,234,246,258,98,110,126,126,126,126],"floor_reached":24,"playtime":920,"items_purged":[],"score":260,"play_id":"8b10d9a0-95a2-467e-b2b1-383b495c32f0","local_time":"20201231185224","is_ascension_mode":true,"campfire_choices":[{"data":"ats:Flexible Camouflage","floor":6,"key":"SMITH"},{"floor":15,"key":"REST"},{"floor":23,"key":"REST"}],"circlet_count":0,"master_deck":["ats:Strike C","ats:Strike G","ats:Strike S","ats:Armor Crushing Shot","ats:Defend","ats:Defend","ats:Defend+1","ats:Defend","ats:Emotion Absorption+1","ats:Flexible Camouflage+1","ats:True Silver Slash","ats:Leaping Hammer","Injury","ats:Leaping Hammer","ats:Soul Rend","ats:Blood Oath"],"relics":["ats:Sanity","DaveBox","FeatherPendant","SynthV:TestCard","ats:Originium","Replay:Baseball","Bottled Flame","Snack Pack","Lantern","Vajra","DiscerningMonocle","conspire:TreasureMap"],"acts_visited":["Gensokyo:Gensokyo","Gensokyo:Gensokyoer"],"potions_floor_usage":[],"damage_taken":[{"damage":0,"enemies":"Gensokyo:3_Fairies","floor":1,"turns":4},{"damage":49,"enemies":"Gensokyo:Cirno","floor":7,"turns":9},{"damage":0,"enemies":"Gensokyo:2_Kodama","floor":8,"turns":2},{"damage":0,"enemies":"Gensokyo:Aya","floor":11,"turns":4},{"damage":0,"enemies":"Gensokyo:Python","floor":12,"turns":2},{"damage":20,"enemies":"Gensokyo:Kokoro","floor":16,"turns":10},{"damage":8,"enemies":"Gensokyo:2_Gloops","floor":18,"turns":5},{"damage":0,"enemies":"Gensokyo:CosmicMonolith","floor":19,"turns":2},{"damage":32,"enemies":"Gensokyo:Wraith","floor":21,"turns":4},{"damage":53,"enemies":"Gensokyo:3_Gloops","floor":22,"turns":6},{"damage":19,"enemies":"Gensokyo:Reisen","floor":24,"turns":3}],"seed_played":"8620487114919010004","potions_obtained":[{"floor":11,"key":"DuplicationPotion"},{"floor":16,"key":"Ancient Potion"},{"floor":18,"key":"Weak Potion"}],"is_trial":false,"path_per_floor":["M","?","?","?","$","R","E","M","T","?","E","M","?","T","R","B",null,"M","M","COS","M","M","R","E"],"character_chosen":"DOCTOR_CLASS","items_purchased":[],"campfire_rested":2,"item_purchase_floors":[],"current_hp_per_floor":[72,72,72,72,72,72,23,23,23,23,29,33,33,33,54,44,72,66,70,70,42,13,34,25,25],"gold":126,"neow_bonus":"REMOVE_CARD","is_daily":false,"chose_seed":false,"campfire_upgraded":1,"win_rate":0.0,"timestamp":1609411944,"path_taken":["M","?","?","?","?","R","E","M","T","?","E","M","?","?","R","BOSS","M","M","COS","M","?","R","E"],"items_purchased_type":[],"build_version":"2020-12-22","purchased_purges":0,"victory":false,"max_hp_per_floor":[72,72,72,72,72,72,72,72,72,72,72,72,72,72,72,72,72,72,72,72,72,72,72,72,72],"card_choices":[{"not_picked":["ats:Leaping Hammer","ats:Apocalypse"],"picked":"ats:Flexible Camouflage","floor":1},{"not_picked":["ats:Automatic Cover","ats:Childhood Dance","ats:Part Time Job","ats:Revitalization"],"picked":"ats:True Silver Slash","floor":7},{"not_picked":["ats:Rapid Magazine","ats:Shell Defense","ats:Childhood Dance","ats:Revitalization"],"picked":"ats:Leaping Hammer","floor":8},{"not_picked":["ats:Burning Ground","ats:Powerful Strike","ats:Closed Bolt Burst Fire","ats:Leaping Hammer","ats:Defend Order"],"picked":"SKIP","floor":11},{"not_picked":["ats:Shell Defense","ats:Rapid Magazine","ats:Assault Order","ats:Consecutive Shot Auto"],"picked":"ats:Leaping Hammer","floor":12},{"not_picked":["ats:Calcification","ats:Wolf Pack","ats:Rat Pack","ats:Volcano"],"picked":"ats:Soul Rend","floor":16},{"not_picked":["ats:Mental Burst+1","ats:Burning Ground+1","ats:Sword Rain","ats:Counter Healing Mode","ats:Apocalypse"],"picked":"SKIP","floor":18},{"not_picked":["ats:Overload","ats:Composite Medical Shells","ats:Leaping Hammer","ats:Shell Defense","ats:Curse Doll"],"picked":"SKIP","floor":19},{"not_picked":["ats:Poison Spread","ats:Chain Hook+1","ats:Leaping Hammer","ats:Counter Healing Mode+1"],"picked":"ats:Blood Oath","floor":21},{"not_picked":["ats:Shell Defense","ats:Hammer On","ats:Flexible Camouflage","ats:Mental Burst+1","ats:Closed Bolt Burst Fire+1"],"picked":"SKIP","floor":22}],"player_experience":134913,"relics_obtained":[{"floor":1,"key":"SynthV:TestCard"},{"floor":7,"key":"ats:Originium"},{"floor":7,"key":"Replay:Baseball"},{"floor":9,"key":"Bottled Flame"},{"floor":11,"key":"ats:Originium"},{"floor":11,"key":"Lantern"},{"floor":14,"key":"Vajra"}],"event_choices":[],"is_beta":false,"boss_relics":[{"not_picked":["ExusiaiGun","SacredBark"],"picked":"DiscerningMonocle"}],"items_purged_floors":[],"is_endless":false,"potions_floor_spawned":[11,12,16,18],"killed_by":"Gensokyo:Reisen","ascension_level":3}}