{"host":"os9owiyb0rak6c8n","time":1609433331,"event":{"mods":["AchievementEnabler","BaseMod","Beaked The Cultist","Better Third Choice","Block Reminder","Colored Map","Colored Powertips","Dio Mod","Minty Spire (QoL Compilation)","Robot Space Explorer","Spicy Shops","StSLib","The Death Knight"],"gold_per_floor":[118,118,4,24,0,27,27,62,62,92,111,123,123,155,155,155,155],"floor_reached":16,"playtime":627,"items_purged":[],"score":222,"play_id":"5fd6fb33-b820-435e-9105-fe2f887f8565","local_time":"20201231174851","is_ascension_mode":true,"campfire_choices":[{"data":"Enlightenment","floor":7,"key":"SMITH"},{"data":"Malaise","floor":13,"key":"SMITH"},{"floor":15,"key":"REST"}],"circlet_count":0,"master_deck":["Strike_G","Strike_G","Strike_G","Strike_G","Strike_G","Defend_G","Defend_G","Defend_G","Defend_G","Defend_G","Survivor","Neutralize","Dagger Throw","Bouncing Flask","Catalyst","Dodge and Roll","Enlightenment+1","Malaise+1","Poisoned Stab"],"relics":["Ring of the Snake","NeowsBlessing","Meat on the Bone","Blood Vial","Toxic Egg 2","Gremlin Horn","Snake Skull"],"acts_visited":["Exordium"],"potions_floor_usage":[8,8,14],"damage_taken":[{"damage":0,"enemies":"Jaw Worm","floor":1,"turns":1},{"damage":0,"enemies":"Cultist","floor":4,"turns":1},{"damage":0,"enemies":"Gremlin Nob","floor":6,"turns":1},{"damage":29,"enemies":"3 Sentries","floor":8,"turns":9},{"damage":13,"enemies":"Lagavulin","floor":10,"turns":7},{"damage":2,"enemies":"2 Louse","floor":11,"turns":3},{"damage":4,"enemies":"Blue Slaver","floor":12,"turns":4},{"damage":20,"enemies":"3 Sentries","floor":14,"turns":8},{"damage":51,"enemies":"Slime Boss","floor":16,"turns":11}],"seed_played":"-237091888961256985","potions_obtained":[{"floor":1,"key":"AttackPotion"},{"floor":6,"key":"PowerPotion"},{"floor":11,"key":"PowerPotion"}],"is_trial":false,"path_per_floor":["M","?","$","M","?","E","R","E","T","E","M","M","R","E","R","B"],"character_chosen":"THE_SILENT","items_purchased":["Bouncing Flask","Catalyst"],"campfire_rested":1,"item_purchase_floors":[3,3],"current_hp_per_floor":[63,63,63,63,69,69,69,40,40,41,41,39,39,33,55,6,6],"gold":155,"neow_bonus":"THREE_ENEMY_KILL","is_daily":false,"chose_seed":false,"campfire_upgraded":2,"win_rate":0.0,"timestamp":1609433331,"path_taken":["M","?","?","M","?","E","R","E","T","E","M","M","R","E","R","BOSS"],"items_purchased_type":["Card","Card"],"build_version":"2020-12-22","purchased_purges":0,"victory":false,"max_hp_per_floor":[70,70,70,70,76,76,76,76,76,76,76,76,76,76,76,76,76],"card_choices":[{"not_picked":["Riddle With Holes","Deflect"],"picked":"Dagger Throw","floor":1},{"not_picked":["Outmaneuver","Blade Dance"],"picked":"Dodge and Roll","floor":4},{"not_picked":["Underhanded Strike","Choke","Slice"],"picked":"SKIP","floor":6},{"not_picked":["Endless Agony","Terror"],"picked":"Malaise","floor":8},{"not_picked":["Tactician+1","Slice","Phantasmal Killer+1"],"picked":"SKIP","floor":10},{"not_picked":["Slice","PiercingWail+1"],"picked":"Poisoned Stab","floor":11},{"not_picked":["Deflect+1","Dagger Throw","Flying Knee"],"picked":"SKIP","floor":12},{"not_picked":["Finisher","Riddle With Holes","Bane"],"picked":"SKIP","floor":14}],"player_experience":515438,"relics_obtained":[{"floor":6,"key":"Meat on the Bone"},{"floor":8,"key":"Blood Vial"},{"floor":9,"key":"Toxic Egg 2"},{"floor":10,"key":"Gremlin Horn"},{"floor":14,"key":"Snake Skull"}],"event_choices":[{"damage_healed":0,"gold_gain":0,"player_choice":"Bought 0 Potions","damage_taken":0,"max_hp_gain":0,"max_hp_loss":0,"event_name":"The Woman in Blue","floor":2,"gold_loss":0},{"damage_healed":0,"gold_gain":0,"player_choice":"RENOUNCE","damage_taken":24,"max_hp_gain":0,"max_hp_loss":0,"event_name":"betterThird:BetterSerpent","floor":5,"gold_loss":24,"cards_obtained":["Enlightenment"]}],"is_beta":false,"boss_relics":[],"items_purged_floors":[],"is_endless":false,"potions_floor_spawned":[1,6,11],"killed_by":"Slime Boss","ascension_level":9}}