{"host":"etr9f2q07ig588e0","time":1609421102,"event":{"mods":["BaseMod","Downfall","Googly Eyes","Hubris","Minty Spire (QoL Compilation)","Replay The Spire","StSLib","SuperFastMode"],"gold_per_floor":[111,76,54,131,148,178,8,8,8,42,42,54,70,70,70,195,195,178,178,237,257,33,33,33,33],"floor_reached":24,"playtime":568,"items_purged":[],"score":242,"play_id":"466995c9-5660-443a-a515-858b321973ee","local_time":"20201231162502","is_ascension_mode":true,"campfire_choices":[{"floor":8,"key":"REST"},{"floor":11,"key":"REST"},{"floor":15,"key":"REST"},{"floor":23,"key":"REST"}],"circlet_count":0,"master_deck":["Strike_B","Strike_B","Strike_B","Strike_B+1","Defend_B","Defend_B","Defend_B+1","Defend_B","Zap","Dualcast","Defragment","Static Discharge","Capacitor","Conserve Battery","Force Field","Streamline","Go for the Eyes","Turbo","ReplayTheSpireMod:Calculation Training","Rebound","Injury","Buffer","Ball Lightning","Redo","Steam Power","Rip and Tear"],"relics":["Cracked Core","Replay:WaspNest","hubris:Zylophone","Happy Flower","Simple Rune","Golden Idol","Black Star","MealTicket"],"acts_visited":["Exordium","TheCity"],"potions_floor_usage":[],"damage_taken":[{"damage":7,"enemies":"2 Louse","floor":1,"turns":2},{"damage":2,"enemies":"Jaw Worm","floor":5,"turns":4},{"damage":40,"enemies":"Gremlin Nob","floor":6,"turns":4},{"damage":25,"enemies":"3 Sentries","floor":10,"turns":6},{"damage":0,"enemies":"Cultist","floor":12,"turns":4},{"damage":11,"enemies":"Looter","floor":13,"turns":3},{"damage":50,"enemies":"The Guardian","floor":16,"turns":8},{"damage":33,"enemies":"2 Thieves","floor":18,"turns":4},{"damage":28,"enemies":"Spheric Guardian","floor":21,"turns":4},{"damage":42,"enemies":"Gremlin Leader","floor":24,"turns":3}],"seed_played":"4758598768559066938","potions_obtained":[{"floor":1,"key":"Cursed Concoction"},{"floor":5,"key":"FairyPotion"},{"floor":6,"key":"Elixir"},{"floor":20,"key":"BlessingOfTheForge"}],"is_trial":false,"path_per_floor":["M","$","?","T","M","E","$","R","T","E","R","M","M","?","R","B",null,"M","?","?","M","$","R","E"],"character_chosen":"DEFECT","items_purchased":["Static Discharge","Force Field","Streamline","Go for the Eyes","MealTicket","Rip and Tear"],"campfire_rested":4,"item_purchase_floors":[2,7,7,7,22,22],"current_hp_per_floor":[75,75,75,75,73,33,33,57,57,32,56,56,45,45,69,19,82,49,49,17,13,13,37,0,0],"gold":33,"neow_bonus":"TEN_PERCENT_HP_BONUS","is_daily":false,"chose_seed":false,"campfire_upgraded":0,"win_rate":0.0,"timestamp":1609421102,"path_taken":["M","$","?","?","M","E","$","R","T","E","R","M","?","?","R","BOSS","M","?","?","M","$","R","E"],"items_purchased_type":["Card","Card","Card","Card","Relic","Card"],"build_version":"2020-12-22","purchased_purges":0,"victory":false,"max_hp_per_floor":[82,82,82,82,82,82,82,82,82,82,82,82,82,82,82,82,82,82,82,82,82,82,82,82,82],"card_choices":[{"not_picked":["Turbo","Skim"],"picked":"Defragment","floor":1},{"not_picked":["Hologram","BasicCrystalCard"],"picked":"Capacitor","floor":5},{"not_picked":["Leap","Sweeping Beam"],"picked":"Conserve Battery","floor":6},{"not_picked":["Panic Button","BasicCrystalCard"],"picked":"Turbo","floor":10},{"not_picked":["Time Bomb","Reboot"],"picked":"ReplayTheSpireMod:Calculation Training","floor":12},{"not_picked":["Gash","White Noise"],"picked":"Rebound","floor":13},{"not_picked":["Hyperbeam","Biased Cognition"],"picked":"Buffer","floor":16},{"not_picked":["Hologram","Cold Snap"],"picked":"Ball Lightning","floor":18},{"not_picked":["ReplayRNGCard","Go for the Eyes+1"],"picked":"Redo","floor":20},{"not_picked":["hubris:PowerSurge","Defragment"],"picked":"Steam Power","floor":21}],"player_experience":426681,"relics_obtained":[{"floor":4,"key":"Replay:WaspNest"},{"floor":6,"key":"hubris:Zylophone"},{"floor":9,"key":"Happy Flower"},{"floor":10,"key":"Simple Rune"}],"event_choices":[{"damage_healed":0,"gold_gain":0,"player_choice":"Left Gold","damage_taken":0,"max_hp_gain":0,"max_hp_loss":0,"event_name":"World of Goop","floor":3,"gold_loss":22},{"damage_healed":0,"gold_gain":0,"player_choice":"Take Wound","damage_taken":0,"relics_obtained":["Golden Idol"],"max_hp_gain":0,"max_hp_loss":0,"event_name":"Golden Idol","floor":14,"gold_loss":0,"cards_obtained":["Injury"]}],"is_beta":false,"boss_relics":[{"not_picked":["Nuclear Battery","hubris:GrandSneckoEye"],"picked":"Black Star"}],"items_purged_floors":[],"is_endless":false,"potions_floor_spawned":[1,5,6,18],"killed_by":"Gremlin Leader","ascension_level":4}}