{"host":"zpql4quw4g2j1hsh","time":1609389571,"event":{"mods":["Act Like it!","BaseMod","Better-Laid Plans","Colored Map","Decade(王小明)","Highlight Path","Minty Spire (QoL Compilation)","Permanent Neow","Quick Restart","Relic Stats","Replay The Spire","Shop Mod","Spicy Shops","StSLib","SuperFastMode","UnlockEverythingMod","[IsaacMod]以撒尖塔","【遗物卡牌】REMEMod","篝火指南"],"gold_per_floor":[211,222,239,251,441,441,474,474,528,528,528,528,528,573,55,72,72,175,175,195,222,234,266,41,69,80,111,135,135,160,560,570,580,580,688,705,721,739,739,758,775,802,90,115,140,156,176,20,36,48,48,55,55,55,55,81,123],"floor_reached":58,"playtime":5724,"items_purged":["Decade_Attack","Decade_Defend"],"score":1360,"play_id":"711f98d6-ebed-4b55-b329-21cf6c774b04","local_time":"20201231123931","is_ascension_mode":false,"campfire_choices":[{"data":"KamenRide","floor":6.0,"key":"SMITH"},{"data":"Decade_SpecialSkill","floor":13.0,"key":"SMITH"},{"floor":17.0,"key":"REST"},{"floor":34.0,"key":"RECALL"}],"circlet_count":0,"master_deck":["Decade_Attack+1","Decade_Attack+1","Decade_Attack+1","KamenRide+1","Decade_SpecialSkill+1","Decade_Defend+1","Decade_Defend+1","Decade_Defend+1","EpicFetus+1","Blade_Metal+1","RideBooker_Skill_3+1","DecadeViolentEmotion+1","RideBooker+1","Decade_Illusion+1","Hibiki_Attack3+1","FormRide+1","Parasite"],"relics":["Decadriver","TOEIDeficitBill","REME_ComplimentaryCards","HushsDoor","Gremlin Horn","TheBean","REME_HourglassOfDeath","Replay:PocketPolymizer","Lantern","REME_PuzzleBoxRelic","Bronze Scales","SalivaCoin","War Paint","Vajra","TheAbacus","Blue Doll","Philosopher\u0027s Stone","MawBank","GuppysPaw","ReplayTheSpireMod:Lightbulb","MerchantsRug","Mirror","BelialBook","Nunchaku","Darkstone Periapt","Orichalcum","PunchingBag","Pet Ghost","Old Coin","Chameleon Ring","Shuriken","Gambling Chip","Bag of Preparation","Coffee Dripper","GuppysHairball","NineLifeCat","Replay:Bottled Snecko","Regal Pillow","BookofShadows","Blood Vial","Bottled Tornado","UnicornStump","Toy Ornithopter","TheBible","BargainBundle","Frozen Eye","DoctorsRemote","MealTicket","Juzu Bracelet","Bird Faced Urn","Replay:Bottled Steam","Membership Card","Replay:Rubber Ducky","DeadEye","Blue Candle","Simple Rune"],"acts_visited":["Exordium","TheCity","TheBeyond","TheEnding"],"potions_floor_usage":[57,57],"damage_taken":[{"damage":0.0,"enemies":"Cultist","floor":1.0,"turns":1.0},{"damage":0.0,"enemies":"Jaw Worm","floor":2.0,"turns":2.0},{"damage":0.0,"enemies":"2 Louse","floor":3.0,"turns":2.0},{"damage":0.0,"enemies":"2 Fungi Beasts","floor":4.0,"turns":2.0},{"damage":0.0,"enemies":"Gremlin Nob","floor":7.0,"turns":2.0},{"damage":0.0,"enemies":"Lots of Slimes","floor":14.0,"turns":2.0},{"damage":0.0,"enemies":"Exordium Thugs","floor":16.0,"turns":1.0},{"damage":0.0,"enemies":"Fading Forest","floor":18.0,"turns":7.0},{"damage":0.0,"enemies":"Shell Parasite","floor":20.0,"turns":1.0},{"damage":0.0,"enemies":"Spheric Guardian","floor":21.0,"turns":1.0},{"damage":0.0,"enemies":"Cultist and Chosen","floor":23.0,"turns":2.0},{"damage":0.0,"enemies":"Replay:Snechameleon","floor":25.0,"turns":3.0},{"damage":0.0,"enemies":"Snake Plant","floor":26.0,"turns":1.0},{"damage":0.0,"enemies":"Book of Stabbing","floor":27.0,"turns":3.0},{"damage":0.0,"enemies":"REME_1_Revenger","floor":30.0,"turns":2.0},{"damage":0.0,"enemies":"Colosseum Slavers","floor":31.0,"turns":1.0},{"damage":0.0,"enemies":"Colosseum Nobs","floor":31.0,"turns":2.0},{"damage":0.0,"enemies":"Sentry and Sphere","floor":32.0,"turns":2.0},{"damage":0.0,"enemies":"Shelled Parasite and Fungi","floor":33.0,"turns":2.0},{"damage":1.0,"enemies":"Automaton","floor":35.0,"turns":2.0},{"damage":0.0,"enemies":"Orb Walker","floor":37.0,"turns":1.0},{"damage":0.0,"enemies":"3 Shapes","floor":38.0,"turns":1.0},{"damage":0.0,"enemies":"Transient","floor":40.0,"turns":4.0},{"damage":0.0,"enemies":"4 Shapes","floor":41.0,"turns":2.0},{"damage":0.0,"enemies":"Nemesis","floor":42.0,"turns":2.0},{"damage":0.0,"enemies":"Giant Head","floor":44.0,"turns":3.0},{"damage":0.0,"enemies":"Writhing Mass","floor":46.0,"turns":1.0},{"damage":0.0,"enemies":"3 Darklings","floor":47.0,"turns":1.0},{"damage":0,"enemies":"Sphere and 2 Shapes","floor":49,"turns":1},{"damage":0,"enemies":"Transient","floor":50,"turns":3},{"damage":4,"enemies":"Replay:Hell Engine","floor":52,"turns":2},{"damage":0,"enemies":"Shield and Spear","floor":56,"turns":2},{"damage":34,"enemies":"Delirium","floor":57,"turns":5}],"seed_played":"8537372925003079435","potions_obtained":[{"floor":2.0,"key":"REME_GoldPotion"},{"floor":7.0,"key":"ColorlessPotion"},{"floor":14.0,"key":"FearPotion"},{"floor":16.0,"key":"Doom Potion"},{"floor":26.0,"key":"Dexterity Potion"},{"floor":32.0,"key":"PowerPotion"},{"floor":33.0,"key":"SpeedPotion"},{"floor":37.0,"key":"GamblersBrew"},{"floor":40.0,"key":"Ancient Potion"},{"floor":41.0,"key":"AttackPotion"},{"floor":46.0,"key":"FearPotion"},{"floor":49,"key":"Swift Potion"}],"is_trial":false,"path_per_floor":["M","M","M","M","?","R","E","?","T","?","PTL","PTL","R","M","$","M","R","B",null,"M","M","?","M","$","E","M","E","T","?","E","?","M","M","R","B",null,"M","M","?","M","M","E","$","E","T","M","M","$","M","M","R_BF","B",null,"R","$","E","B",null],"character_chosen":"Decade","items_purchased":["War Paint","Vajra","TheAbacus","MerchantsRug","KamenRideKuuga","GuppysHairball","NineLifeCat","KamenRideAgito","Toy Ornithopter","TheBible","BargainBundle","Milkshake","Block Potion","SpeedPotion","Block Potion","Frozen Eye","Membership Card"],"campfire_rested":1,"item_purchase_floors":[15,15,15,24,24,36,36,43,43,43,43,43,43,43,43,43,48],"current_hp_per_floor":[70,70,70,70,53,53,58,58,58,58,58,58,58,58,58,58,70,70,70,70,70,70,70,70,70,70,70,70,70,70,70,70,70,70,69,12,12,12,12,12,12,14,14,15,15,15,15,15,19,19,19,19,19,19,19,19,25],"gold":123,"neow_bonus":"RANDOM_EVENT","is_daily":false,"chose_seed":false,"campfire_upgraded":2,"win_rate":0.0,"timestamp":1609389571,"path_taken":["M","M","M","M","?","R","E","?","T","?","PTL","PTL","R","M","$","M","R","BOSS","M","M","?","M","$","E","M","E","T","?","E","?","M","M","R","BOSS","M","M","?","M","M","E","$","E","T","M","M","$","M","M","R_BF","BOSS","R","$","E","BOSS"],"items_purchased_type":["Relic","Relic","Relic","Relic","Card","Relic","Relic","Card","Relic","Relic","Relic","Potion","Potion","Potion","Potion","Relic","Relic"],"build_version":"2020-12-22","purchased_purges":2,"victory":true,"max_hp_per_floor":[70,70,70,70,70,70,70,70,70,70,70,70,70,70,70,70,70,70,70,70,70,70,70,70,70,70,70,70,70,70,70,70,70,70,70,12,12,12,12,12,15,15,15,15,15,15,15,15,19,19,19,19,19,19,19,19,25],"relic_stats":{"Darkstone Periapt":6,"Regal Pillow":0,"Gremlin Horn":[26,26],"counters":[33,68],"Blue Candle":[0],"Bag of Preparation":[28],"Juzu Bracelet":0,"War Paint":["Decade_Defend","Blade_Metal"],"Orichalcum":[42],"MawBank":48,"Blood Vial":3,"Nunchaku":[30],"TheAbacus":[132],"Shuriken":[78],"Bronze Scales":[113],"Gambling Chip":[28],"Bird Faced Urn":[6],"MealTicket":0,"obtain_stats":[{"Damocles":0,"Gremlin Horn":1,"Vajra":15,"DeadEye":50,"Bottled Tornado":42,"Old Coin":31,"Blood Vial":41,"TheBean":2,"Philosopher\u0027s Stone":19,"MealTicket":44,"Replay:Bottled Steam":47,"KeepersGift":0,"MerchantsRug":24,"BookofShadows":40,"PunchingBag":30,"Blue Candle":56,"BelialBook":25,"War Paint":15,"REME_HourglassOfDeath":3,"Shuriken":31,"Bronze Scales":9,"Bird Faced Urn":46,"Simple Rune":56,"HushsDoor":0,"Mirror":25,"Darkstone Periapt":27,"Lantern":7,"Regal Pillow":38,"UnicornStump":42,"Replay:PocketPolymizer":4,"GuppysPaw":21,"Decadriver":0,"Blue Doll":16,"Bag of Preparation":33,"Juzu Bracelet":45,"Pet Ghost":30,"Replay:Rubber Ducky":49,"Frozen Eye":43,"Nunchaku":26,"TheAbacus":15,"Chameleon Ring":31,"Gambling Chip":32,"NineLifeCat":36,"Replay:Bottled Snecko":37,"DoctorsRemote":44,"BargainBundle":43,"TOEIDeficitBill":0,"Orichalcum":27,"MawBank":20,"TheBible":43,"SalivaCoin":14,"Coffee Dripper":36,"GuppysHairball":36,"Membership Card":48,"REME_PuzzleBoxRelic":7,"ReplayTheSpireMod:Lightbulb":23,"Toy Ornithopter":43,"REME_ComplimentaryCards":0},{"Damocles":0,"Gremlin Horn":1,"Vajra":6,"DeadEye":30,"Bottled Tornado":25,"Old Coin":17,"Blood Vial":24,"TheBean":2,"Philosopher\u0027s Stone":8,"MealTicket":26,"Replay:Bottled Steam":28,"KeepersGift":0,"MerchantsRug":11,"BookofShadows":23,"PunchingBag":15,"Blue Candle":32,"BelialBook":12,"War Paint":6,"REME_HourglassOfDeath":3,"Shuriken":17,"Bronze Scales":5,"Bird Faced Urn":27,"Simple Rune":32,"HushsDoor":0,"Mirror":12,"Darkstone Periapt":14,"Lantern":5,"Regal Pillow":22,"UnicornStump":25,"Replay:PocketPolymizer":4,"GuppysPaw":10,"Decadriver":0,"Blue Doll":7,"Bag of Preparation":19,"Juzu Bracelet":26,"Pet Ghost":15,"Replay:Rubber Ducky":29,"Frozen Eye":25,"Nunchaku":13,"TheAbacus":6,"Chameleon Ring":17,"Gambling Chip":18,"NineLifeCat":20,"Replay:Bottled Snecko":21,"DoctorsRemote":26,"BargainBundle":25,"TOEIDeficitBill":0,"Orichalcum":14,"MawBank":9,"TheBible":25,"SalivaCoin":6,"Coffee Dripper":20,"GuppysHairball":20,"Membership Card":28,"REME_PuzzleBoxRelic":5,"ReplayTheSpireMod:Lightbulb":11,"Toy Ornithopter":25,"REME_ComplimentaryCards":0},{"Damocles":0,"Gremlin Horn":1,"Vajra":11,"DeadEye":59,"Bottled Tornado":50,"Old Coin":34,"Blood Vial":48,"TheBean":3,"Philosopher\u0027s Stone":19,"MealTicket":53,"Replay:Bottled Steam":55,"KeepersGift":0,"MerchantsRug":23,"BookofShadows":46,"PunchingBag":31,"Blue Candle":63,"BelialBook":25,"War Paint":11,"REME_HourglassOfDeath":5,"Shuriken":34,"Bronze Scales":9,"Bird Faced Urn":54,"Simple Rune":63,"HushsDoor":0,"Mirror":25,"Darkstone Periapt":29,"Lantern":9,"Regal Pillow":42,"UnicornStump":50,"Replay:PocketPolymizer":7,"GuppysPaw":21,"Decadriver":0,"Blue Doll":12,"Bag of Preparation":38,"Juzu Bracelet":53,"Pet Ghost":31,"Replay:Rubber Ducky":56,"Frozen Eye":50,"Nunchaku":26,"TheAbacus":11,"Chameleon Ring":34,"Gambling Chip":36,"NineLifeCat":40,"Replay:Bottled Snecko":41,"DoctorsRemote":53,"BargainBundle":50,"TOEIDeficitBill":0,"Orichalcum":29,"MawBank":20,"TheBible":50,"SalivaCoin":11,"Coffee Dripper":40,"GuppysHairball":40,"Membership Card":55,"REME_PuzzleBoxRelic":9,"ReplayTheSpireMod:Lightbulb":23,"Toy Ornithopter":50,"REME_ComplimentaryCards":0}],"Toy Ornithopter":0},"card_choices":[{"not_picked":[],"picked":"EpicFetus","floor":0.0},{"not_picked":["FormRideGaruru","UnarmedAttack3"],"picked":"Blade_Metal","floor":4.0},{"not_picked":["FormRideGaruru","DenO_Rod"],"picked":"RideBooker_Skill_3","floor":5.0},{"not_picked":["NMDAZYYGL","UnarmedAttack9"],"picked":"DecadeViolentEmotion","floor":18.0},{"not_picked":["Decade_Dash1","Decade_Defend3+1"],"picked":"RideBooker+1","floor":25.0},{"not_picked":["Decade_Defend3","DenO_Gun","UnarmedAttack1"],"picked":"SKIP","floor":27.0},{"not_picked":["KamenRideKuuga","KamenRideAgito"],"picked":"Decade_Illusion+1","floor":30.0},{"not_picked":["UnarmedAttack8","KamenRideBlade","RideBooker_Skill_1"],"picked":"SKIP","floor":44.0},{"not_picked":["PrometheusPower+1","UnarmedAttack3"],"picked":"Hibiki_Attack3+1","floor":56},{"not_picked":["RideBooker_Skill_3+1","UnarmedAttack7"],"picked":"FormRide+1","floor":56}],"player_experience":37471,"relics_obtained":[{"floor":1.0,"key":"Gremlin Horn"},{"floor":2.0,"key":"TheBean"},{"floor":3.0,"key":"REME_HourglassOfDeath"},{"floor":4.0,"key":"Replay:PocketPolymizer"},{"floor":7.0,"key":"Lantern"},{"floor":7.0,"key":"REME_PuzzleBoxRelic"},{"floor":9.0,"key":"Bronze Scales"},{"floor":14.0,"key":"SalivaCoin"},{"floor":16.0,"key":"Blue Doll"},{"floor":20.0,"key":"MawBank"},{"floor":21.0,"key":"GuppysPaw"},{"floor":23.0,"key":"ReplayTheSpireMod:Lightbulb"},{"floor":25.0,"key":"Mirror"},{"floor":25.0,"key":"BelialBook"},{"floor":26.0,"key":"Nunchaku"},{"floor":27.0,"key":"Darkstone Periapt"},{"floor":27.0,"key":"Orichalcum"},{"floor":30.0,"key":"PunchingBag"},{"floor":30.0,"key":"Pet Ghost"},{"floor":31.0,"key":"Old Coin"},{"floor":31.0,"key":"Chameleon Ring"},{"floor":31.0,"key":"Shuriken"},{"floor":32.0,"key":"Gambling Chip"},{"floor":33.0,"key":"Bag of Preparation"},{"floor":37.0,"key":"Replay:Bottled Snecko"},{"floor":38.0,"key":"Regal Pillow"},{"floor":40.0,"key":"BookofShadows"},{"floor":41.0,"key":"Blood Vial"},{"floor":42.0,"key":"Bottled Tornado"},{"floor":42.0,"key":"UnicornStump"},{"floor":44.0,"key":"DoctorsRemote"},{"floor":44.0,"key":"MealTicket"},{"floor":45.0,"key":"Juzu Bracelet"},{"floor":46.0,"key":"Bird Faced Urn"},{"floor":47.0,"key":"Replay:Bottled Steam"},{"floor":49,"key":"Replay:Rubber Ducky"},{"floor":50,"key":"DeadEye"},{"floor":56,"key":"Blue Candle"},{"floor":56,"key":"Simple Rune"}],"event_choices":[{"damage_healed":0.0,"max_hp_gain":0.0,"max_hp_loss":0.0,"gold_gain":0.0,"event_name":"Living Wall","player_choice":"Grow","floor":10.0,"gold_loss":0.0,"damage_taken":0.0,"cards_upgraded":["RideBooker_Skill_3"]},{"damage_healed":0.0,"max_hp_gain":0.0,"max_hp_loss":0.0,"gold_gain":0.0,"event_name":"Lab","player_choice":"Got Potions","floor":22.0,"gold_loss":0.0,"damage_taken":0.0},{"damage_healed":0.0,"max_hp_gain":0.0,"max_hp_loss":0.0,"gold_gain":0.0,"event_name":"Back to Basics","player_choice":"Simplicity","floor":29.0,"gold_loss":0.0,"damage_taken":0.0,"cards_upgraded":["Decade_Attack","Decade_Attack","Decade_Attack","Decade_Defend","Decade_Defend"]},{"damage_healed":0.0,"max_hp_gain":0.0,"max_hp_loss":0.0,"gold_gain":0.0,"event_name":"Colosseum","player_choice":"Fight","floor":31.0,"gold_loss":0.0,"damage_taken":0.0},{"damage_healed":0.0,"max_hp_gain":0.0,"max_hp_loss":0.0,"gold_gain":0.0,"event_name":"Colosseum","player_choice":"Fought Nobs","floor":31.0,"gold_loss":0.0,"damage_taken":0.0},{"damage_healed":0.0,"max_hp_gain":0.0,"max_hp_loss":0.0,"gold_gain":0.0,"event_name":"Accursed Blacksmith","player_choice":"Forge","floor":39.0,"gold_loss":0.0,"damage_taken":0.0,"cards_upgraded":["DecadeViolentEmotion"]}],"is_beta":false,"boss_relics":[{"not_picked":["ChewingGum","SacredBark"],"picked":"Philosopher\u0027s Stone"},{"not_picked":[]},{"not_picked":["Runic Dome","ChampionBelt"],"picked":"Coffee Dripper"},{"not_picked":[]}],"items_purged_floors":[15,24],"is_endless":false,"potions_floor_spawned":[2,7,14,16,21,26,31,32,33,37,40,41,46,49],"ascension_level":0}}