{"host":"fw947s75r5pnptva","time":1609416258,"event":{"mods":["Act Like it!","Aspiration","BaseMod","BetterRewards","CCEM","CapriCore","Conjunction","Conspire","Custom Start","DeckTracker","Dota2Spire","Downfall","Friendly Minions","Gensokyo","Halation","Hallownest","Highlight Path","Hubris","Infinite Spire","Keyboard Shortcuts","Lobotomy","LobotomyExtend","Menagerie","Minty Spire (QoL Compilation)","MostiFishMod","Nova Terra(??·??)","Onozuka Komachi Mod","Pale of the Ancients","Permanent Neow","Pikachu Mod","Potionbrewer","Random Character Button","RatMod","Relic Filter","Replay The Spire","Shop Mod","StSLib","SuperFastMode","The Factory","The Jungle","[IsaacMod]????","vexMod"],"gold_per_floor":[117,130,130,130,144,170,170,184,257,257,257,281,329,349,90,120,120,252,252,283,283,321,321,321,380,380,433,506,555,590,590,626,652,652,780,780,802,802,870,947,963,963,986,986,1010,1065,1096,1139,739,786,696,722,776,818,818,541,541,649,649,649,649],"floor_reached":60,"playtime":2149,"items_purged":["NovaMod:Basic_Defend_Nova","Injury","NovaMod:Basic_Defend_Nova","NovaMod:Basic_Strike_Nova"],"score":1453,"play_id":"7287a7e5-7465-4d52-bc90-c905e92f7479","local_time":"20201231130418","is_ascension_mode":false,"campfire_choices":[{"data":"NovaMod:MonomolecularBlade","floor":7.0,"key":"SMITH"},{"data":"NovaMod:Bioaugmentation","floor":17.0,"key":"SMITH"},{"data":"NovaMod:Missile","floor":26.0,"key":"SMITH"},{"data":"NovaMod:PenetratingBlast","floor":31.0,"key":"SMITH"},{"data":"NovaMod:MonomolecularBlade","floor":34.0,"key":"SMITH"},{"data":"NovaMod:SuppressionShells","floor":42.0,"key":"SMITH"},{"floor":57.0,"key":"RECALL"},{"data":"NovaMod:Snipe","floor":59.0,"key":"SMITH"}],"circlet_count":0,"master_deck":["NovaMod:Basic_Strike_Nova+1","NovaMod:Basic_Strike_Nova","NovaMod:Basic_Strike_Nova+1","NovaMod:Basic_Defend_Nova","NovaMod:Snipe+1","NovaMod:PenetratingBlast+1","NovaMod:Missile+1","NovaMod:SuppressionShells+1","NovaMod:Bioaugmentation+1","NovaMod:MonomolecularBlade+1","NovaMod:MonomolecularBlade+1","NovaMod:Bioaugmentation+1","NovaMod:PsychicShield+1","NovaMod:RadiationShield+1","Apotheosis+1","NovaMod:QuickResponse+1","NovaMod:WeaknessInsights+1","NovaMod:QuickResponse+1","NovaMod:QuickResponse+1","NovaMod:PsychicShield+1","NovaMod:Bioaugmentation+1","NovaMod:Upgrade+1","NovaMod:Bioaugmentation+1","NovaMod:Bioaugmentation+1","NovaMod:MonomolecularBlade+1","NovaMod:Bioaugmentation+1"],"relics":["NovaMod:GhostSuit","DaveBox","HushsDoor","PatriotShield","Leech","SynthV:TestCard","LetterFromLob","Toxic Egg 2","Replay:Bandana","hubris:MysteriousPyramids","hubris:CrystalStatue","ChewingGum","Snack Pack","Transparent","Pen Nib","Boot","UnicornStump","Gambling Chip","Philosopher\u0027s Stone","hubris:Icosahedron","EdensBlessing","PatriotShield","potionbrewer:Torch","infinitespire:Golems Mask","DeathBook","CCEMRelics:JestersCrown","MerchantsRug","Dota2Spire:MagicBottle","paleoftheancients:Timepiece","paleoftheancients:KeyRelic","Anchor","Gremlin Horn","paleoftheancients:SoulOfTheIroncluck","halation:PinkSoulGem","halation:Sosunser"],"acts_visited":["Exordium","TheCity","TheBeyond","paleoftheancients:PaleOfTheAncients"],"potions_floor_usage":[],"damage_taken":[{"damage":0.0,"enemies":"2 Louse","floor":1.0,"turns":2.0},{"damage":0.0,"enemies":"Small Slimes","floor":2.0,"turns":2.0},{"damage":0.0,"enemies":"Jaw Worm","floor":5.0,"turns":1.0},{"damage":0.0,"enemies":"Lagavulin","floor":6.0,"turns":3.0},{"damage":0.0,"enemies":"conspire:2 RoseBushes","floor":8.0,"turns":1.0},{"damage":0.0,"enemies":"Exordium Thugs","floor":12.0,"turns":2.0},{"damage":0.0,"enemies":"Replay:BlueRogue","floor":13.0,"turns":2.0},{"damage":0.0,"enemies":"Looter","floor":14.0,"turns":1.0},{"damage":0.0,"enemies":"Lots of Slimes","floor":16.0,"turns":3.0},{"damage":0.0,"enemies":"Hexaghost","floor":18.0,"turns":4.0},{"damage":0.0,"enemies":"2 Thieves","floor":20.0,"turns":2.0},{"damage":8.0,"enemies":"3 Byrds","floor":22.0,"turns":1.0},{"damage":8.0,"enemies":"conspire:Head Lice","floor":25.0,"turns":1.0},{"damage":16.0,"enemies":"Slavers","floor":27.0,"turns":2.0},{"damage":8.0,"enemies":"Replay:Snechameleon","floor":29.0,"turns":1.0},{"damage":8.0,"enemies":"Sentry and Sphere","floor":30.0,"turns":1.0},{"damage":8.0,"enemies":"3 Cultists","floor":32.0,"turns":1.0},{"damage":8.0,"enemies":"Cultist and Chosen","floor":33.0,"turns":1.0},{"damage":8.0,"enemies":"Automaton","floor":35.0,"turns":1.0},{"damage":10.0,"enemies":"3 Shapes","floor":37.0,"turns":1.0},{"damage":8.0,"enemies":"Mind Bloom Boss Battle","floor":39.0,"turns":1.0},{"damage":8.0,"enemies":"2 Orb Walkers","floor":40.0,"turns":1.0},{"damage":8.0,"enemies":"3 Darklings","floor":41.0,"turns":1.0},{"damage":8.0,"enemies":"Jaw Worm Horde","floor":43.0,"turns":1.0},{"damage":8.0,"enemies":"Nemesis","floor":46.0,"turns":1.0},{"damage":8.0,"enemies":"Maw","floor":47.0,"turns":1.0},{"damage":8.0,"enemies":"R_Hoarder","floor":48.0,"turns":1.0},{"damage":8.0,"enemies":"Giant Head","floor":50.0,"turns":1.0},{"damage":8.0,"enemies":"conspire:OrnateMirror","floor":52.0,"turns":1.0},{"damage":8.0,"enemies":"conspire:OrnateMirror","floor":53.0,"turns":1.0},{"damage":8.0,"enemies":"conspire:OrnateMirror","floor":54.0,"turns":1.0},{"damage":8.0,"enemies":"conspire:OrnateMirror","floor":58.0,"turns":1.0}],"seed_played":"2591434553139832168","potions_obtained":[{"floor":1.0,"key":"Dexterity Potion"},{"floor":5.0,"key":"infinitespire:BlackPotion"},{"floor":8.0,"key":"BlessingOfTheForge"},{"floor":16.0,"key":"Block Potion"},{"floor":22.0,"key":"Conjunction:LightningMarble"},{"floor":29.0,"key":"potionbrewer:ToxicPotion"},{"floor":32.0,"key":"potionbrewer:BlacksmithPotion"},{"floor":33.0,"key":"Swift Potion"},{"floor":37.0,"key":"Toxic Potion"}],"is_trial":false,"path_per_floor":["M","M","?","?","M","E","R","M","T","PTL","PTL","M","E","M","$","M","R","B",null,"M","AVR","M","?","?","E","R","E","T","E","M","R","M","M","R","B",null,"M","?","?","?","M","R","M","?","T","E","M","E","$","E","R","B","M","M","?","$","R","M","R","$"],"character_chosen":"NOVA","items_purchased":["Apotheosis+1","CCEMRelics:JestersCrown","MerchantsRug","halation:Sosunser"],"campfire_rested":0,"item_purchase_floors":[15,49,49,56],"current_hp_per_floor":[80,80,80,85,85,85,85,85,85,85,85,85,85,85,85,85,85,85,85,85,85,85,85,85,85,85,85,85,85,85,85,85,85,85,85,85,85,85,85,85,85,85,85,85,85,85,85,85,85,85,85,85,85,85,85,85,85,85,85,85,85],"gold":649,"neow_bonus":"ONE_RANDOM_RARE_CARD","is_daily":false,"chose_seed":false,"campfire_upgraded":7,"win_rate":0.0,"timestamp":1609416258,"path_taken":["M","M","?","?","M","E","R","M","T","PTL","PTL","M","E","?","$","M","R","BOSS","M","AVR","M","?","?","E","R","E","T","E","M","R","M","M","R","BOSS","M","?","?","?","M","R","M","?","T","E","M","E","$","E","R","BOSS","M","M","?","$","R","M","R","$"],"items_purchased_type":["Card","Relic","Relic","Relic"],"build_version":"2020-12-22","purchased_purges":4,"victory":false,"max_hp_per_floor":[80,80,80,85,85,85,85,85,85,85,85,85,85,85,85,85,85,85,85,85,85,85,85,85,85,85,85,85,85,85,85,85,85,85,85,85,85,85,85,85,85,85,85,85,85,85,85,85,85,85,85,85,85,85,85,85,85,85,85,85,85],"card_choices":[{"not_picked":["NovaMod:RadiationShooting","NovaMod:NuclearFactory+"],"picked":"NovaMod:SuppressionShells","floor":1.0},{"not_picked":["NovaMod:RadiationShooting","NovaMod:HoloDecoy","NovaMod:TripleTap","NovaMod:Thor"],"picked":"NovaMod:Bioaugmentation","floor":2.0},{"not_picked":["NovaMod:NuclearFactory+","NovaMod:Valkyrie","NovaMod:Thor","NovaMod:SwiftChop","NovaMod:SuppressionShells"],"picked":"SKIP","floor":5.0},{"not_picked":["NovaMod:Lurk+1","NovaMod:AirDrop+1","NovaMod:GhostAcademy+1","NovaMod:NuclearFactory+"],"picked":"NovaMod:MonomolecularBlade","floor":6.0},{"not_picked":["NovaMod:WidowMine","NovaMod:Mediatation+1","NovaMod:JetAssault","NovaMod:SwiftChop"],"picked":"NovaMod:MonomolecularBlade","floor":8.0},{"not_picked":["NovaMod:ArmorPenetration+1","NovaMod:WidowMine","NovaMod:GhostOps","NovaMod:Mediatation+1"],"picked":"NovaMod:Bioaugmentation+1","floor":12.0},{"not_picked":["NovaMod:SmartServos+1","NovaMod:AirDrop+1","NovaMod:CovertOps","NovaMod:NuclearFactory+"],"picked":"NovaMod:PsychicShield+1","floor":13.0},{"not_picked":["NovaMod:StimPack+1","NovaMod:NuclearInterference+1","NovaMod:BarrageShooting","NovaMod:SmartServos+1"],"picked":"NovaMod:RadiationShield+1","floor":14.0},{"not_picked":["NovaMod:JetAssault","NovaMod:Chaos","NovaMod:MultilayerArmor+1","NovaMod:GhostOps"],"picked":"NovaMod:QuickResponse+1","floor":16.0},{"not_picked":["NovaMod:NuclearRefining","NovaMod:SecondaryDamage","NovaMod:RadiationWarrior","NovaMod:InfernalIgniter"],"picked":"NovaMod:WeaknessInsights+1","floor":18.0},{"not_picked":["NovaMod:StimPack+1","NovaMod:Thor","NovaMod:MultilayerArmor+1","NovaMod:RadiationShooting"],"picked":"NovaMod:QuickResponse+1","floor":20.0},{"not_picked":["NovaMod:PredatorMissile+1","NovaMod:Missile","NovaMod:HoloDecoy","NovaMod:PenetratingBlast"],"picked":"NovaMod:QuickResponse+1","floor":22.0},{"not_picked":["NovaMod:SmartServos+1","NovaMod:Blink+1","NovaMod:SuppressionShells+1","NovaMod:Barrier+1"],"picked":"NovaMod:PsychicShield+1","floor":25.0},{"not_picked":["NovaMod:Pollution+1","NovaMod:BarrageShooting","NovaMod:Chaos+1","NovaMod:Thor","NovaMod:StimPack+1"],"picked":"SKIP","floor":27.0},{"not_picked":["NovaMod:RadiationShield+1","NovaMod:QuickResponse+1","NovaMod:SmartServos+1","NovaMod:PenetratingBlast"],"picked":"NovaMod:PsychicShield+1","floor":29.0},{"not_picked":["NovaMod:QuickResponse+1","NovaMod:Snipe+1","NovaMod:MagrailMunitions+1","NovaMod:Mediatation+1","NovaMod:PredatorMissile+1"],"picked":"SKIP","floor":30.0},{"not_picked":["NovaMod:Snipe","NovaMod:Thor+1","NovaMod:Pollution+1","NovaMod:BarrageShooting","NovaMod:SmartServos+1"],"picked":"SKIP","floor":32.0},{"not_picked":["NovaMod:WeaknessInsights+1","NovaMod:PsychicShield+1","NovaMod:Thor+1","NovaMod:PulseGrenade"],"picked":"NovaMod:Bioaugmentation+1","floor":33.0},{"not_picked":["NovaMod:MonomolecularBlade","NovaMod:Thor+1","NovaMod:Barrier+1","NovaMod:QuickResponse+1","NovaMod:SuppressionShells"],"picked":"SKIP","floor":37.0},{"not_picked":["NovaMod:PrecsionAssembly+1","NovaMod:Detonation","NovaMod:Thor+1","NovaMod:Mediatation+1","NovaMod:WeaknessInsights+1"],"picked":"SKIP","floor":41.0},{"not_picked":["NovaMod:Snipe","NovaMod:MultilayerArmor+1","NovaMod:Standby+1","NovaMod:JetAssault","NovaMod:Chaos+1"],"picked":"SKIP","floor":43.0},{"not_picked":["NovaMod:TripleTap","NovaMod:FastGuidance","NovaMod:RadiationShield+1","NovaMod:StimPack+1"],"picked":"NovaMod:Upgrade+1","floor":46.0},{"not_picked":["NovaMod:Barrier+1","NovaMod:AirDrop+1","NovaMod:SmartServos+1","NovaMod:SuppressionShells+1"],"picked":"NovaMod:Bioaugmentation+1","floor":47.0},{"not_picked":["NovaMod:BarrageShooting","NovaMod:HoloDecoy+1","NovaMod:CovertOps+1","NovaMod:NuclearInterference+1","NovaMod:Mediatation+1"],"picked":"SKIP","floor":48.0},{"not_picked":["NovaMod:PulseGrenade","NovaMod:RadiationShooting+1","NovaMod:Standby+1","NovaMod:HoloDecoy"],"picked":"NovaMod:Bioaugmentation+1","floor":50.0},{"not_picked":["NovaMod:Mediatation+1","NovaMod:SwiftChop","NovaMod:MechanicalArmor+1","NovaMod:AirDrop+1"],"picked":"NovaMod:MonomolecularBlade+1","floor":53.0},{"not_picked":["NovaMod:Thor","NovaMod:PredatorMissile+1","NovaMod:StealthMode","NovaMod:MultilayerArmor+1"],"picked":"NovaMod:Bioaugmentation+1","floor":54.0},{"not_picked":["NovaMod:Detonation","NovaMod:PrecsionAssembly+1","NovaMod:GhostAcademy+1","NovaMod:PulseGrenade+1","NovaMod:WaitingGame+1"],"picked":"SKIP","floor":58.0}],"player_experience":131189,"relics_obtained":[{"floor":1.0,"key":"SynthV:TestCard"},{"floor":1.0,"key":"LetterFromLob"},{"floor":6.0,"key":"Replay:Bandana"},{"floor":9.0,"key":"hubris:MysteriousPyramids"},{"floor":13.0,"key":"hubris:CrystalStatue"},{"floor":25.0,"key":"Pen Nib"},{"floor":27.0,"key":"Boot"},{"floor":28.0,"key":"UnicornStump"},{"floor":29.0,"key":"Gambling Chip"},{"floor":39.0,"key":"EdensBlessing"},{"floor":40.0,"key":"Diplopia"},{"floor":45.0,"key":"potionbrewer:Torch"},{"floor":46.0,"key":"infinitespire:Golems Mask"},{"floor":48.0,"key":"DeathBook"},{"floor":50.0,"key":"Dota2Spire:MagicBottle"},{"floor":53.0,"key":"paleoftheancients:SoulOfTheIroncluck"}],"event_choices":[{"damage_healed":0.0,"max_hp_gain":5.0,"max_hp_loss":0.0,"gold_gain":0.0,"event_name":"Big Fish","player_choice":"Donut","floor":4.0,"gold_loss":0.0,"damage_taken":0.0},{"damage_healed":0.0,"max_hp_gain":0.0,"max_hp_loss":0.0,"gold_gain":0.0,"event_name":"MindBloom","player_choice":"Fight","floor":39.0,"gold_loss":0.0,"damage_taken":0.0},{"damage_healed":0.0,"max_hp_gain":0.0,"max_hp_loss":0.0,"gold_gain":0.0,"event_name":"Mysterious Sphere","player_choice":"Fight","floor":40.0,"gold_loss":0.0,"damage_taken":0.0},{"cards_removed":["NovaMod:Basic_Defend_Nova"],"damage_healed":0.0,"max_hp_gain":0.0,"max_hp_loss":0.0,"gold_gain":0.0,"event_name":"Designer","player_choice":"Upgrade and Remove","floor":51.0,"gold_loss":90.0,"damage_taken":0.0,"cards_upgraded":["NovaMod:Basic_Strike_Nova"]}],"is_beta":false,"boss_relics":[{"not_picked":["halation:ForbiddenBikini","RhineFirstAidKit"],"picked":"ChewingGum"},{"not_picked":[]},{"not_picked":["aspiration:SecretTechniqueScroll","aspiration:FutureDiary"],"picked":"Philosopher\u0027s Stone"},{"not_picked":[]}],"items_purged_floors":[15,21,49,56],"is_endless":false,"potions_floor_spawned":[1,5,8,16,22,29,32,33,37,41,46,58],"ascension_level":0}}