{"host":"7yxt37kap0q16lk4","time":1609445872,"event":{"mods":["2.2 Compatiblity","Act Like it!","BaseMod","Better Third Choice","Better-Laid Plans","Colored Map","Custom Start","Highlight Path","Keyboard Shortcuts","Minty Spire (QoL Compilation)","Quick Restart","Rare Cards Sparkle","Relic Stats","Shop Mod","Slay the Relics Exporter","StSLib","SuperFastMode"],"gold_per_floor":[116,116,134,59,59,84,96,120,158,201,231,257,295,307,319,405,417,440,82,108,23,36,68,68,103,126,126,139,89,109,109,109,183,183,202,109,109,124,141,141,169,181,181,181,201,201,67,78,78,78],"floor_reached":49,"playtime":1033,"items_purged":["Strike_R","Strike_R","Defend_R","Defend_R"],"score":1100,"play_id":"a19f3707-8421-4ca0-9d7d-49ffbe007e87","local_time":"20210101051752","is_ascension_mode":true,"campfire_choices":[{"data":"Flex","floor":7,"key":"SMITH"},{"floor":15,"key":"DIG"},{"floor":24,"key":"DIG"},{"floor":27,"key":"DIG"},{"floor":32,"key":"DIG"},{"data":"Double Tap","floor":40,"key":"SMITH"},{"data":"Heavy Blade","floor":44,"key":"SMITH"},{"floor":46,"key":"REST"},{"floor":49,"key":"DIG"}],"circlet_count":0,"master_deck":["AscendersBane","Defend_R","Bash+1","Intimidate+1","Flex+1","Twin Strike+1","Reaper","Twin Strike","Spot Weakness","Fiend Fire+1","Havoc+1","Sword Boomerang","Sentinel+1","Double Tap+1","CurseOfTheBell","Shrug It Off","Inflame","Intimidate+1","Heavy Blade+1","Dark Embrace+1","Shrug It Off+1","Sword Boomerang+1","Rage"],"relics":["Burning Blood","MawBank","MealTicket","Anchor","Shovel","Smiling Mask","Calipers","Empty Cage","Magic Flower","Happy Flower","Red Skull","Sundial","Regal Pillow","Pantograph","Toy Ornithopter","Champion Belt","Pen Nib","Calling Bell","Akabeko","Shuriken","Ginger","Whetstone","Gambling Chip"],"acts_visited":["Exordium","TheCity","TheBeyond"],"potions_floor_usage":[10,13,16,25,33,41,42,42,48],"damage_taken":[{"damage":7,"enemies":"Small Slimes","floor":1,"turns":4},{"damage":7,"enemies":"Jaw Worm","floor":3,"turns":4},{"damage":45,"enemies":"3 Sentries","floor":6,"turns":9},{"damage":0,"enemies":"Cultist","floor":8,"turns":3},{"damage":10,"enemies":"Gremlin Nob","floor":10,"turns":3},{"damage":8,"enemies":"Exordium Thugs","floor":11,"turns":3},{"damage":16,"enemies":"Lots of Slimes","floor":12,"turns":4},{"damage":30,"enemies":"Lagavulin","floor":13,"turns":7},{"damage":46,"enemies":"Slime Boss","floor":16,"turns":8},{"damage":33,"enemies":"Spheric Guardian","floor":18,"turns":4},{"damage":25,"enemies":"Shell Parasite","floor":22,"turns":3},{"damage":36,"enemies":"Gremlin Leader","floor":23,"turns":4},{"damage":30,"enemies":"Book of Stabbing","floor":25,"turns":5},{"damage":16,"enemies":"Centurion and Healer","floor":28,"turns":5},{"damage":18,"enemies":"Snake Plant","floor":30,"turns":3},{"damage":106,"enemies":"Automaton","floor":33,"turns":8},{"damage":42,"enemies":"3 Darklings","floor":35,"turns":7},{"damage":4,"enemies":"Orb Walker","floor":38,"turns":3},{"damage":47,"enemies":"Transient","floor":39,"turns":6},{"damage":101,"enemies":"Giant Head","floor":41,"turns":7},{"damage":29,"enemies":"Maw","floor":42,"turns":6},{"damage":1,"enemies":"3 Darklings","floor":45,"turns":2},{"damage":42,"enemies":"Spire Growth","floor":48,"turns":4}],"seed_played":"3277006569413038765","potions_obtained":[{"floor":1,"key":"BloodPotion"},{"floor":6,"key":"Weak Potion"},{"floor":11,"key":"Ancient Potion"},{"floor":13,"key":"BlessingOfTheForge"},{"floor":23,"key":"Block Potion"},{"floor":25,"key":"Explosive Potion"},{"floor":30,"key":"DuplicationPotion"},{"floor":39,"key":"Explosive Potion"},{"floor":41,"key":"Energy Potion"},{"floor":45,"key":"EntropicBrew"}],"is_trial":false,"path_per_floor":["M","?","M","?","?","E","R","M","T","E","M","M","E","T","R","B",null,"M","$","T","?","M","E","R","E","T","R","M","$","M","?","R","B",null,"M","$","?","M","M","R","E","M","T","R","M","R","$","M","R"],"character_chosen":"IRONCLAD","items_purchased":["Magic Flower","Inflame","Rage"],"campfire_rested":1,"item_purchase_floors":[19,36,47],"current_hp_per_floor":[67,67,66,66,66,27,27,33,33,44,50,64,47,47,47,13,60,33,48,48,48,44,17,17,17,17,17,40,55,46,46,46,16,60,42,57,57,71,66,66,14,30,30,30,38,75,75,50,50,50],"gold":78,"neow_bonus":"UPGRADE_CARD","is_daily":false,"chose_seed":false,"campfire_upgraded":3,"win_rate":0.0,"timestamp":1609445872,"path_taken":["M","?","M","?","?","E","R","M","T","E","M","?","E","?","R","BOSS","M","$","?","?","M","E","R","E","T","R","M","$","M","?","R","BOSS","M","$","?","M","?","R","E","M","T","R","M","R","$","M","R"],"items_purchased_type":["Relic","Card","Card"],"build_version":"2020-12-22","purchased_purges":4,"victory":false,"max_hp_per_floor":[75,75,75,75,75,75,75,75,75,75,75,75,75,75,75,75,75,75,75,75,75,75,75,75,75,75,75,75,75,75,75,75,75,75,75,75,75,75,75,75,75,75,75,75,75,75,75,75,75,75],"relic_stats":{"Regal Pillow":15,"Happy Flower":[21],"counters":[23,112],"Magic Flower":[121],"Pen Nib":[7],"Ginger":[6],"Whetstone":["Fiend Fire","Twin Strike"],"MawBank":156,"Smiling Mask":250,"Burning Blood":177,"Shovel":5,"Sundial":[12],"Shuriken":[3],"Pantograph":29,"Gambling Chip":[0],"MealTicket":45,"Champion Belt":[11],"obtain_stats":[{"Regal Pillow":24,"Calipers":15,"Happy Flower":20,"Magic Flower":19,"Pen Nib":32,"Ginger":34,"Whetstone":41,"MawBank":6,"Smiling Mask":14,"Empty Cage":17,"Burning Blood":0,"Akabeko":34,"Calling Bell":34,"Anchor":10,"Shovel":13,"Sundial":23,"Shuriken":34,"Pantograph":25,"Gambling Chip":49,"MealTicket":9,"Champion Belt":27,"Red Skull":21,"Toy Ornithopter":26},{"Regal Pillow":12,"Calipers":8,"Happy Flower":10,"Magic Flower":10,"Pen Nib":15,"Ginger":16,"Whetstone":20,"MawBank":3,"Smiling Mask":8,"Empty Cage":9,"Burning Blood":0,"Akabeko":16,"Calling Bell":16,"Anchor":5,"Shovel":8,"Sundial":12,"Shuriken":16,"Pantograph":13,"Gambling Chip":23,"MealTicket":4,"Champion Belt":13,"Red Skull":10,"Toy Ornithopter":13},{"Regal Pillow":56,"Calipers":37,"Happy Flower":49,"Magic Flower":49,"Pen Nib":69,"Ginger":77,"Whetstone":100,"MawBank":17,"Smiling Mask":37,"Empty Cage":45,"Burning Blood":0,"Akabeko":77,"Calling Bell":77,"Anchor":23,"Shovel":37,"Sundial":56,"Shuriken":77,"Pantograph":61,"Gambling Chip":112,"MealTicket":20,"Champion Belt":61,"Red Skull":49,"Toy Ornithopter":61}],"Toy Ornithopter":40},"card_choices":[{"not_picked":["Infernal Blade","Armaments"],"picked":"Intimidate","floor":1},{"not_picked":["Rampage","Warcry"],"picked":"Flex","floor":3},{"not_picked":["Power Through","Anger"],"picked":"Twin Strike","floor":6},{"not_picked":["Combust","Heavy Blade","Body Slam"],"picked":"SKIP","floor":8},{"not_picked":["Combust","Double Tap"],"picked":"Reaper","floor":10},{"not_picked":["Infernal Blade","Havoc"],"picked":"Twin Strike","floor":11},{"not_picked":["Anger","Flex"],"picked":"Spot Weakness","floor":12},{"not_picked":["Flex","Power Through","Reckless Charge"],"picked":"SKIP","floor":13},{"not_picked":["Barricade","Impervious"],"picked":"Fiend Fire","floor":16},{"not_picked":["Sentinel","Armaments"],"picked":"Havoc+1","floor":18},{"not_picked":["True Grit","Headbutt","Armaments"],"picked":"SKIP","floor":22},{"not_picked":["Barricade","Uppercut","Iron Wave"],"picked":"SKIP","floor":23},{"not_picked":["Barricade","Uppercut","Iron Wave"],"picked":"SKIP","floor":23},{"not_picked":["Anger","Hemokinesis","Wild Strike"],"picked":"SKIP","floor":25},{"not_picked":["Perfected Strike","Armaments","Sword Boomerang"],"picked":"SKIP","floor":28},{"not_picked":["Perfected Strike","Armaments"],"picked":"Sword Boomerang","floor":28},{"not_picked":["Wild Strike+1","Anger+1"],"picked":"Sentinel+1","floor":30},{"not_picked":["Immolate","Reaper"],"picked":"Double Tap","floor":33},{"not_picked":["Whirlwind","Thunderclap"],"picked":"Shrug It Off","floor":35},{"not_picked":["Pommel Strike","Rampage"],"picked":"Heavy Blade","floor":38},{"not_picked":["Armaments+1","Combust"],"picked":"Dark Embrace+1","floor":39},{"not_picked":["Anger","Twin Strike+1"],"picked":"Shrug It Off+1","floor":41},{"not_picked":["Metallicize+1","Thunderclap"],"picked":"Sword Boomerang+1","floor":42},{"not_picked":["Clothesline+1","Warcry","Headbutt"],"picked":"SKIP","floor":45},{"not_picked":["Combust","Bloodletting","Shockwave"],"picked":"SKIP","floor":48}],"player_experience":1028669,"relics_obtained":[{"floor":6,"key":"MawBank"},{"floor":9,"key":"MealTicket"},{"floor":10,"key":"Anchor"},{"floor":13,"key":"Shovel"},{"floor":14,"key":"Smiling Mask"},{"floor":15,"key":"Calipers"},{"floor":20,"key":"Happy Flower"},{"floor":23,"key":"Sundial"},{"floor":24,"key":"Regal Pillow"},{"floor":25,"key":"Pantograph"},{"floor":26,"key":"Toy Ornithopter"},{"floor":27,"key":"Champion Belt"},{"floor":32,"key":"Pen Nib"},{"floor":34,"key":"Akabeko"},{"floor":34,"key":"Shuriken"},{"floor":34,"key":"Ginger"},{"floor":41,"key":"Whetstone"},{"floor":49,"key":"Gambling Chip"}],"event_choices":[{"damage_healed":0,"gold_gain":0,"player_choice":"Grow","damage_taken":0,"max_hp_gain":0,"max_hp_loss":0,"event_name":"Living Wall","floor":2,"gold_loss":0,"cards_upgraded":["Intimidate"]},{"cards_removed":["Strike_R"],"damage_healed":0,"gold_gain":0,"player_choice":"Card Removal","damage_taken":0,"max_hp_gain":0,"max_hp_loss":0,"event_name":"The Cleric","floor":4,"gold_loss":75},{"cards_removed":["Defend_R"],"damage_healed":0,"gold_gain":0,"player_choice":"Purged","damage_taken":0,"max_hp_gain":0,"max_hp_loss":0,"event_name":"Purifier","floor":5,"gold_loss":0},{"damage_healed":0,"gold_gain":0,"player_choice":"Obtained Relic","damage_taken":0,"relics_obtained":["Red Skull"],"max_hp_gain":0,"max_hp_loss":0,"event_name":"Addict","floor":21,"gold_loss":85},{"damage_healed":0,"gold_gain":0,"player_choice":"Ignored","damage_taken":0,"max_hp_gain":0,"max_hp_loss":0,"event_name":"The Mausoleum","floor":31,"gold_loss":0},{"damage_healed":0,"gold_gain":0,"player_choice":"Copied","damage_taken":0,"max_hp_gain":0,"max_hp_loss":0,"event_name":"Duplicator","floor":37,"gold_loss":0,"cards_obtained":["Intimidate"]}],"is_beta":false,"boss_relics":[{"not_picked":["Cursed Key","Snecko Eye"],"picked":"Empty Cage"},{"not_picked":["Tiny House","SacredBark"],"picked":"Calling Bell"}],"items_purged_floors":[19,29,36,47],"is_endless":false,"potions_floor_spawned":[1,6,11,12,13,23,25,30,39,41,45],"ascension_level":20}}