{"host":"9ylwqx3xq4e4v98b","time":1609402047,"event":{"mods":["AchievementEnabler","BaseMod","Better Silent Start","Card Forge","Colored Map","DeckTracker","Minty Spire (QoL Compilation)","Permanent Neow","Quick Restart","Spicy Shops","StSLib","SuperFastMode","Td1madao Mod"],"gold_per_floor":[365,365,365,381,381,381,393,418,418,428,456,471,223,233,233,305,305,325,227,237,237,237,266,276,291,343,371,571,571,603,618,618,689,689,689],"floor_reached":34,"playtime":489,"items_purged":[],"score":944,"play_id":"4f2d35d1-6b01-4986-a0f6-2ca4def0265b","local_time":"20201231000727","is_ascension_mode":true,"campfire_choices":[{"floor":6,"key":"REST"},{"floor":15,"key":"RECALL"},{"data":"Grand Finale","floor":29,"key":"SMITH"},{"data":"Finesse","floor":32,"key":"SMITH"}],"circlet_count":0,"master_deck":["AscendersBane","Grand Finale+1","Grand Finale+1","Finesse+1","Grand Finale+1","Finesse+1"],"relics":["Ring of the Snake","Hammer of Thor","Seething Fire","Anvil of the Gods","Gremlin Horn","Matryoshka","HornCleat","Meat on the Bone","Runic Dome","Potion Belt","White Beast Statue","Strawberry","Mummified Hand","Toy Ornithopter","Black Star"],"acts_visited":["Exordium","TheCity","TheBeyond"],"potions_floor_usage":[],"damage_taken":[{"damage":0,"enemies":"Jaw Worm","floor":1,"turns":1},{"damage":0,"enemies":"Cultist","floor":4,"turns":1},{"damage":0,"enemies":"Small Slimes","floor":7,"turns":1},{"damage":0,"enemies":"Lagavulin","floor":8,"turns":1},{"damage":0,"enemies":"Blue Slaver","floor":10,"turns":1},{"damage":0,"enemies":"Gremlin Nob","floor":11,"turns":1},{"damage":0,"enemies":"Gremlin Gang","floor":12,"turns":1},{"damage":0,"enemies":"3 Louse","floor":14,"turns":1},{"damage":0,"enemies":"The Guardian","floor":16,"turns":2},{"damage":0,"enemies":"2 Thieves","floor":18,"turns":1},{"damage":0,"enemies":"Chosen","floor":20,"turns":1},{"damage":0,"enemies":"Gremlin Leader","floor":23,"turns":2},{"damage":0,"enemies":"Centurion and Healer","floor":24,"turns":2},{"damage":0,"enemies":"Snecko","floor":25,"turns":1},{"damage":0,"enemies":"Book of Stabbing","floor":27,"turns":1},{"damage":18,"enemies":"Gremlin Leader","floor":30,"turns":2},{"damage":4,"enemies":"Shelled Parasite and Fungi","floor":31,"turns":2},{"damage":4,"enemies":"Champ","floor":33,"turns":3}],"seed_played":"-7997685656068168678","potions_obtained":[{"floor":11,"key":"CunningPotion"},{"floor":16,"key":"Dexterity Potion"},{"floor":22,"key":"Block Potion"},{"floor":30,"key":"FearPotion"},{"floor":31,"key":"Fire Potion"}],"is_trial":false,"path_per_floor":["M","?","?","M","?","R","M","E","T","M","E","M","$","M","R","B",null,"M","$","M","?","?","E","M","M","T","E","?","R","E","M","R","B",null],"character_chosen":"THE_SILENT","items_purchased":["Meat on the Bone","Finesse"],"campfire_rested":1,"item_purchase_floors":[13,19],"current_hp_per_floor":[45,45,45,45,45,66,66,66,66,66,66,66,66,66,66,66,69,69,69,69,56,56,56,56,56,63,63,63,63,45,53,53,49,74,74],"gold":689,"neow_bonus":"TWO_FIFTY_GOLD","is_daily":false,"chose_seed":false,"campfire_upgraded":2,"win_rate":0.0,"timestamp":1609402047,"path_taken":["M","?","?","?","?","R","M","E","T","M","E","M","$","?","R","BOSS","M","$","M","?","?","E","?","M","T","E","?","R","E","?","R","BOSS"],"items_purchased_type":["Relic","Card"],"build_version":"2020-12-22","purchased_purges":0,"victory":false,"max_hp_per_floor":[70,70,70,70,70,70,70,70,70,70,70,70,70,70,70,70,70,70,70,70,75,75,75,75,75,82,82,82,82,82,82,82,82,82,82],"card_choices":[{"not_picked":["Deadly Poison","Outmaneuver","Dodge and Roll"],"picked":"SKIP","floor":1},{"not_picked":["Deflect","Outmaneuver","Noxious Fumes"],"picked":"SKIP","floor":4},{"not_picked":["Quick Slash","Phantasmal Killer","Poisoned Stab"],"picked":"SKIP","floor":7},{"not_picked":["Noxious Fumes","Leg Sweep","Storm of Steel"],"picked":"SKIP","floor":8},{"not_picked":["Flying Knee","Setup","Poisoned Stab"],"picked":"SKIP","floor":10},{"not_picked":["Dagger Spray","Deadly Poison","A Thousand Cuts"],"picked":"SKIP","floor":11},{"not_picked":["Quick Slash","Blade Dance","PiercingWail"],"picked":"SKIP","floor":12},{"not_picked":["Leg Sweep","Blur","Dagger Throw"],"picked":"SKIP","floor":14},{"not_picked":["A Thousand Cuts","Corpse Explosion"],"picked":"Grand Finale","floor":16},{"not_picked":["Eviscerate","Prepared","Slice"],"picked":"SKIP","floor":18},{"not_picked":["Backflip","Infinite Blades","Cloak And Dagger+1"],"picked":"SKIP","floor":20},{"not_picked":["Slice+1","Reflex","Leg Sweep"],"picked":"SKIP","floor":23},{"not_picked":["Crippling Poison","Bouncing Flask","PiercingWail"],"picked":"SKIP","floor":24},{"not_picked":["Well Laid Plans","Crippling Poison","Dagger Throw"],"picked":"SKIP","floor":25},{"not_picked":["Flying Knee","Reflex","Dagger Spray"],"picked":"SKIP","floor":27},{"not_picked":["Wraith Form v2","PiercingWail","Acrobatics"],"picked":"SKIP","floor":30},{"not_picked":["Tactician","Bane","Choke"],"picked":"SKIP","floor":31}],"player_experience":184182,"relics_obtained":[{"floor":8,"key":"Gremlin Horn"},{"floor":9,"key":"Matryoshka"},{"floor":11,"key":"HornCleat"},{"floor":23,"key":"Potion Belt"},{"floor":26,"key":"White Beast Statue"},{"floor":26,"key":"Strawberry"},{"floor":27,"key":"Mummified Hand"},{"floor":30,"key":"Toy Ornithopter"}],"event_choices":[{"damage_healed":0,"gold_gain":0,"player_choice":"Grow","damage_taken":0,"max_hp_gain":0,"max_hp_loss":0,"event_name":"Living Wall","floor":2,"gold_loss":0,"cards_upgraded":["Finesse"]},{"cards_removed":["Finesse"],"damage_healed":0,"gold_gain":0,"player_choice":"Card Removal","damage_taken":0,"max_hp_gain":0,"max_hp_loss":0,"event_name":"Wheel of Change","floor":3,"gold_loss":0},{"damage_healed":0,"gold_gain":0,"player_choice":"Leave","damage_taken":0,"max_hp_gain":0,"max_hp_loss":0,"event_name":"FaceTrader","floor":5,"gold_loss":0},{"damage_healed":0,"gold_gain":0,"player_choice":"Shed Blood","damage_taken":18,"max_hp_gain":5,"max_hp_loss":0,"event_name":"Forgotten Altar","floor":21,"gold_loss":0},{"damage_healed":0,"gold_gain":0,"player_choice":"Got Potions","damage_taken":0,"max_hp_gain":0,"max_hp_loss":0,"event_name":"Lab","floor":22,"gold_loss":0},{"damage_healed":0,"gold_gain":200,"player_choice":"Gold","damage_taken":0,"max_hp_gain":0,"max_hp_loss":0,"event_name":"Wheel of Change","floor":28,"gold_loss":0}],"is_beta":false,"boss_relics":[{"not_picked":["Empty Cage","Calling Bell"],"picked":"Runic Dome"},{"not_picked":["Sozu","Velvet Choker"],"picked":"Black Star"}],"items_purged_floors":[],"is_endless":false,"potions_floor_spawned":[4,11,16,25,27,30,31,33],"ascension_level":13}}