{"host":"jwbw4f4imxd0v0b0","time":1609386391,"event":{"mods":["BaseMod","Colored Map","Highlight Path","Minty Spire (QoL Compilation)","Relic Stats","StSLib"],"gold_per_floor":[114,129,144,159,159,189,204,204,229,244,274,289,289,304,304,404,404,419,19,34,34,49,49,79,109,109,124,124,1,1,16,16,116,116,131,55,70,0,50,80,80,110,110,140,155,170,79,94,94,94],"floor_reached":51,"playtime":2217,"items_purged":["Strike_B"],"score":866,"play_id":"668ca083-d349-4e14-ad71-f25b0e87ac09","local_time":"20201230214631","daily_mods":["Heirloom","Time Dilation","Lethality"],"is_ascension_mode":false,"campfire_choices":[{"data":"Beam Cell","floor":8.0,"key":"SMITH"},{"data":"Ball Lightning","floor":13.0,"key":"SMITH"},{"data":"Go for the Eyes","floor":15.0,"key":"SMITH"},{"data":"Doom and Gloom","floor":23.0,"key":"SMITH"},{"floor":28.0,"key":"REST"},{"floor":32,"key":"REST"},{"data":"Chill","floor":41,"key":"SMITH"},{"data":"Seek","floor":49,"key":"SMITH"}],"circlet_count":0,"master_deck":["Strike_B","Strike_B","Defend_B","Defend_B","Defend_B","Defend_B","Zap","Dualcast","Sweeping Beam","Go for the Eyes+1","Cold Snap","Barrage","Beam Cell+1","Chill+1","FTL","Conserve Battery","Ball Lightning+1","Coolheaded","Electrodynamics","Undo","Doom and Gloom+1","Electrodynamics+1","Loop+1","Steam","Loop+1","Heatsinks+1","Buffer+1","Undo+1","Defragment+1","Creative AI+1","Seek+1","Thunder Strike","Discovery"],"relics":["Cracked Core","WingedGreaves","Oddly Smooth Stone","Cables","Inserter","Frozen Egg 2","Lee\u0027s Waffle","Nloth\u0027s Gift","Bag of Marbles","Mummified Hand","Mercury Hourglass","Coffee Dripper","Red Mask","Dead Branch","Lantern","Omamori","Singing Bowl","Symbiotic Virus"],"acts_visited":["Exordium","TheCity","TheBeyond"],"potions_floor_usage":[50,50,50,50],"damage_taken":[{"damage":0.0,"enemies":"Cultist","floor":1.0,"turns":2.0},{"damage":0.0,"enemies":"2 Louse","floor":2.0,"turns":1.0},{"damage":0.0,"enemies":"Jaw Worm","floor":3.0,"turns":1.0},{"damage":0.0,"enemies":"Exordium Thugs","floor":4.0,"turns":2.0},{"damage":14.0,"enemies":"3 Sentries","floor":6.0,"turns":4.0},{"damage":7.0,"enemies":"Blue Slaver","floor":7.0,"turns":2.0},{"damage":0.0,"enemies":"Exordium Wildlife","floor":10.0,"turns":2.0},{"damage":9.0,"enemies":"Lagavulin","floor":11.0,"turns":3.0},{"damage":0.0,"enemies":"Large Slime","floor":12.0,"turns":1.0},{"damage":0.0,"enemies":"3 Louse","floor":14.0,"turns":2.0},{"damage":13.0,"enemies":"Hexaghost","floor":16.0,"turns":6.0},{"damage":14.0,"enemies":"3 Byrds","floor":18.0,"turns":2.0},{"damage":3.0,"enemies":"Spheric Guardian","floor":20.0,"turns":3.0},{"damage":5.0,"enemies":"Centurion and Healer","floor":22.0,"turns":5.0},{"damage":43.0,"enemies":"Slavers","floor":24.0,"turns":3.0},{"damage":27.0,"enemies":"Book of Stabbing","floor":25.0,"turns":4.0},{"damage":2.0,"enemies":"Cultist and Chosen","floor":27.0,"turns":3.0},{"damage":2,"enemies":"Chosen and Byrds","floor":31,"turns":3},{"damage":31,"enemies":"Automaton","floor":33,"turns":6},{"damage":8,"enemies":"3 Darklings","floor":35,"turns":3},{"damage":0,"enemies":"Orb Walker","floor":37,"turns":2},{"damage":0,"enemies":"Mind Bloom Boss Battle","floor":39,"turns":2},{"damage":0,"enemies":"Reptomancer","floor":40,"turns":3},{"damage":0,"enemies":"Giant Head","floor":42,"turns":7},{"damage":0,"enemies":"Reptomancer","floor":44,"turns":3},{"damage":0,"enemies":"Sphere and 2 Shapes","floor":45,"turns":3},{"damage":0,"enemies":"Writhing Mass","floor":46,"turns":5},{"damage":0,"enemies":"Maw","floor":48,"turns":4},{"damage":10,"enemies":"Donu and Deca","floor":50,"turns":4}],"seed_played":"-5051420239723459148","potions_obtained":[{"floor":1.0,"key":"SkillPotion"},{"floor":6.0,"key":"Ancient Potion"},{"floor":7.0,"key":"Energy Potion"},{"floor":10.0,"key":"LiquidBronze"},{"floor":12.0,"key":"PowerPotion"},{"floor":20.0,"key":"LiquidBronze"},{"floor":24.0,"key":"SteroidPotion"},{"floor":25.0,"key":"PotionOfCapacity"},{"floor":40,"key":"EntropicBrew"},{"floor":46,"key":"Strength Potion"},{"floor":48,"key":"Strength Potion"}],"is_trial":false,"path_per_floor":["M","M","M","M","?","E","M","R","T","M","E","M","R","M","R","B",null,"M","$","M","?","M","R","E","E","T","M","R","$","?","M","R","B",null,"M","$","M","?","?","E","R","E","T","E","M","M","$","M","R","B",null],"character_chosen":"DEFECT","items_purchased":["Frozen Egg 2","Lee\u0027s Waffle","Steam","Defragment+1","Discovery"],"campfire_rested":2,"item_purchase_floors":[19,19,29,36,47],"current_hp_per_floor":[75,75,75,75,75,61,54,54,54,54,45,45,45,45,45,32,75,61,82,79,79,74,74,31,4,4,2,26,26,26,24,48,17,82,74,74,74,74,74,74,74,74,74,74,76,78,78,80,80,70],"gold":94,"neow_bonus":"","is_daily":true,"chose_seed":false,"campfire_upgraded":6,"win_rate":0.0,"timestamp":1609386391,"path_taken":["M","?","M","M","?","E","M","R","T","M","E","M","R","M","R","BOSS","M","$","M","?","M","R","E","E","T","M","R","?","?","M","R","BOSS","M","?","M","?","?","E","R","E","T","E","?","M","$","M","R","BOSS"],"items_purchased_type":["Relic","Relic","Card","Card","Card"],"build_version":"2020-12-22","purchased_purges":1,"victory":true,"max_hp_per_floor":[75,75,75,75,75,75,75,75,75,75,75,75,75,75,75,75,75,75,82,82,82,82,82,82,82,82,82,82,82,82,82,82,82,82,82,82,82,82,82,82,82,82,82,82,84,86,86,88,88,88],"relic_stats":{"Lee\u0027s Waffle":21,"Inserter":[32],"Singing Bowl":6,"counters":[29,90],"Mummified Hand":[94],"Dead Branch":[14],"Nloth\u0027s Gift":6,"obtain_stats":[{"Lee\u0027s Waffle":19,"Lantern":40,"Inserter":17,"Singing Bowl":43,"Dead Branch":39,"Oddly Smooth Stone":6,"Omamori":42,"Frozen Egg 2":19,"Akabeko":9,"Cables":11,"Mercury Hourglass":26,"Mummified Hand":25,"WingedGreaves":0,"Nloth\u0027s Gift":21,"Bag of Marbles":24,"Coffee Dripper":34,"Red Mask":38,"Cracked Core":0,"Symbiotic Virus":44},{"Lee\u0027s Waffle":12,"Lantern":23,"Inserter":11,"Singing Bowl":24,"Dead Branch":22,"Oddly Smooth Stone":5,"Omamori":24,"Frozen Egg 2":12,"Akabeko":6,"Cables":8,"Mercury Hourglass":16,"Mummified Hand":16,"WingedGreaves":0,"Nloth\u0027s Gift":13,"Bag of Marbles":15,"Coffee Dripper":19,"Red Mask":21,"Cracked Core":0,"Symbiotic Virus":25},{"Lee\u0027s Waffle":28,"Lantern":65,"Inserter":26,"Singing Bowl":71,"Dead Branch":62,"Oddly Smooth Stone":10,"Omamori":71,"Frozen Egg 2":28,"Akabeko":12,"Cables":17,"Mercury Hourglass":43,"Mummified Hand":43,"WingedGreaves":0,"Nloth\u0027s Gift":31,"Bag of Marbles":39,"Coffee Dripper":55,"Red Mask":60,"Cracked Core":0,"Symbiotic Virus":74}],"Cables":[57,37,18,2,0],"Mercury Hourglass":[201]},"card_choices":[{"not_picked":["Skim","Turbo"],"picked":"Sweeping Beam","floor":1.0},{"not_picked":["Darkness","Aggregate"],"picked":"Go for the Eyes","floor":2.0},{"not_picked":["Undo","Auto Shields"],"picked":"Cold Snap","floor":3.0},{"not_picked":["Go for the Eyes","Recycle"],"picked":"Barrage","floor":4.0},{"not_picked":["Barrage","Sweeping Beam"],"picked":"Beam Cell","floor":6.0},{"not_picked":["Buffer","Sweeping Beam"],"picked":"Chill","floor":7.0},{"not_picked":["Rebound","Melter"],"picked":"FTL","floor":10.0},{"not_picked":["White Noise","Force Field"],"picked":"Conserve Battery","floor":11.0},{"not_picked":["Rip and Tear","Hologram"],"picked":"Ball Lightning","floor":12.0},{"not_picked":["Conserve Battery","Gash"],"picked":"Coolheaded","floor":14.0},{"not_picked":["Rainbow","Thunder Strike"],"picked":"Electrodynamics","floor":16.0},{"not_picked":["Leap","Go for the Eyes"],"picked":"Undo","floor":18.0},{"not_picked":["Beam Cell","Cold Snap","Coolheaded"],"picked":"SKIP","floor":20.0},{"not_picked":["Steam","Sunder"],"picked":"Doom and Gloom","floor":22.0},{"not_picked":["All For One","Barrage+1"],"picked":"Electrodynamics+1","floor":24.0},{"not_picked":["Turbo","Cold Snap"],"picked":"Loop+1","floor":25.0},{"not_picked":["Leap","Cold Snap+1","Reprogram"],"picked":"SKIP","floor":27.0},{"not_picked":["Reprogram+1","Beam Cell"],"picked":"Heatsinks+1","floor":31},{"not_picked":["Reboot","Thunder Strike"],"picked":"Buffer+1","floor":33},{"not_picked":["Fusion","Blizzard"],"picked":"Undo+1","floor":35},{"not_picked":["BootSequence","Auto Shields","Hologram"],"picked":"SKIP","floor":37},{"not_picked":["Redo","Thunder Strike"],"picked":"Creative AI+1","floor":40},{"not_picked":["Skim","Rebound"],"picked":"Seek","floor":42},{"not_picked":["Reprogram+1","Reboot"],"picked":"Thunder Strike","floor":44},{"not_picked":["Scrape+1","Sweeping Beam","Gash+1"],"picked":"Singing Bowl","floor":45},{"not_picked":["Cold Snap+1","Go for the Eyes","Streamline"],"picked":"Singing Bowl","floor":46},{"not_picked":["Rebound","Core Surge","Go for the Eyes"],"picked":"Singing Bowl","floor":48}],"player_experience":966405,"relics_obtained":[{"floor":6.0,"key":"Oddly Smooth Stone"},{"floor":9.0,"key":"Akabeko"},{"floor":11.0,"key":"Cables"},{"floor":24.0,"key":"Bag of Marbles"},{"floor":25.0,"key":"Mummified Hand"},{"floor":26.0,"key":"Mercury Hourglass"},{"floor":39,"key":"Dead Branch"},{"floor":40,"key":"Lantern"},{"floor":42,"key":"Omamori"},{"floor":43,"key":"Singing Bowl"},{"floor":44,"key":"Symbiotic Virus"}],"event_choices":[{"cards_removed":["Strike_B"],"damage_healed":0.0,"max_hp_gain":0.0,"max_hp_loss":0.0,"gold_gain":0.0,"event_name":"Bonfire Elementals","player_choice":"Offered Basic","floor":5.0,"gold_loss":0.0,"damage_taken":0.0},{"damage_healed":0.0,"max_hp_gain":0.0,"max_hp_loss":0.0,"gold_gain":0.0,"event_name":"N\u0027loth","player_choice":"Traded Relic","floor":21.0,"relics_lost":["Akabeko"],"gold_loss":0.0,"damage_taken":0.0,"relics_obtained":["Nloth\u0027s Gift"]},{"damage_healed":0.0,"max_hp_gain":0.0,"max_hp_loss":0.0,"gold_gain":0.0,"event_name":"Duplicator","player_choice":"Copied","floor":30.0,"gold_loss":0.0,"damage_taken":0.0,"cards_obtained":["Loop"]},{"damage_healed":0,"gold_gain":0,"player_choice":"Paid","damage_taken":0,"relics_obtained":["Red Mask"],"max_hp_gain":0,"max_hp_loss":0,"event_name":"Tomb of Lord Red Mask","floor":38,"gold_loss":70},{"damage_healed":0,"gold_gain":0,"player_choice":"Fight","damage_taken":0,"max_hp_gain":0,"max_hp_loss":0,"event_name":"MindBloom","floor":39,"gold_loss":0}],"is_beta":false,"boss_relics":[{"not_picked":["Sozu","Black Star"],"picked":"Inserter"},{"not_picked":["FrozenCore","Empty Cage"],"picked":"Coffee Dripper"}],"items_purged_floors":[29],"is_endless":false,"potions_floor_spawned":[1,6,7,10,12,20,24,25,33,37,40,42,44,46,48],"ascension_level":0}}