{"host":"soyfmymeou4emntr","time":1609449112,"event":{"mods":["BaseMod","Minty Spire (QoL Compilation)","Relic Sorter","Relic Stats","StSLib"],"gold_per_floor":[113,130,130,130,76,76,100,143,143,163,163,184,207,232,232,232,232],"floor_reached":16,"playtime":761,"items_purged":[],"score":208,"play_id":"703386c3-1915-42f8-a5d7-f92ed4244842","local_time":"20201231141152","is_ascension_mode":true,"campfire_choices":[{"data":"Storm","floor":6.0,"key":"SMITH"},{"floor":11.0,"key":"REST"},{"floor":15.0,"key":"REST"}],"circlet_count":0,"master_deck":["AscendersBane","Zap","Dualcast","Undo","Meteor Strike","Storm+1","Conserve Battery","All For One","Loop+1","Sunder","Loop","Steam+1","Static Discharge","Sweeping Beam","Force Field","Chaos","Force Field","Electrodynamics","Capacitor"],"relics":["Pandora\u0027s Box","Golden Idol","Darkstone Periapt","Pen Nib"],"acts_visited":["Exordium"],"potions_floor_usage":[],"damage_taken":[{"damage":0.0,"enemies":"2 Louse","floor":1.0,"turns":2.0},{"damage":1.0,"enemies":"Small Slimes","floor":2.0,"turns":4.0},{"damage":6.0,"enemies":"Cultist","floor":7.0,"turns":4.0},{"damage":25.0,"enemies":"3 Sentries","floor":8.0,"turns":6.0},{"damage":3.0,"enemies":"Large Slime","floor":10.0,"turns":3.0},{"damage":0.0,"enemies":"2 Fungi Beasts","floor":12.0,"turns":3.0},{"damage":12.0,"enemies":"Exordium Thugs","floor":13.0,"turns":4.0},{"damage":14.0,"enemies":"3 Louse","floor":14.0,"turns":3.0},{"damage":21,"enemies":"The Guardian","floor":16,"turns":2}],"seed_played":"7994363880297354351","potions_obtained":[{"floor":2.0,"key":"Swift Potion"},{"floor":13.0,"key":"FearPotion"}],"is_trial":false,"path_per_floor":["M","M","?","?","$","R","M","E","T","M","R","M","M","M","R","B"],"character_chosen":"DEFECT","items_purchased":["Explosive Potion"],"campfire_rested":2,"item_purchase_floors":[5],"current_hp_per_floor":[64,63,42,42,42,42,36,11,11,8,27,27,15,1,20,0,0],"gold":232,"neow_bonus":"BOSS_RELIC","is_daily":false,"chose_seed":false,"campfire_upgraded":1,"win_rate":0.0,"timestamp":1609449112,"path_taken":["M","M","?","?","$","R","M","E","T","M","R","M","M","M","R","BOSS"],"items_purchased_type":["Potion"],"build_version":"2020-12-22","purchased_purges":0,"victory":false,"max_hp_per_floor":[71,71,71,64,64,64,64,64,64,64,64,64,64,64,64,64,64],"relic_stats":{"Darkstone Periapt":0,"counters":[9,30],"Golden Idol":32,"Pandora\u0027s Box":["Undo","Meteor Strike","Storm","Conserve Battery","All For One","Loop","Sunder","Loop"],"Pen Nib":[1],"obtain_stats":[{"Darkstone Periapt":8,"Golden Idol":4,"Pandora\u0027s Box":0,"Pen Nib":9,"Cracked Core":0},{"Darkstone Periapt":4,"Golden Idol":2,"Pandora\u0027s Box":0,"Pen Nib":4,"Cracked Core":0},{"Darkstone Periapt":15,"Golden Idol":6,"Pandora\u0027s Box":0,"Pen Nib":15,"Cracked Core":0}]},"card_choices":[{"not_picked":["Beam Cell","Go for the Eyes"],"picked":"Steam","floor":1.0},{"not_picked":["Blizzard","Reprogram"],"picked":"Static Discharge","floor":2.0},{"not_picked":["Go for the Eyes","Blizzard"],"picked":"Sweeping Beam","floor":7.0},{"not_picked":["Blizzard","Tempest"],"picked":"Force Field","floor":8.0},{"not_picked":["Barrage","Ball Lightning"],"picked":"Chaos","floor":10.0},{"not_picked":["Hologram","Leap"],"picked":"Force Field","floor":12.0},{"not_picked":["Hologram","Conserve Battery"],"picked":"Electrodynamics","floor":13.0},{"not_picked":["Ball Lightning","Force Field"],"picked":"Capacitor","floor":14.0}],"player_experience":2728997,"relics_obtained":[{"floor":8.0,"key":"Darkstone Periapt"},{"floor":9.0,"key":"Pen Nib"}],"event_choices":[{"damage_healed":0.0,"max_hp_gain":0.0,"max_hp_loss":0.0,"gold_gain":0.0,"event_name":"Shining Light","player_choice":"Entered Light","floor":3.0,"gold_loss":0.0,"damage_taken":21.0,"cards_upgraded":["Steam","Loop"]},{"damage_healed":0.0,"max_hp_gain":0.0,"max_hp_loss":7.0,"gold_gain":0.0,"event_name":"Golden Idol","player_choice":"Lose Max HP","floor":4.0,"gold_loss":0.0,"damage_taken":0.0,"relics_obtained":["Golden Idol"]}],"is_beta":false,"boss_relics":[],"items_purged_floors":[],"is_endless":false,"potions_floor_spawned":[2,8,13],"killed_by":"The Guardian","ascension_level":20}}