{"host":"hc10rxcp314e8b64","time":1609407906,"event":{"mods":["AchievementEnabler","Act Like it!","BaseMod","BetterRewards","Downfall","Hallownest","Hermit","Jorbs\u0027s Wanderer Trilogy","Minty Spire (QoL Compilation)","Rare Cards Sparkle","Replay The Spire","Shop Mod","StSLib","The Bug Knight","The Construct","The Cursed","The Hierophant","The Jungle","The Runesmith"],"gold_per_floor":[118,118,193,207,54,84,84,111,111,111,111,111,129,148,148,244,244,244,244],"floor_reached":18,"playtime":1635,"items_purged":[],"score":183,"play_id":"0b392ca6-dede-4e78-b652-e081669180bc","local_time":"20201231174506","daily_mods":["Hoarder","Vintage","Heirloom"],"is_ascension_mode":false,"campfire_choices":[{"floor":7,"key":"REST"},{"floor":10,"key":"REST"},{"floor":15,"key":"REST"}],"circlet_count":0,"master_deck":["construct:Strike_Gold","construct:Strike_Gold","construct:Strike_Gold","construct:Strike_Gold","construct:Strike_Gold","construct:Defend_Gold+1","construct:Defend_Gold","construct:Defend_Gold","construct:Defend_Gold+1","construct:Defend_Gold","construct:AttackMode","construct:DefenseMode","construct:ReactiveShield+1","construct:ReactiveShield+1","construct:ReactiveShield+1","construct:FlakBarrage","construct:FlakBarrage","construct:FlakBarrage","Pot Of Greed+1","Pot Of Greed+1","Pot Of Greed+1","Pot Of Greed+1","Pot Of Greed+1","construct:ForceCore+1","construct:ForceCore+1","construct:ForceCore+1","construct:ShieldGenerator+1","construct:ShieldGenerator+1","construct:ShieldGenerator+1"],"relics":["construct:Cogwheel","construct:Challenge1","Ginger","Toxic Egg 2","Frozen Egg 2","Replay:Wax Seal","Grinning Jar","Toy Ornithopter","Replay:Accelerometer","War Paint","PreservedInsect","Fusion Hammer"],"acts_visited":["Exordium","TheCity"],"potions_floor_usage":[14],"damage_taken":[{"damage":1,"enemies":"Jaw Worm","floor":1,"turns":6},{"damage":0,"enemies":"Small Slimes","floor":4,"turns":6},{"damage":70,"enemies":"HollowMod:MossKnight","floor":6,"turns":14},{"damage":0,"enemies":"Cultist","floor":13,"turns":4},{"damage":10,"enemies":"Exordium Thugs","floor":14,"turns":4},{"damage":32,"enemies":"The Guardian","floor":16,"turns":8},{"damage":23,"enemies":"Shell Parasite","floor":18,"turns":3}],"seed_played":"-4858250454101627521","potions_obtained":[{"floor":1,"key":"LiquidMemories"},{"floor":13,"key":"FearPotion"}],"is_trial":true,"path_per_floor":["M","?","?","M","$","E","R","T","T","R","?","?","M","M","R","B",null,"M"],"character_chosen":"THE_CONSTRUCT_MOD","items_purchased":["construct:ReactiveShield+1","construct:FlakBarrage"],"campfire_rested":3,"item_purchase_floors":[5,5],"current_hp_per_floor":[84,81,73,73,73,3,28,28,28,53,53,58,58,53,78,46,85,62,62],"gold":244,"neow_bonus":"","is_daily":false,"chose_seed":false,"campfire_upgraded":0,"win_rate":0.0,"timestamp":1609407906,"path_taken":["M","?","?","?","$","E","R","?","T","R","?","?","M","M","R","BOSS","M"],"items_purchased_type":["Card","Card"],"build_version":"2020-12-22","purchased_purges":0,"victory":false,"max_hp_per_floor":[85,85,85,85,85,85,85,85,85,85,85,85,85,85,85,85,85,85,85],"card_choices":[{"not_picked":["construct:Enhance+1","construct:Electrocute"],"picked":"construct:ForceCore+1","floor":6},{"not_picked":["construct:ClockworkEgg+1","construct:HyperBeam"],"picked":"construct:ShieldGenerator+1","floor":16}],"player_experience":118493,"relics_obtained":[{"floor":1,"key":"Toxic Egg 2"},{"floor":4,"key":"Replay:Wax Seal"},{"floor":6,"key":"Grinning Jar"},{"floor":8,"key":"Toy Ornithopter"},{"floor":9,"key":"Replay:Accelerometer"},{"floor":13,"key":"War Paint"},{"floor":14,"key":"PreservedInsect"}],"event_choices":[{"damage_healed":0,"gold_gain":0,"player_choice":"Success","damage_taken":3,"relics_obtained":["Frozen Egg 2"],"max_hp_gain":0,"max_hp_loss":0,"event_name":"Scrap Ooze","floor":2,"gold_loss":0},{"damage_healed":0,"gold_gain":75,"player_choice":"Touch","damage_taken":8,"max_hp_gain":0,"max_hp_loss":0,"event_name":"FaceTrader","floor":3,"gold_loss":0},{"damage_healed":0,"gold_gain":0,"player_choice":"Ignored","damage_taken":0,"max_hp_gain":0,"max_hp_loss":0,"event_name":"Golden Wing","floor":11,"gold_loss":0},{"cards_removed":["Pot Of Greed"],"damage_healed":5,"gold_gain":0,"player_choice":"Offered Special","damage_taken":0,"max_hp_gain":0,"max_hp_loss":0,"event_name":"Bonfire Elementals","floor":12,"gold_loss":0}],"is_beta":false,"boss_relics":[{"not_picked":["Replay:Fungal Core","Honey Jar"],"picked":"Fusion Hammer"}],"items_purged_floors":[],"is_endless":true,"potions_floor_spawned":[1,13],"killed_by":"Shell Parasite","ascension_level":0}}