{"host":"ssbj2e5691x5ub3h","time":1609427826,"event":{"mods":["BaseMod","Duelist Mod","Minty Spire (QoL Compilation)","StSLib"],"gold_per_floor":[137,156,166,166,180,221,221,252,334,334,334,334,359,229,229,325,325,338,353,353,353,366,366,390,429,429,456,480,480,47,71,71,161,161,186,0,0,23,423,423,439,439,439,462,487,501,501,501,501,501],"floor_reached":51,"playtime":3303,"items_purged":["theDuelist:Sparks"],"score":1409,"play_id":"f4d350ba-6dc9-490b-b9d2-470afd4a0f3c","local_time":"20201231131706","is_ascension_mode":true,"campfire_choices":[{"floor":7,"key":"REST"},{"data":"theDuelist:DoubleTool","floor":12,"key":"SMITH"},{"floor":15,"key":"REST"},{"data":"theDuelist:DoubleTool+1","floor":23,"key":"SMITH"},{"floor":29,"key":"REST"},{"floor":32,"key":"REST"},{"data":"theDuelist:CannonSoldier","floor":40,"key":"SMITH"},{"data":"theDuelist:DoubleTool","floor":42,"key":"SMITH"},{"floor":47,"key":"REST"},{"data":"theDuelist:CardsFromTheSky","floor":49,"key":"SMITH"}],"circlet_count":0,"master_deck":["theDuelist:GreenGadget","theDuelist:CurseAnubis","theDuelist:AncientGearChimera","Injury","theDuelist:DoubleTool+1","theDuelist:AncientGearBox+1","theDuelist:DoubleTool+2","theDuelist:CastleWalls+1","theDuelist:DigitalBug","theDuelist:SatelliteCannon+1","theDuelist:SlotMachine","theDuelist:SwordsConcealing+1","theDuelist:IronhammerGiant","theDuelist:ImperialOrder","AscendersBane","theDuelist:Deskbot004","theDuelist:MachineKingPrototype","theDuelist:Sparks","theDuelist:CastleWalls","theDuelist:Deskbot004","theDuelist:JunkKuriboh+1","theDuelist:CannonSoldier+1","theDuelist:CardsFromTheSky+1","theDuelist:Deskbot005+1","theDuelist:Deskbot005","theDuelist:AncientGearChimera","theDuelist:Biofalcon","theDuelist:YellowGadget","theDuelist:Tuningware","theDuelist:SwordsConcealing"],"relics":["theDuelist:MillenniumPuzzle","theDuelist:CardPoolRelic","theDuelist:CardPoolBasicRelic","theDuelist:CardPoolAddRelic","theDuelist:CardPoolMinusRelic","theDuelist:CardPoolSaveRelic","theDuelist:CardPoolOptionsRelic","Golden Idol","Centennial Puzzle","Champion Belt","theDuelist:YugiMirror","Strawberry","Tiny Chest","Snecko Eye","Nloth\u0027s Gift","theDuelist:ZoneToken","War Paint","theDuelist:MillenniumArmor","theDuelist:RouletteWheel","theDuelist:MillenniumPrayerbook","theDuelist:MillenniumKey","Red Mask","theDuelist:SolderToken","theDuelist:MillenniumCoin","Bottled Lightning","theDuelist:TokenArmor"],"acts_visited":["Exordium","TheCity","TheBeyond"],"potions_floor_usage":[6,16,25,31,50],"damage_taken":[{"damage":1,"enemies":"Cultist","floor":1,"turns":4},{"damage":11,"enemies":"Jaw Worm","floor":2,"turns":5},{"damage":2,"enemies":"2 Louse","floor":3,"turns":2},{"damage":1,"enemies":"Looter","floor":5,"turns":4},{"damage":1,"enemies":"Lagavulin","floor":6,"turns":10},{"damage":30,"enemies":"Gremlin Nob","floor":8,"turns":7},{"damage":9,"enemies":"Slime Boss","floor":16,"turns":5},{"damage":14,"enemies":"Shell Parasite","floor":18,"turns":3},{"damage":4,"enemies":"Chosen","floor":19,"turns":4},{"damage":0,"enemies":"Centurion and Healer","floor":22,"turns":5},{"damage":37,"enemies":"Slavers","floor":25,"turns":9},{"damage":0,"enemies":"Snecko","floor":27,"turns":4},{"damage":0,"enemies":"Shelled Parasite and Fungi","floor":28,"turns":2},{"damage":0,"enemies":"3 Cultists","floor":31,"turns":4},{"damage":0,"enemies":"Champ","floor":33,"turns":7},{"damage":0,"enemies":"3 Darklings","floor":35,"turns":7},{"damage":2,"enemies":"Orb Walker","floor":38,"turns":3},{"damage":0,"enemies":"Spire Growth","floor":41,"turns":9},{"damage":5,"enemies":"Transient","floor":44,"turns":5},{"damage":0,"enemies":"4 Shapes","floor":45,"turns":7},{"damage":0,"enemies":"Spire Growth","floor":46,"turns":4},{"damage":74,"enemies":"Donu and Deca","floor":50,"turns":12}],"seed_played":"2252862501836662587","potions_obtained":[{"floor":3,"key":"theDuelist:FireBottle"},{"floor":6,"key":"theDuelist:GadgetBottle"},{"floor":8,"key":"theDuelist:FlamingBottle"},{"floor":27,"key":"theDuelist:ExtraOrbsBottle"},{"floor":28,"key":"AttackPotion"},{"floor":33,"key":"theDuelist:GreasePot"},{"floor":44,"key":"theDuelist:GadgetBottle"}],"is_trial":false,"path_per_floor":["M","M","M","?","M","E","R","E","T","T","?","R","T","$","R","B",null,"M","M","?","?","M","R","T","E","T","M","M","R","$","M","R","B",null,"M","?","?","M","?","R","M","R","T","M","M","M","R","T","R","B",null],"character_chosen":"THE_DUELIST","items_purchased":["theDuelist:Tuningware","theDuelist:RouletteWheel","theDuelist:MillenniumPrayerbook"],"campfire_rested":5,"item_purchase_floors":[14,30,30],"current_hp_per_floor":[62,51,49,49,48,47,68,38,38,45,45,45,45,45,68,59,73,59,55,55,55,55,55,55,18,18,18,18,41,41,41,64,64,74,74,74,66,64,64,64,64,64,64,59,59,59,77,77,77,3],"gold":501,"neow_bonus":"THREE_CARDS","is_daily":false,"chose_seed":false,"campfire_upgraded":5,"win_rate":0.0,"timestamp":1609427826,"path_taken":["M","M","M","?","M","E","R","E","T","?","?","R","?","?","R","BOSS","M","M","?","?","M","R","?","E","T","M","M","R","$","M","R","BOSS","M","?","?","M","?","R","M","R","T","M","M","M","R","?","R","BOSS"],"items_purchased_type":["Card","Relic","Relic"],"build_version":"2020-12-22","purchased_purges":1,"victory":true,"max_hp_per_floor":[70,70,70,70,70,70,70,70,70,77,77,77,77,77,77,77,77,77,77,77,77,77,77,77,77,77,77,77,77,77,77,77,77,77,77,77,77,77,77,77,77,77,77,77,77,77,77,77,77,77],"card_choices":[{"not_picked":["theDuelist:ScrapIronScarecrow","theDuelist:Factory100Machines"],"picked":"theDuelist:DigitalBug","floor":0},{"not_picked":["theDuelist:ImperialOrder+1","theDuelist:MachineFactory+1"],"picked":"theDuelist:SwordsConcealing+1","floor":1},{"not_picked":["theDuelist:StimPack","theDuelist:Deskbot003"],"picked":"theDuelist:DoubleTool","floor":2},{"not_picked":["theDuelist:SlotMachine","theDuelist:SatelliteCannon"],"picked":"theDuelist:IronhammerGiant","floor":3},{"not_picked":["theDuelist:BloodToken","theDuelist:RockToken","theDuelist:SpellcasterToken"],"picked":"SKIP","floor":5},{"not_picked":["theDuelist:MachineToken","theDuelist:ExplosiveToken","theDuelist:SuperExplodingToken"],"picked":"SKIP","floor":6},{"not_picked":["theDuelist:Factory100Machines","theDuelist:LimiterRemoval"],"picked":"theDuelist:CardsFromTheSky","floor":8},{"not_picked":["theDuelist:SwordsConcealing","theDuelist:Deskbot007"],"picked":"theDuelist:SlotMachine","floor":16},{"not_picked":["theDuelist:Deskbot005","theDuelist:BreakDraw"],"picked":"theDuelist:YellowGadget","floor":18},{"not_picked":["theDuelist:JunkWarrior","theDuelist:StimPack","theDuelist:YellowGadget"],"picked":"SKIP","floor":19},{"not_picked":["theDuelist:DoubleTool","theDuelist:CardsFromTheSky+1"],"picked":"theDuelist:SwordsConcealing","floor":22},{"not_picked":["theDuelist:OutriggerExtension","theDuelist:Jinzo","theDuelist:GravityAxe"],"picked":"theDuelist:ImperialOrder","floor":25},{"not_picked":["Metamorphosis","Panacea"],"picked":"SKIP","floor":27},{"not_picked":["theDuelist:ShortCircuit","theDuelist:GravityAxe","theDuelist:BlastingFuse","theDuelist:ArtifactSanctum+1"],"picked":"SKIP","floor":28},{"not_picked":["theDuelist:GenexAllyBirdman","theDuelist:CyberArchfiend"],"picked":"theDuelist:AncientGearBox+1","floor":31},{"not_picked":["theDuelist:Apoqliphort","theDuelist:Deskbot009"],"picked":"theDuelist:MachineKingPrototype","floor":33},{"not_picked":["theDuelist:GreenGadget+1","theDuelist:CyberRaider"],"picked":"theDuelist:CannonSoldier","floor":35},{"not_picked":["theDuelist:BlastJuggler","theDuelist:CardsFromTheSky"],"picked":"theDuelist:JunkKuriboh+1","floor":38},{"not_picked":["theDuelist:LimiterRemoval+1","theDuelist:AncientGearFist+1"],"picked":"theDuelist:AncientGearChimera","floor":41},{"not_picked":["theDuelist:Biofalcon","theDuelist:JunkKuriboh","theDuelist:DoubleTool"],"picked":"SKIP","floor":44},{"not_picked":["theDuelist:DarkFactory","theDuelist:Deskbot007+1"],"picked":"theDuelist:SatelliteCannon+1","floor":45},{"not_picked":["theDuelist:BlastJuggler+1","theDuelist:SolarWindJammer"],"picked":"theDuelist:AncientGearChimera","floor":46}],"player_experience":289581,"relics_obtained":[{"floor":6,"key":"Centennial Puzzle"},{"floor":8,"key":"Champion Belt"},{"floor":9,"key":"theDuelist:YugiMirror"},{"floor":10,"key":"Strawberry"},{"floor":13,"key":"Tiny Chest"},{"floor":24,"key":"theDuelist:ZoneToken"},{"floor":25,"key":"War Paint"},{"floor":26,"key":"theDuelist:MillenniumArmor"},{"floor":43,"key":"Bottled Lightning"},{"floor":48,"key":"theDuelist:TokenArmor"}],"event_choices":[{"damage_healed":0,"gold_gain":0,"player_choice":"Take Wound","damage_taken":0,"relics_obtained":["Golden Idol"],"max_hp_gain":0,"max_hp_loss":0,"event_name":"Golden Idol","floor":4,"gold_loss":0,"cards_obtained":["Injury"]},{"damage_healed":0,"gold_gain":0,"player_choice":"Leave","duelist":true,"damage_taken":0,"max_hp_gain":0,"max_hp_loss":0,"event_name":"Battle City","floor":11,"gold_loss":0},{"damage_healed":0,"gold_gain":0,"player_choice":"Leave","duelist":true,"damage_taken":0,"max_hp_gain":0,"max_hp_loss":0,"event_name":"Card Trader","floor":20,"gold_loss":0},{"damage_healed":0,"gold_gain":0,"player_choice":"Traded Relic","damage_taken":0,"relics_obtained":["Nloth\u0027s Gift"],"max_hp_gain":0,"max_hp_loss":0,"event_name":"N\u0027loth","floor":21,"relics_lost":["theDuelist:BoosterPackPoolRelic"],"gold_loss":0},{"damage_healed":0,"gold_gain":0,"player_choice":"Paid","damage_taken":0,"relics_obtained":["Red Mask"],"max_hp_gain":0,"max_hp_loss":0,"event_name":"Tomb of Lord Red Mask","floor":36,"gold_loss":186},{"damage_healed":0,"gold_gain":0,"player_choice":"Dig - random Duelist relic","duelist":true,"damage_taken":0,"max_hp_gain":0,"max_hp_loss":0,"event_name":"Aknamkanon\u0027s Tomb","floor":37,"gold_loss":0},{"damage_healed":0,"gold_gain":0,"player_choice":"Took item - Received: Millennium Coin","duelist":true,"damage_taken":0,"max_hp_gain":0,"max_hp_loss":0,"event_name":"Millennium Items","floor":39,"gold_loss":0}],"is_beta":false,"boss_relics":[{"not_picked":["SlaversCollar","HoveringKite"],"picked":"Snecko Eye"},{"not_picked":["theDuelist:GamblerChip","theDuelist:ElectricKey"],"picked":"theDuelist:MillenniumKey"}],"items_purged_floors":[14],"is_endless":false,"potions_floor_spawned":[3,6,8,27,28,33,38,44],"ascension_level":16}}