{"host":"yiit85oc4oi3nqs8","time":1609402584,"event":{"mods":["AchievementEnabler","BaseMod","Better Third Choice","Block Reminder","DeckTracker","Highlight Path","Keyboard Shortcuts","Minty Spire (QoL Compilation)","MonsterHotkey","Quick Restart","Random Character Button","Relic Stats","StSLib"],"gold_per_floor":[112,112,69,69,69,69,69,69,69,94,94,94,94,94,113,113,126,126,162,180,180,180,180,269,269,288,288,288,306,306,333,333,219,219,219,219,254,293,333,333,333,333,333,333,366,366,366,390,305,305,305,305,396,396,417,441,441,441,441,663,663,663,663,706,725,769,847,874,734,572,606,232,14,14,14,50,50,50,50,50,50,50,0,44,44],"floor_reached":86,"playtime":3053,"items_purged":["Defend_G","Parasite","Defend_G+1","Footwork","Footwork+1"],"score":2805,"play_id":"8ca624bf-cc21-4c29-b8d6-d972896d3d77","local_time":"20201231171624","is_ascension_mode":true,"campfire_choices":[{"data":"Footwork","floor":8.0,"key":"SMITH"},{"data":"Cloak And Dagger","floor":9.0,"key":"SMITH"},{"data":"Blade Dance","floor":11.0,"key":"SMITH"},{"data":"Neutralize","floor":12.0,"key":"SMITH"},{"data":"Accuracy","floor":21.0,"key":"SMITH"},{"data":"Well Laid Plans","floor":22.0,"key":"SMITH"},{"data":"Noxious Fumes","floor":23.0,"key":"SMITH"},{"data":"After Image","floor":34.0,"key":"SMITH"},{"data":"Infinite Blades","floor":35.0,"key":"SMITH"},{"floor":42.0,"key":"REST"},{"floor":44.0,"key":"REST"},{"floor":46.0,"key":"RECALL"},{"data":"After Image","floor":47.0,"key":"SMITH"},{"data":"Footwork","floor":51.0,"key":"SMITH"},{"data":"Noxious Fumes","floor":52.0,"key":"SMITH"},{"data":"Accuracy","floor":63.0,"key":"SMITH"},{"data":"Accuracy","floor":74.0,"key":"SMITH"},{"data":"Infinite Blades","floor":75.0,"key":"SMITH"},{"data":"A Thousand Cuts","floor":77.0,"key":"SMITH"},{"data":"Terror","floor":78.0,"key":"SMITH"},{"data":"Finesse","floor":81.0,"key":"SMITH"}],"circlet_count":0,"master_deck":["AscendersBane","Survivor+1","Neutralize+1","Cloak And Dagger+1","Footwork+1","Blade Dance+1","Noxious Fumes+1","Accuracy+1","Noxious Fumes+1","Well Laid Plans+1","After Image+1","Infinite Blades+1","After Image+1","Cloak And Dagger+1","Infinite Blades+1","Footwork+1","Adrenaline","Unload+1","Accuracy+1","Well Laid Plans+1","Accuracy+1","Finesse+1","Accuracy+1","Terror+1","Infinite Blades+1","A Thousand Cuts+1","Caltrops","Adrenaline"],"relics":["Ring of the Snake","NeowsBlessing","Mummified Hand","Bottled Tornado","Bottled Lightning","Golden Idol","Centennial Puzzle","Empty Cage","Juzu Bracelet","Red Mask","Strawberry","The Courier","Art of War","Boot","PreservedInsect","Astrolabe","Tough Bandages","Kunai","Happy Flower","Bronze Scales","Sundial","War Paint","Nunchaku","DollysMirror","Bag of Preparation","Membership Card","Ninja Scroll","Pantograph"],"acts_visited":["Exordium","TheCity","TheBeyond","TheEnding"],"potions_floor_usage":[85,85],"damage_taken":[{"damage":0.0,"enemies":"2 Louse","floor":1.0,"turns":1.0},{"damage":0.0,"enemies":"Gremlin Nob","floor":10.0,"turns":1.0},{"damage":0.0,"enemies":"Small Slimes","floor":15.0,"turns":1.0},{"damage":0.0,"enemies":"2 Fungi Beasts","floor":17.0,"turns":3.0},{"damage":1.0,"enemies":"Lagavulin","floor":19.0,"turns":6.0},{"damage":0.0,"enemies":"Large Slime","floor":20.0,"turns":5.0},{"damage":0.0,"enemies":"The Guardian","floor":24.0,"turns":8.0},{"damage":4.0,"enemies":"Chosen","floor":26.0,"turns":5.0},{"damage":8.0,"enemies":"3 Byrds","floor":29.0,"turns":4.0},{"damage":3.0,"enemies":"Book of Stabbing","floor":37.0,"turns":5.0},{"damage":12.0,"enemies":"Masked Bandits","floor":38.0,"turns":4.0},{"damage":10.0,"enemies":"Gremlin Leader","floor":39.0,"turns":6.0},{"damage":3.0,"enemies":"Slavers","floor":45.0,"turns":5.0},{"damage":0.0,"enemies":"Snecko","floor":48.0,"turns":5.0},{"damage":2.0,"enemies":"Collector","floor":53.0,"turns":8.0},{"damage":0.0,"enemies":"Orb Walker","floor":55.0,"turns":3.0},{"damage":0.0,"enemies":"3 Darklings","floor":56.0,"turns":4.0},{"damage":0.0,"enemies":"Reptomancer","floor":64.0,"turns":5.0},{"damage":0.0,"enemies":"Writhing Mass","floor":65.0,"turns":5.0},{"damage":0.0,"enemies":"Nemesis","floor":66.0,"turns":5.0},{"damage":0.0,"enemies":"Giant Head","floor":71.0,"turns":4.0},{"damage":8.0,"enemies":"Reptomancer","floor":76.0,"turns":3.0},{"damage":30.0,"enemies":"Awakened One","floor":79.0,"turns":5.0},{"damage":3.0,"enemies":"Shield and Spear","floor":84.0,"turns":4.0},{"damage":65,"enemies":"The Heart","floor":85,"turns":6}],"seed_played":"-7183433994063872741","potions_obtained":[{"floor":15.0,"key":"GhostInAJar"},{"floor":19.0,"key":"SpeedPotion"},{"floor":20.0,"key":"PowerPotion"},{"floor":45.0,"key":"Dexterity Potion"},{"floor":55.0,"key":"ColorlessPotion"},{"floor":56.0,"key":"Explosive Potion"},{"floor":66.0,"key":"Block Potion"},{"floor":76.0,"key":"AttackPotion"}],"is_trial":false,"path_per_floor":["M","?","$","$","?","$","$","R","R","E","R","R","T","T","M","?","M","?","E","M","R","R","R","B",null,"M","?","?","M","?","T","$","?","R","R","?","E","?","E","T","T","R","?","R","E","R","R","M","?","?","R","R","B",null,"M","M","?","?","?","?","T","?","R","E","M","E","T","T","$","$","E","$","?","R","R","E","R","R","B",null,"R","$","$","E","B",null],"character_chosen":"THE_SILENT","items_purchased":["Footwork","Footwork","Accuracy","Terror","DollysMirror","Bag of Preparation","Membership Card","LiquidMemories","Caltrops"],"campfire_rested":2,"item_purchase_floors":[3,33,69,70,72,72,73,83,83],"current_hp_per_floor":[59,52,52,52,52,52,52,52,52,52,52,52,52,52,52,52,52,52,51,51,51,51,51,51,58,54,38,38,30,30,30,30,30,30,30,30,27,15,12,12,12,33,33,54,51,51,51,51,51,51,51,51,49,66,66,66,66,66,66,66,66,66,66,66,66,66,66,66,66,66,66,66,66,66,66,58,58,58,28,59,59,59,59,56,4],"gold":44,"neow_bonus":"THREE_ENEMY_KILL","is_daily":false,"chose_seed":false,"campfire_upgraded":18,"win_rate":0.0,"timestamp":1609402584,"path_taken":["M","?","$","$","?","$","$","R","R","E","R","R","T","T","?","?","M","?","E","M","R","R","R","BOSS","M","?","?","M","?","?","?","?","R","R","?","E","?","E","T","T","R","?","R","E","R","R","M","?","?","R","R","BOSS","M","M","?","?","?","?","?","?","R","E","M","E","T","T","$","$","E","?","?","R","R","E","R","R","BOSS","R","$","$","E","BOSS"],"items_purchased_type":["Card","Card","Card","Card","Relic","Relic","Relic","Potion","Card"],"build_version":"2020-12-22","purchased_purges":5,"victory":true,"max_hp_per_floor":[66,66,66,66,66,66,66,66,66,66,66,66,66,66,66,66,66,60,60,60,60,60,60,60,60,60,65,65,65,65,65,65,65,65,65,65,65,65,72,72,72,72,72,72,72,72,72,72,72,72,72,72,72,72,72,72,72,72,72,72,72,72,72,72,72,72,72,72,69,69,69,69,69,69,69,69,69,69,69,69,69,69,69,69,69],"relic_stats":{"Happy Flower":[10],"counters":[25,111],"Golden Idol":182,"Astrolabe":["Unload","Accuracy","Well Laid Plans"],"PreservedInsect":380,"Juzu Bracelet":4,"Bag of Preparation":[1],"War Paint":["Defend_G","Survivor"],"Boot":[99],"Centennial Puzzle":[31],"Tough Bandages":[27],"Nunchaku":[9],"Mummified Hand":[211],"Sundial":[2],"Bronze Scales":[138],"Pantograph":13,"Art of War":[0],"Kunai":[38],"obtain_stats":[{"Juzu Bracelet":37,"Bag of Preparation":72,"Bottled Tornado":13,"Empty Cage":25,"Boot":45,"Centennial Puzzle":19,"Tough Bandages":61,"Nunchaku":71,"Mummified Hand":10,"Sundial":67,"DollysMirror":72,"Ninja Scroll":76,"Strawberry":39,"Pantograph":84,"Red Mask":38,"Kunai":62,"Ring of the Snake":0,"NeowsBlessing":0,"Happy Flower":64,"Golden Idol":18,"Astrolabe":54,"The Courier":40,"PreservedInsect":49,"War Paint":68,"Bronze Scales":66,"Art of War":41,"Bottled Lightning":14,"Membership Card":73},{"Juzu Bracelet":10,"Bag of Preparation":21,"Bottled Tornado":2,"Empty Cage":7,"Boot":13,"Centennial Puzzle":5,"Tough Bandages":17,"Nunchaku":21,"Mummified Hand":2,"Sundial":20,"DollysMirror":21,"Ninja Scroll":22,"Strawberry":12,"Pantograph":24,"Red Mask":11,"Kunai":17,"Ring of the Snake":0,"NeowsBlessing":0,"Happy Flower":18,"Golden Idol":4,"Astrolabe":15,"The Courier":12,"PreservedInsect":14,"War Paint":20,"Bronze Scales":20,"Art of War":12,"Bottled Lightning":2,"Membership Card":21},{"Juzu Bracelet":39,"Bag of Preparation":93,"Bottled Tornado":2,"Empty Cage":25,"Boot":54,"Centennial Puzzle":12,"Tough Bandages":74,"Nunchaku":93,"Mummified Hand":2,"Sundial":89,"DollysMirror":93,"Ninja Scroll":96,"Strawberry":49,"Pantograph":105,"Red Mask":43,"Kunai":74,"Ring of the Snake":0,"NeowsBlessing":0,"Happy Flower":79,"Golden Idol":6,"Astrolabe":67,"The Courier":49,"PreservedInsect":59,"War Paint":89,"Bronze Scales":89,"Art of War":49,"Bottled Lightning":2,"Membership Card":93}],"Ring of the Snake":[44]},"card_choices":[{"not_picked":["PiercingWail","Backflip"],"picked":"Cloak And Dagger","floor":1.0},{"not_picked":["Quick Slash","Dodge and Roll"],"picked":"Blade Dance","floor":10.0},{"not_picked":["Expertise","Deadly Poison"],"picked":"Noxious Fumes","floor":15.0},{"not_picked":["All Out Attack","Quick Slash"],"picked":"Accuracy","floor":17.0},{"not_picked":["Calculated Gamble","Dodge and Roll"],"picked":"Noxious Fumes","floor":19.0},{"not_picked":["Deadly Poison","Setup"],"picked":"Well Laid Plans","floor":20.0},{"not_picked":["Glass Knife","Tools of the Trade"],"picked":"After Image","floor":24.0},{"not_picked":["PiercingWail","Dodge and Roll"],"picked":"Infinite Blades","floor":26.0},{"not_picked":["Underhanded Strike","Slice","Heel Hook"],"picked":"SKIP","floor":29.0},{"not_picked":["Dagger Throw","Escape Plan+1"],"picked":"After Image","floor":37.0},{"not_picked":["Backflip","Deflect"],"picked":"Cloak And Dagger+1","floor":38.0},{"not_picked":["Dagger Spray","Catalyst"],"picked":"Footwork","floor":39.0},{"not_picked":["Sucker Punch","All Out Attack","Bane"],"picked":"SKIP","floor":45.0},{"not_picked":["Caltrops","Underhanded Strike"],"picked":"Infinite Blades","floor":48.0},{"not_picked":["Grand Finale","Wraith Form v2"],"picked":"Adrenaline","floor":53.0},{"not_picked":["Flying Knee+1","Poisoned Stab+1","Catalyst"],"picked":"SKIP","floor":55.0},{"not_picked":["Slice+1","Blade Dance"],"picked":"Accuracy","floor":56.0},{"not_picked":["Swift Strike","Thinking Ahead"],"picked":"Finesse","floor":58.0},{"not_picked":["Deadly Poison","Backstab","Acrobatics"],"picked":"SKIP","floor":64.0},{"not_picked":["Bane+1","Underhanded Strike","Footwork"],"picked":"SKIP","floor":65.0},{"not_picked":["Bane","Endless Agony","Slice"],"picked":"SKIP","floor":66.0},{"not_picked":["Masterful Stab","Underhanded Strike","Concentrate+1"],"picked":"SKIP","floor":71.0},{"not_picked":["Infinite Blades","Poisoned Stab+1"],"picked":"A Thousand Cuts","floor":76.0},{"not_picked":["Well Laid Plans","Footwork"],"picked":"Adrenaline","floor":84.0}],"player_experience":405830,"relics_obtained":[{"floor":10.0,"key":"Mummified Hand"},{"floor":13.0,"key":"Bottled Tornado"},{"floor":14.0,"key":"Bottled Lightning"},{"floor":19.0,"key":"Centennial Puzzle"},{"floor":37.0,"key":"Juzu Bracelet"},{"floor":38.0,"key":"Red Mask"},{"floor":39.0,"key":"Strawberry"},{"floor":40.0,"key":"The Courier"},{"floor":41.0,"key":"Art of War"},{"floor":45.0,"key":"Boot"},{"floor":61.0,"key":"Tough Bandages"},{"floor":62.0,"key":"Kunai"},{"floor":64.0,"key":"Happy Flower"},{"floor":66.0,"key":"Bronze Scales"},{"floor":67.0,"key":"Sundial"},{"floor":68.0,"key":"War Paint"},{"floor":71.0,"key":"Nunchaku"},{"floor":76.0,"key":"Ninja Scroll"},{"floor":84.0,"key":"Pantograph"}],"event_choices":[{"cards_removed":["Strike_G"],"damage_healed":0.0,"max_hp_gain":0.0,"max_hp_loss":0.0,"gold_gain":0.0,"event_name":"Golden Wing","player_choice":"Card Removal","floor":2.0,"gold_loss":0.0,"damage_taken":7.0},{"cards_removed":["Defend_G"],"damage_healed":0.0,"max_hp_gain":0.0,"max_hp_loss":0.0,"gold_gain":0.0,"event_name":"Bonfire Elementals","player_choice":"Offered Basic","floor":5.0,"gold_loss":0.0,"damage_taken":0.0},{"damage_healed":0.0,"max_hp_gain":0.0,"max_hp_loss":6.0,"gold_gain":0.0,"event_name":"Golden Idol","player_choice":"Lose Max HP","floor":18.0,"gold_loss":0.0,"damage_taken":0.0,"relics_obtained":["Golden Idol"]},{"damage_healed":0.0,"max_hp_gain":5.0,"max_hp_loss":0.0,"gold_gain":0.0,"event_name":"Forgotten Altar","player_choice":"Shed Blood","floor":27.0,"gold_loss":0.0,"damage_taken":21.0},{"damage_healed":0.0,"max_hp_gain":0.0,"max_hp_loss":0.0,"gold_gain":0.0,"event_name":"Cursed Tome","player_choice":"Ignored","floor":28.0,"gold_loss":0.0,"damage_taken":0.0},{"damage_healed":0.0,"max_hp_gain":0.0,"max_hp_loss":0.0,"gold_gain":0.0,"event_name":"The Mausoleum","player_choice":"Ignored","floor":30.0,"gold_loss":0.0,"damage_taken":0.0},{"damage_healed":0.0,"max_hp_gain":0.0,"max_hp_loss":0.0,"gold_gain":0.0,"event_name":"Upgrade Shrine","player_choice":"Upgraded","floor":36.0,"gold_loss":0.0,"damage_taken":0.0,"cards_upgraded":["Footwork"]},{"damage_healed":0.0,"max_hp_gain":0.0,"max_hp_loss":0.0,"gold_gain":0.0,"event_name":"Masked Bandits","player_choice":"Fought Bandits","floor":38.0,"gold_loss":0.0,"damage_taken":0.0},{"damage_healed":0.0,"max_hp_gain":0.0,"max_hp_loss":0.0,"gold_gain":0.0,"cards_transformed":["Strike_G"],"event_name":"Transmorgrifier","player_choice":"Transformed","floor":43.0,"gold_loss":0.0,"damage_taken":0.0,"cards_obtained":["Concentrate"]},{"damage_healed":0.0,"max_hp_gain":0.0,"max_hp_loss":0.0,"gold_gain":0.0,"event_name":"Addict","player_choice":"Obtained Relic","floor":49.0,"gold_loss":85.0,"damage_taken":0.0,"relics_obtained":["PreservedInsect"]},{"damage_healed":0.0,"max_hp_gain":0.0,"max_hp_loss":0.0,"gold_gain":0.0,"event_name":"The Library","player_choice":"Read","floor":50.0,"gold_loss":0.0,"damage_taken":0.0,"cards_obtained":["Footwork"]},{"cards_removed":["Concentrate"],"damage_healed":0.0,"max_hp_gain":0.0,"max_hp_loss":0.0,"gold_gain":0.0,"event_name":"Wheel of Change","player_choice":"Card Removal","floor":57.0,"gold_loss":0.0,"damage_taken":0.0},{"damage_healed":0.0,"max_hp_gain":0.0,"max_hp_loss":0.0,"gold_gain":0.0,"event_name":"SensoryStone","player_choice":"Memory 1","floor":58.0,"gold_loss":0.0,"damage_taken":0.0},{"damage_healed":0.0,"max_hp_gain":0.0,"max_hp_loss":0.0,"gold_gain":0.0,"event_name":"Lab","player_choice":"Got Potions","floor":59.0,"gold_loss":0.0,"damage_taken":0.0},{"damage_healed":0.0,"max_hp_gain":0.0,"max_hp_loss":0.0,"gold_gain":222.0,"event_name":"Tomb of Lord Red Mask","player_choice":"Wore Mask","floor":60.0,"gold_loss":0.0,"damage_taken":0.0}],"is_beta":false,"boss_relics":[{"not_picked":["Tiny House","Calling Bell"],"picked":"Empty Cage"},{"not_picked":["Cursed Key","Runic Dome"],"picked":"Astrolabe"}],"items_purged_floors":[33,69,70,72,73],"is_endless":false,"potions_floor_spawned":[15,19,20,24,29,37,45,55,56,66,76,84],"ascension_level":17}}