{"host":"girf3bnli6r7x4ah","time":1609410447,"event":{"mods":["2.2 Compatiblity","AchievementEnabler","BaseMod","Colored Map","DeckTracker","Highlight Path","Minty Spire (QoL Compilation)","Random Character Button","Rare Cards Sparkle"],"gold_per_floor":[162,262,275,292,292,327,347,377,450,450,475,501,517,141,141,236,236,246,296,315,331,74,74,74],"floor_reached":23,"playtime":1874,"items_purged":[],"score":243,"play_id":"8bc1b398-23d8-4349-91a9-77cc404bb03e","local_time":"20201231112727","is_ascension_mode":true,"campfire_choices":[{"floor":10.0,"key":"REST"},{"floor":15.0,"key":"REST"}],"circlet_count":0,"master_deck":["Strike_R","Strike_R+1","Strike_R","Strike_R","Strike_R","Defend_R","Defend_R","Defend_R","Defend_R","Bash","Metallicize","Hemokinesis","Dropkick","Armaments","Clash","Impervious","Barricade","Seeing Red"],"relics":["Tiny House","Regal Pillow","Calipers","Mercury Hourglass","Blood Vial","Odd Mushroom","TheAbacus","Toy Ornithopter","Philosopher\u0027s Stone","Matryoshka"],"acts_visited":["Exordium","TheCity"],"potions_floor_usage":[21],"damage_taken":[{"damage":11.0,"enemies":"2 Louse","floor":1.0,"turns":2.0},{"damage":7.0,"enemies":"Cultist","floor":3.0,"turns":4.0},{"damage":2.0,"enemies":"Small Slimes","floor":4.0,"turns":3.0},{"damage":10.0,"enemies":"Gremlin Nob","floor":6.0,"turns":3.0},{"damage":13.0,"enemies":"Looter","floor":7.0,"turns":2.0},{"damage":46.0,"enemies":"Lagavulin","floor":8.0,"turns":7.0},{"damage":34.0,"enemies":"Gremlin Nob","floor":11.0,"turns":4.0},{"damage":9.0,"enemies":"The Mushroom Lair","floor":12.0,"turns":4.0},{"damage":6.0,"enemies":"Red Slaver","floor":13.0,"turns":3.0},{"damage":35,"enemies":"The Guardian","floor":16,"turns":11},{"damage":21,"enemies":"Chosen","floor":18,"turns":5},{"damage":12,"enemies":"Spheric Guardian","floor":20,"turns":6},{"damage":42,"enemies":"Centurion and Healer","floor":21,"turns":7},{"damage":29,"enemies":"Slavers","floor":23,"turns":1}],"seed_played":"6740082182949495059","potions_obtained":[{"floor":0.0,"key":"Fire Potion"},{"floor":1.0,"key":"Fire Potion"},{"floor":4.0,"key":"Swift Potion"},{"floor":7.0,"key":"BloodPotion"},{"floor":20,"key":"DistilledChaos"}],"is_trial":false,"path_per_floor":["M","?","M","M","?","E","M","E","T","R","E","?","M","$","R","B",null,"M","?","M","M","$","E"],"character_chosen":"IRONCLAD","items_purchased":["TheAbacus","Toy Ornithopter","Impervious","Matryoshka"],"campfire_rested":2,"item_purchase_floors":[14,14,14,22],"current_hp_per_floor":[74,74,67,65,65,55,42,13,13,53,19,12,8,8,48,15,85,64,64,54,19,19,0,0],"gold":74,"neow_bonus":"BOSS_RELIC","is_daily":false,"chose_seed":false,"campfire_upgraded":0,"win_rate":0.0,"timestamp":1609410447,"path_taken":["M","?","?","M","?","E","M","E","T","R","E","?","M","$","R","BOSS","M","?","M","?","$","E"],"items_purchased_type":["Relic","Relic","Card","Relic"],"build_version":"2020-12-22","purchased_purges":0,"victory":false,"max_hp_per_floor":[85,85,85,85,85,85,85,85,85,85,85,85,85,85,85,85,85,85,85,85,85,85,85,85],"card_choices":[{"not_picked":["Perfected Strike","Dual Wield"],"picked":"Metallicize","floor":0.0},{"not_picked":["Rage","Pommel Strike","Body Slam"],"picked":"SKIP","floor":1.0},{"not_picked":["Uppercut","Blood for Blood"],"picked":"Hemokinesis","floor":3.0},{"not_picked":["Twin Strike","Headbutt","Thunderclap"],"picked":"SKIP","floor":4.0},{"not_picked":["Power Through","Flame Barrier","Shrug It Off"],"picked":"SKIP","floor":6.0},{"not_picked":["Iron Wave","Headbutt","Second Wind"],"picked":"SKIP","floor":7.0},{"not_picked":["Flame Barrier","Shrug It Off"],"picked":"Dropkick","floor":8.0},{"not_picked":["Flex","Hemokinesis"],"picked":"Armaments","floor":11.0},{"not_picked":["Fire Breathing","Twin Strike"],"picked":"Clash","floor":13.0},{"not_picked":["Berserk","Bludgeon"],"picked":"Barricade","floor":16},{"not_picked":["Wild Strike","Clothesline","Reckless Charge+1"],"picked":"SKIP","floor":18},{"not_picked":["Anger","Warcry","Power Through"],"picked":"SKIP","floor":20},{"not_picked":["Cleave","Perfected Strike"],"picked":"Seeing Red","floor":21}],"player_experience":143162,"relics_obtained":[{"floor":6.0,"key":"Regal Pillow"},{"floor":8.0,"key":"Calipers"},{"floor":9.0,"key":"Mercury Hourglass"},{"floor":11.0,"key":"Blood Vial"},{"floor":12.0,"key":"Odd Mushroom"}],"event_choices":[{"damage_healed":0.0,"max_hp_gain":0.0,"max_hp_loss":0.0,"gold_gain":100.0,"event_name":"Golden Shrine","player_choice":"Pray","floor":2.0,"gold_loss":0.0,"damage_taken":0.0},{"damage_healed":0.0,"max_hp_gain":0.0,"max_hp_loss":0.0,"gold_gain":0.0,"event_name":"Liars Game","player_choice":"Ignored","floor":5.0,"gold_loss":0.0,"damage_taken":0.0},{"damage_healed":0.0,"max_hp_gain":0.0,"max_hp_loss":0.0,"gold_gain":0.0,"event_name":"Mushrooms","player_choice":"Fought Mushrooms","floor":12.0,"gold_loss":0.0,"damage_taken":0.0},{"damage_healed":0,"gold_gain":100,"player_choice":"Bet on Murderer","damage_taken":0,"max_hp_gain":0,"max_hp_loss":0,"event_name":"The Joust","floor":19,"gold_loss":50}],"is_beta":false,"boss_relics":[{"not_picked":["SlaversCollar","Busted Crown"],"picked":"Philosopher\u0027s Stone"}],"items_purged_floors":[],"is_endless":false,"potions_floor_spawned":[1,4,7,20],"killed_by":"Slavers","ascension_level":3}}