{"host":"1lhpgrjjhxx10cx0","time":1609385675,"event":{"mods":["Arknights The Spire","BaseMod","CapriCore","Friendly Minions","Highlight Path","Minty Spire (QoL Compilation)","Permanent Neow","Quick Restart","StSLib","The Immortal","Waifu the Spire","Yakumo Yukari mod"],"gold_per_floor":[112,122,22,22,22,50,50,78,78,89,89,89,103,103,103,202,202,217,227,239,139,156,156,186,186,209,227,227,246,345,355,355,460,460,473,493,493,507,277,309,309,320,372,401,34,65,25,37,37,37],"floor_reached":51,"playtime":2320,"items_purged":["ats:Strike V","ats:Defend","ats:Strike S"],"score":767,"play_id":"b950d60b-5079-4654-80b8-b1225a2aca74","local_time":"20201231113435","is_ascension_mode":false,"campfire_choices":[{"data":"ats:Neurotoxin","floor":7,"key":"SMITH"},{"data":"ats:Emotion Absorption","floor":11,"key":"SMITH"},{"data":"ats:Armor Crushing Shot","floor":15,"key":"SMITH"},{"data":"ats:Ambush","floor":23,"key":"SMITH"},{"data":"ats:Healing Strengthening","floor":25,"key":"SMITH"},{"data":"ats:Directed Diagnosis","floor":28,"key":"SMITH"},{"data":"ats:Poison Spread","floor":32,"key":"SMITH"},{"data":"ats:Part Time Job","floor":41,"key":"SMITH"},{"data":"ats:Thorns","floor":49,"key":"SMITH"}],"circlet_count":0,"master_deck":["ats:Armor Crushing Shot+1","ats:Defend","ats:Defend","ats:Defend","ats:Emotion Absorption+1","ats:Poison Spread","ats:Curse Doll","ats:Poison Spread","ats:Neurotoxin+1","ats:Charging Defense+1","ats:Ambush+1","ats:Shell Defense+1","ats:Powerful Strike","ats:Directed Diagnosis+1","ats:Poison Spread+1","ats:Healing Strengthening+1","ats:Apocalypse+1","ats:Shell Defense+1","ats:Wolf Pack","ats:Revitalization+1","ats:Shadow Assault","ats:Part Time Job+1","ats:Hook Shot+1","ats:Apocalypse+1","ats:Fractured Body+1","ats:Hook Shot+1","Deep Breath+1","ats:Thorns+1","ats:Song Of Battle+1"],"relics":["ats:Sanity","ats:Originium","Orichalcum","Art of War","ats:Industrial Water Cannon","Coffee Dripper","Toxic Egg 2","Nunchaku","Philosopher\u0027s Stone","Ornamental Fan","Dream Catcher","ats:Military Tradition","ats:Hidden Killer","ats:Ability Aura"],"acts_visited":["Exordium","TheCity","TheBeyond"],"potions_floor_usage":[16,47,50],"damage_taken":[{"damage":0.0,"enemies":"2 Louse","floor":1.0,"turns":3.0},{"damage":0.0,"enemies":"Small Slimes","floor":2.0,"turns":3.0},{"damage":27,"enemies":"3 Sentries","floor":6,"turns":7},{"damage":19,"enemies":"Lagavulin","floor":8,"turns":5},{"damage":0,"enemies":"Cultist","floor":10,"turns":3},{"damage":5,"enemies":"2 Fungi Beasts","floor":13,"turns":3},{"damage":7,"enemies":"Slime Boss","floor":16,"turns":6},{"damage":26,"enemies":"3 Byrds","floor":18,"turns":5},{"damage":9,"enemies":"Spheric Guardian","floor":19,"turns":5},{"damage":6,"enemies":"3 Cultists","floor":20,"turns":4},{"damage":0,"enemies":"Cultist and Chosen","floor":22,"turns":4},{"damage":1,"enemies":"Slavers","floor":24,"turns":4},{"damage":1,"enemies":"Snake Plant","floor":27,"turns":3},{"damage":0,"enemies":"Centurion and Healer","floor":29,"turns":5},{"damage":6,"enemies":"Cultist and Chosen","floor":31,"turns":5},{"damage":18,"enemies":"Champ","floor":33,"turns":10},{"damage":0,"enemies":"3 Darklings","floor":35,"turns":5},{"damage":14,"enemies":"Orb Walker","floor":36,"turns":5},{"damage":6,"enemies":"Writhing Mass","floor":38,"turns":6},{"damage":16,"enemies":"Giant Head","floor":40,"turns":10},{"damage":14,"enemies":"Sphere and 2 Shapes","floor":42,"turns":6},{"damage":35,"enemies":"Reptomancer","floor":44,"turns":8},{"damage":26,"enemies":"Nemesis","floor":46,"turns":9},{"damage":0,"enemies":"Transient","floor":48,"turns":5},{"damage":26,"enemies":"Donu and Deca","floor":50,"turns":10}],"seed_played":"2838791859435380684","potions_obtained":[{"floor":6,"key":"SteroidPotion"},{"floor":8,"key":"Weak Potion"},{"floor":16,"key":"Ancient Potion"},{"floor":20,"key":"FearPotion"},{"floor":27,"key":"Swift Potion"},{"floor":31,"key":"Explosive Potion"},{"floor":46,"key":"FairyPotion"},{"floor":47,"key":"Fruit Juice"},{"floor":47,"key":"CultistPotion"},{"floor":48,"key":"PowerPotion"}],"is_trial":false,"path_per_floor":["M","M","$","?","?","E","R","E","T","M","R","?","M","?","R","B",null,"M","M","M","$","M","R","E","R","T","M","R","M","?","M","R","B",null,"M","M","?","M","$","E","R","M","T","E","$","E","?","M","R","B",null],"character_chosen":"DOCTOR_CLASS","items_purchased":["ats:Poison Spread","ats:Part Time Job","ats:Hook Shot+1","ats:Hidden Killer","ats:Hook Shot+1","Deep Breath+1","SkillPotion"],"campfire_rested":0,"item_purchase_floors":[3,39,39,45,45,45,45],"current_hp_per_floor":[72,72,72,65,65,38,38,19,19,19,19,19,14,38,38,31,72,46,40,34,34,39,39,38,38,38,41,41,60,60,66,66,72,72,72,63,63,72,72,72,72,72,72,72,72,72,77,77,77,77],"gold":37,"neow_bonus":"THREE_CARDS","is_daily":false,"chose_seed":false,"campfire_upgraded":9,"win_rate":0.0,"timestamp":1609385675,"path_taken":["M","M","$","?","?","E","R","E","T","?","R","?","?","?","R","BOSS","M","M","M","$","M","R","E","R","T","M","R","M","?","M","R","BOSS","M","M","?","M","$","E","R","M","T","E","$","E","?","M","R","BOSS"],"items_purchased_type":["Card","Card","Card","Relic","Card","Card","Potion"],"build_version":"2020-12-22","purchased_purges":3,"victory":true,"max_hp_per_floor":[72,72,72,72,72,72,72,72,72,72,72,72,72,72,72,72,72,72,72,72,72,72,72,72,72,72,72,72,72,72,72,72,72,72,72,72,72,72,72,72,72,72,72,72,72,72,77,77,77,77],"card_choices":[{"not_picked":["ats:Leaping Hammer","ats:Burning Ground"],"picked":"ats:Poison Spread","floor":0.0},{"not_picked":["ats:Assault Order","ats:Apocalypse"],"picked":"ats:Explosion Area Strengthen","floor":1.0},{"not_picked":["ats:Flame Of Heaven","ats:Spore Proliferation"],"picked":"ats:Curse Doll","floor":2.0},{"not_picked":["ats:Consecutive Shot Auto","ats:Thermite Blade"],"picked":"ats:Neurotoxin","floor":6},{"not_picked":["ats:Automatic Cover","ats:Curse Doll","ats:Beaten Up"],"picked":"SKIP","floor":8},{"not_picked":["ats:Guardian Obelisk","ats:Cat Scratch"],"picked":"ats:Charging Defense","floor":10},{"not_picked":["ats:Explosion Area Strengthen","ats:Childhood Dance","ats:Flexible Camouflage"],"picked":"SKIP","floor":13},{"not_picked":["ats:Durian","ats:Dogmatic Field"],"picked":"ats:Ambush","floor":16},{"not_picked":["ats:Sunburst","ats:Explosion Area Strengthen"],"picked":"ats:Shell Defense+1","floor":18},{"not_picked":["ats:Assault Order","ats:Hammer On"],"picked":"ats:Powerful Strike","floor":19},{"not_picked":["ats:Powerful Strike","ats:Charging Defense"],"picked":"ats:Directed Diagnosis","floor":20},{"not_picked":["ats:Explosion Area Strengthen+1","ats:Revitalization"],"picked":"ats:Poison Spread","floor":22},{"not_picked":["ats:Curse Doll+1","ats:Sword Rain"],"picked":"ats:Healing Strengthening","floor":24},{"not_picked":["ats:Ignite","ats:Poison Spread"],"picked":"ats:Apocalypse+1","floor":27},{"not_picked":["ats:Apocalypse+1","ats:Consecutive Shot Auto+1"],"picked":"ats:Shell Defense+1","floor":29},{"not_picked":["ats:Flexible Camouflage+1","ats:Fractured Body+1","ats:Leaping Hammer"],"picked":"SKIP","floor":31},{"not_picked":["ats:Shadow Assault","ats:Echo Reverb+1"],"picked":"ats:Wolf Pack","floor":33},{"not_picked":["ats:Sword Rain","ats:Magnetic Hammer+1","ats:Poison Spread"],"picked":"SKIP","floor":35},{"not_picked":["ats:Consecutive Shot Auto+1","ats:Childhood Dance+1"],"picked":"ats:Revitalization+1","floor":36},{"not_picked":["ats:Apocalypse+1","ats:Powerful Strike"],"picked":"ats:Shadow Assault","floor":38},{"not_picked":["ats:Childhood Dance+1","ats:Curse Doll+1"],"picked":"ats:Apocalypse+1","floor":40},{"not_picked":["ats:Flexible Camouflage+1","ats:Spore Proliferation+1","ats:Automatic Cover+1"],"picked":"SKIP","floor":42},{"not_picked":["ats:Flexible Camouflage+1","ats:Poison Spread+1"],"picked":"ats:Fractured Body+1","floor":44},{"not_picked":["ats:Flexible Camouflage+1","ats:True Silver Slash"],"picked":"ats:Thorns","floor":46},{"not_picked":["ats:Ignite","ats:Beaten Up+1"],"picked":"ats:Song Of Battle+1","floor":48}],"player_experience":95174,"relics_obtained":[{"floor":6,"key":"ats:Originium"},{"floor":6,"key":"Orichalcum"},{"floor":8,"key":"ats:Originium"},{"floor":8,"key":"Art of War"},{"floor":9,"key":"ats:Industrial Water Cannon"},{"floor":24,"key":"ats:Originium"},{"floor":24,"key":"Toxic Egg 2"},{"floor":26,"key":"Nunchaku"},{"floor":40,"key":"Ornamental Fan"},{"floor":43,"key":"Dream Catcher"},{"floor":44,"key":"ats:Military Tradition"},{"floor":46,"key":"ats:Ability Aura"}],"event_choices":[{"cards_removed":["ats:Strike C"],"damage_healed":0.0,"max_hp_gain":0.0,"max_hp_loss":0.0,"gold_gain":0.0,"event_name":"Golden Wing","player_choice":"Card Removal","floor":4.0,"gold_loss":0.0,"damage_taken":7.0},{"cards_removed":["ats:Strike G"],"damage_healed":0,"gold_gain":0,"player_choice":"Purged","damage_taken":0,"max_hp_gain":0,"max_hp_loss":0,"event_name":"Purifier","floor":5,"gold_loss":0},{"damage_healed":0,"gold_gain":0,"player_choice":"Forge","damage_taken":0,"max_hp_gain":0,"max_hp_loss":0,"event_name":"Accursed Blacksmith","floor":12,"gold_loss":0,"cards_upgraded":["ats:Charging Defense"]},{"damage_healed":24,"gold_gain":0,"player_choice":"Banana","damage_taken":0,"max_hp_gain":0,"max_hp_loss":0,"event_name":"Big Fish","floor":14,"gold_loss":0},{"damage_healed":0,"gold_gain":99,"player_choice":"Stole From Cult","damage_taken":0,"max_hp_gain":0,"max_hp_loss":0,"event_name":"Nest","floor":30,"gold_loss":0},{"cards_removed":["ats:Explosion Area Strengthen"],"damage_healed":0,"gold_gain":0,"player_choice":"Removed Attack","damage_taken":0,"max_hp_gain":0,"max_hp_loss":0,"event_name":"Falling","floor":37,"gold_loss":0},{"damage_healed":0,"gold_gain":0,"player_choice":"Bought 3 Potions","damage_taken":0,"max_hp_gain":0,"max_hp_loss":0,"event_name":"The Woman in Blue","floor":47,"gold_loss":0}],"is_beta":false,"boss_relics":[{"not_picked":["SacredBark","Sozu"],"picked":"Coffee Dripper"},{"not_picked":["Astrolabe","Snecko Eye"],"picked":"Philosopher\u0027s Stone"}],"items_purged_floors":[3,21,39],"is_endless":false,"potions_floor_spawned":[6,8,16,20,27,31,33,38,42,46,48],"ascension_level":0}}