{"host":"Qube","time":1609392076,"event":{"mods":["AchievementEnabler","BaseMod","Colored Map","Colored Powertips","Minty Spire (QoL Compilation)","Quick Restart","Random Character Button","StSLib","The Cursed"],"gold_per_floor":[110,110,128,147,147,191,191,225,525,556,556,556,574,587,587,587,587],"floor_reached":16,"playtime":603,"items_purged":[],"score":204,"play_id":"969f7679-2caa-417b-8314-9d4eb4268dd7","local_time":"20201230212116","is_ascension_mode":true,"campfire_choices":[{"floor":7,"key":"REST"},{"floor":11,"key":"REST"},{"data":"Malaise","floor":15,"key":"SMITH"}],"circlet_count":0,"master_deck":["AscendersBane","Strike_G","Strike_G","Strike_G","Strike_G","Strike_G","Defend_G","Defend_G","Defend_G","Survivor","Neutralize","All Out Attack","Flying Knee","Cloak And Dagger","Dagger Throw","Dodge and Roll","Malaise+1","Masterful Stab","Blur","Slice"],"relics":["Ring of the Snake","NeowsBlessing","Golden Idol","Bird Faced Urn","Ginger","Old Coin","Pear"],"acts_visited":["Exordium"],"potions_floor_usage":[6,14],"damage_taken":[{"damage":0,"enemies":"2 Louse","floor":1,"turns":1},{"damage":0,"enemies":"Cultist","floor":3,"turns":1},{"damage":0,"enemies":"Jaw Worm","floor":4,"turns":1},{"damage":28,"enemies":"Lagavulin","floor":6,"turns":7},{"damage":25,"enemies":"3 Sentries","floor":8,"turns":8},{"damage":21,"enemies":"Gremlin Nob","floor":10,"turns":5},{"damage":4,"enemies":"Blue Slaver","floor":13,"turns":4},{"damage":3,"enemies":"Exordium Thugs","floor":14,"turns":4},{"damage":27,"enemies":"Hexaghost","floor":16,"turns":16}],"seed_played":"-4686850443628797605","potions_obtained":[{"floor":1,"key":"Weak Potion"},{"floor":3,"key":"GamblersBrew"},{"floor":4,"key":"FairyPotion"},{"floor":13,"key":"SkillPotion"}],"is_trial":false,"path_per_floor":["M","?","M","M","?","E","R","E","T","E","R","?","M","M","R","B"],"character_chosen":"THE_SILENT","items_purchased":[],"campfire_rested":2,"item_purchase_floors":[],"current_hp_per_floor":[59,59,59,59,43,15,34,9,9,17,39,39,35,32,32,5,5],"gold":587,"neow_bonus":"THREE_ENEMY_KILL","is_daily":false,"chose_seed":false,"campfire_upgraded":1,"win_rate":0.0,"timestamp":1609392076,"path_taken":["M","?","?","M","?","E","R","E","T","E","R","?","?","M","R","BOSS"],"items_purchased_type":[],"build_version":"2020-12-18","purchased_purges":0,"victory":false,"max_hp_per_floor":[66,66,66,66,66,66,66,66,66,76,76,76,76,76,76,76,76],"card_choices":[{"not_picked":["Eviscerate","Deadly Poison"],"picked":"All Out Attack","floor":1},{"not_picked":["Dagger Throw","Catalyst"],"picked":"Flying Knee","floor":3},{"not_picked":["Deadly Poison","Heel Hook"],"picked":"Cloak And Dagger","floor":4},{"not_picked":["Expertise","Underhanded Strike"],"picked":"Dagger Throw","floor":6},{"not_picked":["Skewer","Backflip"],"picked":"Dodge and Roll","floor":8},{"not_picked":["Dagger Throw","Bane"],"picked":"Malaise","floor":10},{"not_picked":["Backflip","Acrobatics"],"picked":"Blur","floor":13},{"not_picked":["Choke","Accuracy"],"picked":"Slice","floor":14}],"player_experience":744001,"relics_obtained":[{"floor":6,"key":"Bird Faced Urn"},{"floor":8,"key":"Ginger"},{"floor":9,"key":"Old Coin"},{"floor":10,"key":"Pear"}],"event_choices":[{"cards_removed":["Defend_G"],"damage_healed":0,"gold_gain":0,"player_choice":"Offered Basic","damage_taken":0,"max_hp_gain":0,"max_hp_loss":0,"event_name":"Bonfire Elementals","floor":2,"gold_loss":0},{"damage_healed":0,"gold_gain":0,"player_choice":"Take Damage","damage_taken":16,"relics_obtained":["Golden Idol"],"max_hp_gain":0,"max_hp_loss":0,"event_name":"Golden Idol","floor":5,"gold_loss":0},{"damage_healed":0,"gold_gain":0,"cards_transformed":["Defend_G"],"player_choice":"Transformed","damage_taken":0,"max_hp_gain":0,"max_hp_loss":0,"event_name":"Transmorgrifier","floor":12,"gold_loss":0,"cards_obtained":["Masterful Stab"]}],"is_beta":true,"boss_relics":[],"items_purged_floors":[],"is_endless":false,"potions_floor_spawned":[1,3,4,13],"killed_by":"Hexaghost","ascension_level":14}}