{"host":"17xjy7b7ubl548g2","time":1609439439,"event":{"mods":["2.2 Compatiblity","Act Like it!","Aspiration","Astrologer","Bard","BaseMod","Bestiary","Challenge The Spire","ChefMod","Colored Map","Conspire","Elementarium","Energized Spire","GifTheSpireLib","Halation","Hallownest","Hubris","Infinite Spire","Jedi Mod","Jorbs\u0027s Wanderer Trilogy","Marisa（霧雨　魔理沙）","Marked Mod","Minty Spire (QoL Compilation)","Pale of the Ancients","Permanent Neow","Puzzle Mod","Replay The Spire","Robot Space Explorer","Spicy Shops","StSLib","Stuff the Spire","The Blue Laboratory","The Bug Knight","The Construct","The Disciple","The Hayseed","The Hierophant","The Marked","The Runesmith","The Sage"],"gold_per_floor":[364,381,381,381,381,381,407,427,451,477,487,487,487,516,516,618,568,583,598,612,612,626,626,59,59,85,85,105,105,121,156,156,254,254,264,11,21,21,35,64,64,99,99,99,129,215,234,260,260,260,260,260,17,48,48,48],"floor_reached":55,"playtime":4673,"items_purged":["theMarked:Strike","theMarked:Strike","theMarked:Strike","theMarked:Strike","theMarked:Strike"],"score":971,"play_id":"aae30231-5140-46a1-a585-57db185637e6","local_time":"20201231133039","is_ascension_mode":true,"campfire_choices":[{"data":"theMarked:BanishingWave","floor":6.0,"key":"SMITH"},{"floor":13.0,"key":"REST"},{"data":"theMarked:BindingBlade","floor":15.0,"key":"SMITH"},{"data":"theMarked:Electrocute","floor":23.0,"key":"SMITH"},{"data":"theMarked:StartUp","floor":25.0,"key":"SMITH"},{"data":"jedi:LeechingStrike","floor":27.0,"key":"SMITH"},{"data":"jedi:LeechingStrike","floor":32.0,"key":"SMITH"},{"data":"theMarked:Abjuration","floor":41.0,"key":"SMITH"},{"data":"hubris:DuctTapeCard","floor":44.0,"key":"SMITH"},{"floor":49.0,"key":"RECALL"},{"data":"jedi:LeechingStrike","floor":52,"key":"SMITH"}],"circlet_count":0,"master_deck":["theMarked:Defend+1","theMarked:Defend","theMarked:Defend+1","theMarked:SoldierOfQuellstein+1","theMarked:Polarize+1","theMarked:BanishingWave+1","theMarked:ChainLightning","theMarked:Electrocute+1","theMarked:BindingBlade+1","theMarked:TurnInvisible","theMarked:Strike","theMarked:Static+1","theMarked:EmpowerWeapon","theMarked:Parkour","theMarked:RogueSparks+1","theMarked:HeightenedSenses","theMarked:StartUp+1","jedi:LeechingStrike","theMarked:Convert+1","theMarked:DeterminationOfTheMarked+1","theMarked:Abjuration+1","theMarked:HeightenedSenses+1","theMarked:ParalyzingBlade+1","theMarked:SwordAndMagic","theMarked:ContemptForTheProud+1","theMarked:TakeOffHeels","theMarked:ElectricStrings+1","theMarked:Static+1","theMarked:TwofoldDefense","theMarked:SoldierForm","theMarked:Parry+1","hubris:DuctTapeCard"],"relics":["theMarked:ArtifactOfAir","theMarked:Gun","StuffTheSpire:GrapeVine","jedi:cryingmask","infinitespire:Satchel","energizedSpire:HugeHouse","hubris:Potato","ReplayFunnel","halation:EternalFortune","hubris:DuctTape","Coffee Dripper","Orichalcum","Mirror","Boot","MealTicket","infinitespire:EmpoweringShard","Oddly Smooth Stone","StuffTheSpire:OldFever"],"acts_visited":["Exordium","TheCity","TheBeyond","TheEnding"],"potions_floor_usage":[55],"damage_taken":[{"damage":4.0,"enemies":"Jaw Worm","floor":1.0,"turns":5.0},{"damage":0.0,"enemies":"2 Louse","floor":2.0,"turns":3.0},{"damage":0.0,"enemies":"HollowMod:MossKnight","floor":7.0,"turns":3.0},{"damage":0.0,"enemies":"Cultist","floor":8.0,"turns":3.0},{"damage":6.0,"enemies":"Gremlin Nob","floor":10.0,"turns":4.0},{"damage":11.0,"enemies":"Looter","floor":11.0,"turns":2.0},{"damage":7.0,"enemies":"Lagavulin","floor":14.0,"turns":3.0},{"damage":21.0,"enemies":"Hexaghost","floor":16.0,"turns":6.0},{"damage":7.0,"enemies":"Chosen","floor":18.0,"turns":3.0},{"damage":9.0,"enemies":"2 Thieves","floor":19.0,"turns":3.0},{"damage":5.0,"enemies":"Centurion and Healer","floor":20.0,"turns":4.0},{"damage":4.0,"enemies":"Cultist and Chosen","floor":22.0,"turns":3.0},{"damage":6.0,"enemies":"3 Cultists","floor":28.0,"turns":4.0},{"damage":14.0,"enemies":"Centurion and Healer","floor":30.0,"turns":3.0},{"damage":21.0,"enemies":"Gremlin Leader","floor":31.0,"turns":4.0},{"damage":21.0,"enemies":"Automaton","floor":33.0,"turns":7.0},{"damage":14.0,"enemies":"3 Darklings","floor":35.0,"turns":4.0},{"damage":1.0,"enemies":"3 Shapes","floor":37.0,"turns":3.0},{"damage":11.0,"enemies":"Transient","floor":39.0,"turns":5.0},{"damage":19.0,"enemies":"Reptomancer","floor":40.0,"turns":4.0},{"damage":2.0,"enemies":"Giant Head","floor":42.0,"turns":5.0},{"damage":1.0,"enemies":"HollowMod:StalkingDevout","floor":45.0,"turns":4.0},{"damage":4.0,"enemies":"Spire Growth","floor":47.0,"turns":4.0},{"damage":2.0,"enemies":"Giant Head","floor":48.0,"turns":6.0},{"damage":34.0,"enemies":"Time Eater","floor":50.0,"turns":7.0},{"damage":65,"enemies":"Shield and Spear","floor":54,"turns":5},{"damage":12,"enemies":"The Heart","floor":55,"turns":3}],"seed_played":"-5283274267429996412","potions_obtained":[{"floor":7.0,"key":"blueLaboratory:HeartbeatPotion"},{"floor":8.0,"key":"Weak Potion"},{"floor":10.0,"key":"blueLaboratory:LouseDecoction"},{"floor":11.0,"key":"infinitespire:BlackPotion"},{"floor":14.0,"key":"Swift Potion"},{"floor":18.0,"key":"Fire Potion"},{"floor":19.0,"key":"blueLaboratory:BottledHope"},{"floor":22.0,"key":"BlessingOfTheForge"},{"floor":33.0,"key":"Block Potion"},{"floor":39.0,"key":"Swift Potion"},{"floor":40.0,"key":"jedi:wingpotion"},{"floor":45.0,"key":"blueLaboratory:HorrorPotion"},{"floor":48.0,"key":"theMarked:SummonPotion"},{"floor":54,"key":"construct:ShiftPotion"}],"is_trial":false,"path_per_floor":["M","M","?","?","T","R","E","M","T","E","M","?","R","E","R","B",null,"M","M","M","?","M","R","$","R","T","R","M","?","M","E","R","B",null,"M","$","M","?","M","E","R","E","T","R","E","?","M","E","R","B",null,"R","$","E","B"],"character_chosen":"THE_DEFAULT","items_purchased":["hubris:Potato","theMarked:StartUp","jedi:LeechingStrike","Orichalcum","Oddly Smooth Stone"],"campfire_rested":1,"item_purchase_floors":[24,24,24,36,53],"current_hp_per_floor":[45,45,45,31,31,31,31,31,31,25,14,14,35,28,28,7,65,58,49,44,44,40,40,40,40,40,40,45,48,52,42,42,39,71,68,68,70,70,60,53,53,69,69,69,71,54,50,71,71,37,71,71,71,22,10,10],"gold":48,"neow_bonus":"TWO_FIFTY_GOLD","is_daily":false,"chose_seed":false,"campfire_upgraded":9,"win_rate":0.0,"timestamp":1609439439,"path_taken":["M","M","?","?","?","R","E","?","T","E","M","?","R","E","R","BOSS","M","M","M","?","?","R","$","R","T","R","M","?","M","E","R","BOSS","M","$","M","?","M","E","R","E","T","R","E","?","M","E","R","BOSS","R","$","E","BOSS"],"items_purchased_type":["Relic","Card","Card","Relic","Relic"],"build_version":"2020-12-22","purchased_purges":5,"victory":false,"max_hp_per_floor":[70,70,70,70,70,70,70,70,70,70,70,70,70,70,70,70,65,65,65,65,65,65,65,65,65,65,65,65,68,71,71,71,71,71,71,71,71,71,71,71,71,71,71,71,71,71,71,71,71,71,71,71,71,71,71,71],"card_choices":[{"not_picked":["theMarked:Seal","theMarked:Indomitable"],"picked":"theMarked:Polarize","floor":1.0},{"not_picked":["theMarked:ResourceFulStrike","theMarked:HeritageOfTheMarked"],"picked":"theMarked:BanishingWave","floor":2.0},{"not_picked":["theMarked:RepellingDischarge","theMarked:SwordAndMagic"],"picked":"theMarked:EmpowerWeapon","floor":7.0},{"not_picked":["theMarked:Parkour","theMarked:Aftermath"],"picked":"theMarked:ChainLightning","floor":8.0},{"not_picked":["theMarked:ResourceFulStrike","theMarked:DeterminationOfTheMarked"],"picked":"theMarked:Electrocute","floor":10.0},{"not_picked":["theMarked:HeightenedSenses","theMarked:ChainLightning"],"picked":"theMarked:BindingBlade","floor":11.0},{"not_picked":["theMarked:ReduceFriction","theMarked:ResourceFulStrike"],"picked":"theMarked:WardOff","floor":14.0},{"not_picked":["theMarked:MagicAdept","theMarked:UnarmedFury"],"picked":"theMarked:TurnInvisible","floor":16.0},{"not_picked":["theMarked:ElectricStrings","theMarked:Overthink"],"picked":"theMarked:EmpowerWeapon","floor":18.0},{"not_picked":["theMarked:GodGivenPower","theMarked:Aftermath"],"picked":"theMarked:Parkour","floor":19.0},{"not_picked":["theMarked:WastefulAttack","theMarked:ParalyzingBlade"],"picked":"theMarked:RogueSparks+1","floor":20.0},{"not_picked":["theMarked:Parkour+1","theMarked:GodGivenPower"],"picked":"theMarked:HeightenedSenses","floor":22.0},{"not_picked":["theMarked:Parkour","theMarked:EmpowerWeapon"],"picked":"theMarked:Convert+1","floor":28.0},{"not_picked":["theMarked:Aftermath","theMarked:EmpowerWeapon"],"picked":"theMarked:DeterminationOfTheMarked+1","floor":30.0},{"not_picked":["theMarked:ResourceFulStrike","theMarked:EmpowerWeapon"],"picked":"theMarked:BanishingStrike","floor":31.0},{"not_picked":["theMarked:MuscleMemory","theMarked:Vacuum"],"picked":"theMarked:Abjuration","floor":33.0},{"not_picked":["theMarked:ElectricStrings+1","theMarked:Opportunist+1"],"picked":"theMarked:HeightenedSenses+1","floor":35.0},{"not_picked":["theMarked:WastefulDefense","theMarked:BanishingStrike"],"picked":"theMarked:ParalyzingBlade+1","floor":37.0},{"not_picked":["theMarked:Indomitable","theMarked:DeterminationOfTheMarked"],"picked":"theMarked:SwordAndMagic","floor":39.0},{"not_picked":["theMarked:TakeCover+1","theMarked:RogueSparks"],"picked":"theMarked:ContemptForTheProud+1","floor":40.0},{"not_picked":["theMarked:Aftermath+1","theMarked:EmpowerWeapon"],"picked":"theMarked:TakeOffHeels","floor":42.0},{"not_picked":["theMarked:RepellingDischarge+1","theMarked:WastefulDefense"],"picked":"theMarked:ElectricStrings+1","floor":45.0},{"not_picked":["theMarked:ParalyzingBlade+1","theMarked:Improvise"],"picked":"theMarked:Static+1","floor":46.0},{"not_picked":["theMarked:Standoff","theMarked:Aftermath"],"picked":"theMarked:TwofoldDefense","floor":46.0},{"not_picked":["theMarked:ChainLightning","theMarked:EnhanceMovement"],"picked":"theMarked:SoldierForm","floor":47.0},{"not_picked":["theMarked:SwordAndMagic","theMarked:Static"],"picked":"theMarked:Parry+1","floor":48.0},{"not_picked":["theMarked:PowerFlow+1","theMarked:Parry","theMarked:Improvise"],"picked":"SKIP","floor":54}],"player_experience":1610535,"relics_obtained":[{"floor":5.0,"key":"theMarked:Gun"},{"floor":9.0,"key":"StuffTheSpire:GrapeVine"},{"floor":10.0,"key":"jedi:cryingmask"},{"floor":14.0,"key":"infinitespire:Satchel"},{"floor":26.0,"key":"ReplayFunnel"},{"floor":30.0,"key":"halation:EternalFortune"},{"floor":31.0,"key":"hubris:DuctTape"},{"floor":40.0,"key":"Mirror"},{"floor":42.0,"key":"Boot"},{"floor":45.0,"key":"MealTicket"},{"floor":48.0,"key":"infinitespire:EmpoweringShard"},{"floor":54,"key":"StuffTheSpire:OldFever"}],"event_choices":[{"damage_healed":0.0,"max_hp_gain":0.0,"max_hp_loss":0.0,"gold_gain":0.0,"event_name":"Shining Light","player_choice":"Entered Light","floor":4.0,"gold_loss":0.0,"damage_taken":14.0,"cards_upgraded":["theMarked:Defend","theMarked:Defend"]},{"damage_healed":0.0,"max_hp_gain":0.0,"max_hp_loss":0.0,"gold_gain":0.0,"event_name":"Upgrade Shrine","player_choice":"Upgraded","floor":12.0,"gold_loss":0.0,"damage_taken":0.0,"cards_upgraded":["theMarked:Polarize"]},{"damage_healed":0.0,"max_hp_gain":0.0,"max_hp_loss":0.0,"gold_gain":0.0,"event_name":"Accursed Blacksmith","player_choice":"Forge","floor":21.0,"gold_loss":0.0,"damage_taken":0.0,"cards_upgraded":["theMarked:Static"]},{"cards_removed":["theMarked:Defend"],"damage_healed":0.0,"max_hp_gain":0.0,"max_hp_loss":0.0,"gold_gain":0.0,"event_name":"Falling","player_choice":"Removed Skill","floor":38.0,"gold_loss":0.0,"damage_taken":0.0}],"is_beta":false,"boss_relics":[{"not_picked":["aspiration:FutureDiary","StuffTheSpire:Kangaroo"],"picked":"energizedSpire:HugeHouse"},{"not_picked":["conspire:RoyalGoblet","halation:CatFaceCupcake"],"picked":"Coffee Dripper"}],"items_purged_floors":[24,24,24,36,53],"is_endless":false,"potions_floor_spawned":[7,8,10,11,14,18,19,22,33,39,40,45,48,54],"killed_by":"The Heart","ascension_level":3}}