{"host":"pq168dofzzbbmuuf","time":1609423511,"event":{"mods":["BaseMod","Downfall","Friendly Minions","Minty Spire (QoL Compilation)","StSLib"],"gold_per_floor":[99,99,112,122,135,153,177,188,25,25,10,29,57,70,82,82,82],"floor_reached":16,"playtime":1120,"items_purged":[],"score":106,"play_id":"de3f052f-6985-4f5f-a897-fcf888b7d889","local_time":"20201231090511","is_ascension_mode":false,"campfire_choices":[{"data":"sneckomod:SnekBite","floor":1,"key":"SMITH"},{"floor":10,"key":"REST"}],"circlet_count":0,"master_deck":["sneckomod:Strike","sneckomod:Strike","sneckomod:Strike","sneckomod:Defend","sneckomod:Defend","sneckomod:Defend","sneckomod:TailWhip","sneckomod:SnekBite+1","sneckomod:Unknown","sneckomod:Unknown","sneckomod:UnknownStrike","sneckomod:UnknownUncommonPower","sneckomod:Nope","sneckomod:IronFang","sneckomod:UnknownRarePower","sneckomod:Unknown2Cost","sneckomod:IronFang","Turbo","Bloodletting","Flying Knee"],"relics":["sneckomod:SneckoSoul","Akabeko","PrismaticShard","MealTicket"],"acts_visited":["Exordium"],"potions_floor_usage":[11,13,13,14,16],"damage_taken":[{"damage":6,"enemies":"2 Louse","floor":3,"turns":3},{"damage":0,"enemies":"Cultist","floor":4,"turns":3},{"damage":11,"enemies":"Jaw Worm","floor":5,"turns":3},{"damage":0,"enemies":"3 Louse","floor":6,"turns":3},{"damage":9,"enemies":"Gremlin Gang","floor":8,"turns":5},{"damage":5,"enemies":"downfall:FleeingMerchant","floor":9,"turns":4},{"damage":5,"enemies":"downfall:FleeingMerchant","floor":11,"turns":4},{"damage":9,"enemies":"Blue Slaver","floor":12,"turns":4},{"damage":9,"enemies":"3 Sentries","floor":13,"turns":4},{"damage":0,"enemies":"Exordium Wildlife","floor":14,"turns":2},{"damage":21,"enemies":"Lots of Slimes","floor":15,"turns":4},{"damage":79,"enemies":"downfall:Defect","floor":16,"turns":6}],"seed_played":"4718279457319733321","potions_obtained":[{"floor":5,"key":"Dexterity Potion"},{"floor":8,"key":"DistilledChaos"},{"floor":12,"key":"SkillPotion"},{"floor":13,"key":"Energy Potion"},{"floor":15,"key":"Regen Potion"}],"is_trial":false,"path_per_floor":["R","?","M","M","M","M","T","M","$","R","$","M","E","M","M","B"],"character_chosen":"THE_SNECKO","items_purchased":["PrismaticShard"],"campfire_rested":1,"item_purchase_floors":[9],"current_hp_per_floor":[99,99,94,95,84,84,84,76,72,102,97,90,81,81,62,0,0],"gold":82,"neow_bonus":"TEN_PERCENT_HP_BONUS","is_daily":false,"chose_seed":false,"campfire_upgraded":1,"win_rate":0.0,"timestamp":1609423511,"path_taken":["R","?","M","M","M","M","T","?","$","R","$","M","E","M","M","BOSS"],"items_purchased_type":["Relic"],"build_version":"2020-12-22","purchased_purges":0,"victory":false,"max_hp_per_floor":[99,99,100,101,101,101,101,102,103,103,103,103,103,103,103,103,103],"card_choices":[{"not_picked":["sneckomod:ImprovisedAttack","sneckomod:UnknownCommonSkill"],"picked":"sneckomod:UnknownStrike","floor":3},{"not_picked":["sneckomod:IronFang","sneckomod:UnknownStrike"],"picked":"sneckomod:UnknownUncommonPower","floor":4},{"not_picked":["sneckomod:UnknownWeak","sneckomod:DiceBlock"],"picked":"sneckomod:Nope","floor":5},{"not_picked":["sneckomod:ImprovisedGuard","sneckomod:SerpentIdol"],"picked":"sneckomod:IronFang","floor":6},{"not_picked":["sneckomod:UnknownCommonAttack","sneckomod:UnknownEthereal"],"picked":"sneckomod:UnknownRarePower","floor":8},{"not_picked":["sneckomod:UnknownBlock","sneckomod:QuickMove"],"picked":"sneckomod:Unknown2Cost","floor":9},{"not_picked":["Acrobatics","Slimebound:GrowthPunch"],"picked":"sneckomod:IronFang","floor":11},{"not_picked":["Clothesline","sneckomod:SnekBeam"],"picked":"Turbo","floor":12},{"not_picked":["Slimebound:PressTheAttack","Tactician","Gash"],"picked":"SKIP","floor":13},{"not_picked":["Slimebound:Overexert","Escape Plan"],"picked":"Bloodletting","floor":14},{"not_picked":["Go for the Eyes","hexamod:Incineration"],"picked":"Flying Knee","floor":15}],"player_experience":579680,"relics_obtained":[{"floor":7,"key":"Akabeko"},{"floor":13,"key":"MealTicket"}],"event_choices":[{"damage_healed":0,"gold_gain":0,"player_choice":"Ignored","damage_taken":0,"max_hp_gain":0,"max_hp_loss":0,"event_name":"Transmorgrifier","floor":2,"gold_loss":0}],"is_beta":false,"boss_relics":[],"items_purged_floors":[],"is_endless":false,"potions_floor_spawned":[5,8,12,13,15],"killed_by":"downfall:Defect","ascension_level":0}}