{"host":"pf47v7h0307523iy","time":1609448090,"event":{"mods":["BaseMod","Minty Spire (QoL Compilation)"],"gold_per_floor":[110,110,66,80,80,105,105,24,24,24,24,54,54,83,83,83,83],"floor_reached":16,"playtime":1558,"items_purged":[],"score":278,"play_id":"9f9d9f7e-016b-4ccf-b79b-717834d53069","local_time":"20201231225450","is_ascension_mode":true,"campfire_choices":[{"data":"Footwork","floor":7.0,"key":"SMITH"},{"data":"Crippling Poison","floor":15,"key":"SMITH"}],"circlet_count":0,"master_deck":["AscendersBane","Strike_G","Strike_G","Strike_G","Defend_G","Defend_G","Defend_G","Defend_G","Defend_G","Survivor","Neutralize","Blade Dance","Footwork+1","PiercingWail","Wraith Form v2","Bouncing Flask","Escape Plan","Flying Knee","Crippling Poison+1"],"relics":["Ring of the Snake","NeowsBlessing","Nunchaku","Mercury Hourglass","Darkstone Periapt","Pantograph"],"acts_visited":["Exordium"],"potions_floor_usage":[14,16],"damage_taken":[{"damage":0.0,"enemies":"Small Slimes","floor":1.0,"turns":1.0},{"damage":0.0,"enemies":"Cultist","floor":4.0,"turns":1.0},{"damage":0.0,"enemies":"3 Sentries","floor":6.0,"turns":2.0},{"damage":14.0,"enemies":"Lagavulin","floor":12.0,"turns":7.0},{"damage":10,"enemies":"Gremlin Nob","floor":14,"turns":3},{"damage":65,"enemies":"Slime Boss","floor":16,"turns":9}],"seed_played":"-4014965571411674247","potions_obtained":[{"floor":1.0,"key":"FearPotion"},{"floor":14,"key":"Swift Potion"}],"is_trial":false,"path_per_floor":["M","?","$","M","$","E","R","$","T","$","?","E","?","E","R","B"],"character_chosen":"THE_SILENT","items_purchased":["Footwork","Bouncing Flask"],"campfire_rested":0,"item_purchase_floors":[3,8],"current_hp_per_floor":[59,59,59,59,59,59,59,59,59,59,59,45,45,35,35,0,0],"gold":83,"neow_bonus":"THREE_ENEMY_KILL","is_daily":false,"chose_seed":false,"campfire_upgraded":2,"win_rate":0.0,"timestamp":1609448090,"path_taken":["M","?","?","M","$","E","R","$","T","?","?","E","?","E","R","BOSS"],"items_purchased_type":["Card","Card"],"build_version":"2020-12-22","purchased_purges":0,"victory":false,"max_hp_per_floor":[66,66,66,66,66,66,66,66,66,66,66,66,66,66,66,66,66],"card_choices":[{"not_picked":["Flechettes","Underhanded Strike","Slice"],"picked":"SKIP","floor":1.0},{"not_picked":["Underhanded Strike","Sucker Punch"],"picked":"PiercingWail","floor":4.0},{"not_picked":["Eviscerate","Well Laid Plans"],"picked":"Wraith Form v2","floor":6.0},{"not_picked":["Infinite Blades","Deadly Poison"],"picked":"Escape Plan","floor":12.0},{"not_picked":["Bouncing Flask","Underhanded Strike"],"picked":"Crippling Poison","floor":14}],"player_experience":1562207,"relics_obtained":[{"floor":6.0,"key":"Nunchaku"},{"floor":9.0,"key":"Mercury Hourglass"},{"floor":12.0,"key":"Darkstone Periapt"},{"floor":14,"key":"Pantograph"}],"event_choices":[{"damage_healed":0.0,"max_hp_gain":0.0,"max_hp_loss":0.0,"gold_gain":0.0,"cards_transformed":["Strike_G"],"event_name":"Transmorgrifier","player_choice":"Transformed","floor":2.0,"gold_loss":0.0,"damage_taken":0.0,"cards_obtained":["Blade Dance"]},{"damage_healed":0.0,"max_hp_gain":0.0,"max_hp_loss":0.0,"gold_gain":0.0,"event_name":"Liars Game","player_choice":"Ignored","floor":11.0,"gold_loss":0.0,"damage_taken":0.0},{"damage_healed":0.0,"max_hp_gain":0.0,"max_hp_loss":0.0,"gold_gain":0.0,"cards_transformed":["Strike_G"],"event_name":"Living Wall","player_choice":"Change","floor":13.0,"gold_loss":0.0,"damage_taken":0.0,"cards_obtained":["Flying Knee"]}],"is_beta":false,"boss_relics":[],"items_purged_floors":[],"is_endless":false,"potions_floor_spawned":[1,14],"killed_by":"Slime Boss","ascension_level":20}}