{"host":"m3herrhkesxm9ooc","time":1609400999,"event":{"mods":["BaseMod","Hermit","Minty Spire (QoL Compilation)","StSLib","The Hierophant"],"gold_per_floor":[112,112,123,123,148,184,184,202,279,279,313,337,350,1,1,1,1],"floor_reached":16,"playtime":742,"items_purged":[],"score":207,"play_id":"10eb2e87-12fb-449f-b078-d358fa5da8ea","local_time":"20201231164959","is_ascension_mode":true,"campfire_choices":[{"floor":7,"key":"REST"},{"floor":15,"key":"REST"}],"circlet_count":0,"master_deck":["AscendersBane","hermit:Strike_Hermit","hermit:Strike_Hermit","hermit:Strike_Hermit","hermit:Strike_Hermit","hermit:Defend_Hermit","hermit:Defend_Hermit","hermit:Defend_Hermit","hermit:Defend_Hermit","hermit:Snapshot","hermit:Covet","hermit:LowProfile","Regret","hermit:Ricochet","Injury","hermit:WideOpen","hermit:LuckOfTheDraw","hermit:Glare","hermit:GoldenBullet","hermit:GoldenBullet","hermit:ItchyTrigger","hermit:Determination+1"],"relics":["hermit:Momento","NeowsBlessing","hermit:RedScarf","Golden Idol","Omamori","Frozen Egg 2","Pear","Gremlin Horn"],"acts_visited":["Exordium"],"potions_floor_usage":[6,11],"damage_taken":[{"damage":0,"enemies":"Small Slimes","floor":1,"turns":1},{"damage":0,"enemies":"2 Louse","floor":3,"turns":1},{"damage":0,"enemies":"Cultist","floor":5,"turns":1},{"damage":20,"enemies":"Lagavulin","floor":6,"turns":3},{"damage":26,"enemies":"Exordium Thugs","floor":8,"turns":5},{"damage":16,"enemies":"Gremlin Nob","floor":11,"turns":4},{"damage":26,"enemies":"Lots of Slimes","floor":12,"turns":5},{"damage":15,"enemies":"Gremlin Gang","floor":13,"turns":6},{"damage":10,"enemies":"The Guardian","floor":16,"turns":4}],"seed_played":"885519851516018063","potions_obtained":[{"floor":5,"key":"ColorlessPotion"},{"floor":8,"key":"DistilledChaos"},{"floor":13,"key":"SpeedPotion"}],"is_trial":false,"path_per_floor":["M","?","M","?","M","E","R","M","T","?","E","M","M","$","R","B"],"character_chosen":"HERMIT","items_purchased":["Gremlin Horn","hermit:Determination+1"],"campfire_rested":2,"item_purchase_floors":[14,14],"current_hp_per_floor":[64,64,64,64,64,44,65,39,39,71,65,39,24,24,48,38,38],"gold":1,"neow_bonus":"THREE_ENEMY_KILL","is_daily":false,"chose_seed":false,"campfire_upgraded":0,"win_rate":0.0,"timestamp":1609400999,"path_taken":["M","?","M","?","M","E","R","M","T","?","E","?","M","$","R","BOSS"],"items_purchased_type":["Relic","Card"],"build_version":"2020-12-22","purchased_purges":0,"victory":false,"max_hp_per_floor":[71,71,71,71,71,71,71,71,71,71,81,81,81,81,81,81,81],"card_choices":[{"not_picked":["hermit:Quickdraw","hermit:LuckOfTheDraw"],"picked":"hermit:LowProfile","floor":1},{"not_picked":["hermit:Feint","hermit:SprayPray"],"picked":"hermit:Ricochet","floor":3},{"not_picked":["hermit:Horror","hermit:Spite"],"picked":"hermit:WideOpen","floor":5},{"not_picked":["hermit:Feint","hermit:EyeOfTheStorm"],"picked":"hermit:LuckOfTheDraw","floor":6},{"not_picked":["hermit:ItchyTrigger","hermit:WideOpen"],"picked":"hermit:Glare","floor":8},{"not_picked":["hermit:Magnum","hermit:Quickdraw"],"picked":"hermit:GoldenBullet","floor":11},{"not_picked":["hermit:TrackingShot","hermit:Manifest"],"picked":"hermit:GoldenBullet","floor":12},{"not_picked":["hermit:LowProfile","hermit:Dive"],"picked":"hermit:ItchyTrigger","floor":13}],"player_experience":667529,"relics_obtained":[{"floor":6,"key":"Omamori"},{"floor":9,"key":"Frozen Egg 2"},{"floor":11,"key":"Pear"}],"event_choices":[{"damage_healed":0,"gold_gain":0,"player_choice":"Box","damage_taken":0,"relics_obtained":["hermit:RedScarf"],"max_hp_gain":0,"max_hp_loss":0,"event_name":"Big Fish","floor":2,"gold_loss":0,"cards_obtained":["Regret"]},{"damage_healed":0,"gold_gain":0,"player_choice":"Take Wound","damage_taken":0,"relics_obtained":["Golden Idol"],"max_hp_gain":0,"max_hp_loss":0,"event_name":"Golden Idol","floor":4,"gold_loss":0,"cards_obtained":["Injury"]},{"damage_healed":32,"gold_gain":0,"player_choice":"Full Heal","damage_taken":0,"max_hp_gain":0,"max_hp_loss":0,"event_name":"Wheel of Change","floor":10,"gold_loss":0}],"is_beta":false,"boss_relics":[],"items_purged_floors":[],"is_endless":false,"potions_floor_spawned":[5,8,13],"killed_by":"The Guardian","ascension_level":17}}