{"host":"czzthkrvfe6r7fjf","time":1609409421,"event":{"mods":["ATMod(∞¢Ë™Mod)","Act Like it!","BaseMod","Downfall","GungeonMod","Marisa£®ÏF”Í°°ƒß¿Ì…≥£©","Minty Spire (QoL Compilation)","Quick Restart","StSLib","The Servant 0.9.4","Waifu the Spire","°æπ¶ƒ‹Mod°øªÏ„Á÷Æª∑–ﬁ∏¥≤π∂°"],"gold_per_floor":[117,117,40,63,74,106,106,106,154,186,230,242,264,291,303,389,401,399,427,439,451,477,489,489],"floor_reached":23,"playtime":750,"items_purged":[],"score":407,"play_id":"917a6ac4-247e-40c4-9cc0-17c2379de5de","local_time":"20201231181021","is_ascension_mode":true,"campfire_choices":[{"data":"Tactician","floor":8.0,"key":"SMITH"},{"data":"AT_FamilyPortrait","floor":15,"key":"SMITH"}],"circlet_count":0,"master_deck":["AscendersBane","Strike_G","Strike_G","Strike_G","Strike_G","Strike_G","Defend_G","Defend_G","Defend_G","Defend_G","Defend_G","Survivor","Neutralize","AT_FamilyPortrait+1","Underhanded Strike","Venomology","Deflect","Acrobatics","Slice","Deflect","Tactician+1","AT_WindFlip","Prepared","AT_Desolate","Deflect","Bullet Time","Underhanded Strike","Writhe"],"relics":["Ring of the Snake","AT_ATBox","NeowsBlessing","Centennial Puzzle","Happy Flower","MawBank","Ancient Tea Set","HoveringKite","Smiling Mask"],"acts_visited":["Exordium","TheCity"],"potions_floor_usage":[14,16,16,19,22,22],"damage_taken":[{"damage":0.0,"enemies":"Cultist","floor":1.0,"turns":1.0},{"damage":0.0,"enemies":"Jaw Worm","floor":5.0,"turns":1.0},{"damage":0.0,"enemies":"Lagavulin","floor":6.0,"turns":1.0},{"damage":0.0,"enemies":"Small Slimes","floor":10.0,"turns":1.0},{"damage":1.0,"enemies":"Gremlin Nob","floor":11.0,"turns":3.0},{"damage":1.0,"enemies":"Exordium Thugs","floor":13.0,"turns":4.0},{"damage":9,"enemies":"Blue Slaver","floor":14,"turns":2},{"damage":29,"enemies":"Hexaghost","floor":16,"turns":10},{"damage":11,"enemies":"2 Thieves","floor":18,"turns":4},{"damage":7,"enemies":"Shell Parasite","floor":19,"turns":5},{"damage":7,"enemies":"Snecko","floor":22,"turns":4},{"damage":52,"enemies":"Book of Stabbing","floor":23,"turns":4}],"seed_played":"-5810749075953871532","potions_obtained":[{"floor":5.0,"key":"CunningPotion"},{"floor":11.0,"key":"BlessingOfTheForge"}],"is_trial":false,"path_per_floor":["M","?","$","T","M","E","?","R","T","M","E","$","M","M","R","B",null,"M","M","?","?","M","E"],"character_chosen":"THE_SILENT","items_purchased":["Acrobatics","Slice"],"campfire_rested":0,"item_purchase_floors":[3,3],"current_hp_per_floor":[59,59,59,59,59,59,50,50,50,50,49,49,48,39,39,10,52,41,34,34,34,27,0,0],"gold":489,"neow_bonus":"THREE_ENEMY_KILL","is_daily":false,"chose_seed":false,"campfire_upgraded":2,"win_rate":0.0,"timestamp":1609409421,"path_taken":["M","?","$","?","?","E","?","R","T","?","E","?","M","?","R","BOSS","M","M","?","?","?","E"],"items_purchased_type":["Card","Card"],"build_version":"2020-12-22","purchased_purges":0,"victory":false,"max_hp_per_floor":[66,66,66,66,66,66,66,66,66,66,66,66,66,66,66,66,66,66,66,66,66,66,66,66],"card_choices":[{"not_picked":["AT_ArcaneSupremacy","Sucker Punch"],"picked":"Underhanded Strike","floor":1.0},{"not_picked":["AT_TinkerSharpsword","Predator"],"picked":"Deflect","floor":5.0},{"not_picked":["Well Laid Plans","Glass Knife"],"picked":"Tactician","floor":6.0},{"not_picked":["Endless Agony","Expertise"],"picked":"AT_WindFlip","floor":10.0},{"not_picked":["Choke","Bane"],"picked":"Prepared","floor":11.0},{"not_picked":["Dagger Throw","Prepared"],"picked":"AT_Desolate","floor":13.0},{"not_picked":["Poisoned Stab","Finisher"],"picked":"Deflect","floor":14},{"not_picked":["Malaise","Envenom"],"picked":"Bullet Time","floor":16},{"not_picked":["Poisoned Stab","Bane+1","Outmaneuver"],"picked":"SKIP","floor":18},{"not_picked":["Poisoned Stab","Deadly Poison"],"picked":"Underhanded Strike","floor":19},{"not_picked":["Leg Sweep","Deflect","Doppelganger"],"picked":"SKIP","floor":22}],"player_experience":490628,"relics_obtained":[{"floor":4.0,"key":"Centennial Puzzle"},{"floor":6.0,"key":"Happy Flower"},{"floor":9.0,"key":"MawBank"},{"floor":11.0,"key":"Ancient Tea Set"}],"event_choices":[{"damage_healed":0.0,"max_hp_gain":0.0,"max_hp_loss":0.0,"gold_gain":0.0,"event_name":"Match and Keep!","player_choice":"2 cards matched","floor":2.0,"gold_loss":0.0,"damage_taken":0.0,"cards_obtained":["Venomology","Deflect"]},{"damage_healed":0.0,"max_hp_gain":0.0,"max_hp_loss":0.0,"gold_gain":0.0,"event_name":"Wheel of Change","player_choice":"Damaged","floor":7.0,"gold_loss":0.0,"damage_taken":9.0},{"damage_healed":0,"gold_gain":0,"player_choice":"Ignored","damage_taken":0,"max_hp_gain":0,"max_hp_loss":0,"event_name":"Ghosts","floor":20,"gold_loss":0},{"damage_healed":0,"gold_gain":0,"player_choice":"Opened","damage_taken":0,"relics_obtained":["Smiling Mask"],"max_hp_gain":0,"max_hp_loss":0,"event_name":"The Mausoleum","floor":21,"gold_loss":0,"cards_obtained":["Writhe"]}],"is_beta":false,"boss_relics":[{"not_picked":["WristBlade","Sozu"],"picked":"HoveringKite"}],"items_purged_floors":[],"is_endless":false,"potions_floor_spawned":[5,6,11,18,19],"killed_by":"Book of Stabbing","ascension_level":16}}