{"host":"hc10rxcp314e8b64","time":1609411916,"event":{"mods":["AchievementEnabler","Act Like it!","BaseMod","BetterRewards","Downfall","Hallownest","Hermit","Jorbs\u0027s Wanderer Trilogy","Minty Spire (QoL Compilation)","Rare Cards Sparkle","Replay The Spire","Shop Mod","StSLib","The Bug Knight","The Construct","The Cursed","The Hierophant","The Jungle","The Runesmith"],"gold_per_floor":[114,114,114,131,150,182,214,242,242],"floor_reached":8,"playtime":669,"items_purged":[],"score":216,"play_id":"70826a28-970f-4aa5-a2c5-0c7a2fe5bf6d","local_time":"20201231185156","daily_mods":["Hoarder","Vintage","Heirloom"],"is_ascension_mode":false,"campfire_choices":[],"circlet_count":0,"master_deck":["TheCursedMod:Strike_TheCursed","TheCursedMod:Strike_TheCursed","TheCursedMod:Strike_TheCursed","TheCursedMod:Strike_TheCursed","TheCursedMod:Defend_TheCursed","TheCursedMod:Defend_TheCursed","TheCursedMod:Defend_TheCursed","TheCursedMod:Defend_TheCursed","TheCursedMod:CursedWand","TheCursedMod:CleanUpWorkshop","TheCursedMod:Dregs","TheCursedMod:ShockAndAwe","TheCursedMod:ShockAndAwe","TheCursedMod:ShockAndAwe","TheCursedMod:SmokeScreen","TheCursedMod:SmokeScreen","TheCursedMod:SmokeScreen","Regret","Regret","Regret","TheCursedMod:CursedStaff","TheCursedMod:CursedStaff","TheCursedMod:CursedStaff","ReplayTheSpireMod:Splinters","ReplayTheSpireMod:Splinters","ReplayTheSpireMod:Splinters"],"relics":["TheCursedMod:BlackMagic101","replay:Trail_Library","Replay:Towering Pillar of Hats","Juzu Bracelet","Bag of Preparation","Replay:Rubber Ducky","Replay:Arrowhead","Pondfish Scales","Pocketwatch","Lantern"],"acts_visited":["Exordium"],"potions_floor_usage":[8],"damage_taken":[{"damage":0,"enemies":"2 Louse","floor":1,"turns":2},{"damage":0,"enemies":"Cultist","floor":4,"turns":2},{"damage":12,"enemies":"Small Slimes","floor":5,"turns":3},{"damage":5,"enemies":"3 Sentries","floor":6,"turns":9},{"damage":39,"enemies":"Gremlin Nob","floor":8,"turns":4}],"seed_played":"2498362757855671213","potions_obtained":[{"floor":1,"key":"Weak Potion"},{"floor":6,"key":"Adrenaline Potion"}],"is_trial":true,"path_per_floor":["M","?","?","M","M","E","?","E"],"character_chosen":"THE_CURSED","items_purchased":[],"campfire_rested":0,"item_purchase_floors":[],"current_hp_per_floor":[75,75,75,75,63,58,58,19,19],"gold":242,"neow_bonus":"","is_daily":false,"chose_seed":false,"campfire_upgraded":0,"win_rate":0.0,"timestamp":1609411916,"path_taken":["M","?","?","M","M","E","?","E"],"items_purchased_type":[],"build_version":"2020-12-22","purchased_purges":0,"victory":false,"max_hp_per_floor":[75,75,75,75,75,75,75,75,75],"card_choices":[{"not_picked":["TheCursedMod:Torture","TheCursedMod:VitalStrike"],"picked":"TheCursedMod:CursedStaff","floor":6}],"player_experience":120128,"relics_obtained":[{"floor":1,"key":"Juzu Bracelet"},{"floor":4,"key":"Replay:Rubber Ducky"},{"floor":5,"key":"Replay:Arrowhead"},{"floor":6,"key":"Pondfish Scales"},{"floor":7,"key":"Pocketwatch"},{"floor":8,"key":"Lantern"}],"event_choices":[{"damage_healed":0,"gold_gain":0,"player_choice":"2 cards matched","damage_taken":0,"max_hp_gain":0,"max_hp_loss":0,"event_name":"Match and Keep!","floor":2,"gold_loss":0,"cards_obtained":["TheCursedMod:ShockAndAwe","TheCursedMod:SmokeScreen"]},{"damage_healed":0,"gold_gain":0,"player_choice":"Box","damage_taken":0,"relics_obtained":["Bag of Preparation"],"max_hp_gain":0,"max_hp_loss":0,"event_name":"Big Fish","floor":3,"gold_loss":0,"cards_obtained":["Regret"]}],"is_beta":false,"boss_relics":[],"items_purged_floors":[],"is_endless":true,"potions_floor_spawned":[1,6],"killed_by":"Gremlin Nob","ascension_level":0}}