{"host":"FirstDane","time":1609386114,"event":{"mods":["BaseMod","Bestiary","Highlight Path","Minty Spire (QoL Compilation)","Relic Stats","Slay the Relics Exporter"],"gold_per_floor":[114,130,149,149,167,200,200,200,200,243,261,261,286,306,306,402,402,418,225,246,262,262,262,295,314,314,327,327,22,22,36,36,114,114,125,125,144,170,42,42,57,84,110,110,122,150,162,116,116,116,116,116],"floor_reached":51,"playtime":6622,"items_purged":["Strike_B","Strike_B+1"],"score":1432,"play_id":"60cadc5d-23fc-4303-a1b2-f6b4a3ea8ced","local_time":"20201230214154","is_ascension_mode":true,"campfire_choices":[{"floor":7,"key":"REST"},{"floor":12,"key":"REST"},{"data":"Coolheaded","floor":15,"key":"SMITH"},{"floor":23,"key":"REST"},{"data":"Defragment","floor":30,"key":"SMITH"},{"data":"Capacitor","floor":32,"key":"SMITH"},{"floor":40,"key":"RECALL"},{"data":"Rainbow","floor":44,"key":"SMITH"},{"floor":49,"key":"REST"}],"circlet_count":0,"master_deck":["AscendersBane","Strike_B+1","Strike_B+1","Defend_B+1","Defend_B+1","Defend_B+1","Defend_B+1","Zap","Dualcast","Genetic Algorithm","Ball Lightning","Static Discharge","Ball Lightning","Doom and Gloom","Auto Shields","Coolheaded+1","Seek","CurseOfTheBell","Cold Snap+1","Barrage","Rainbow+1","Chill","Defragment+1","Capacitor+1","Hologram","Rebound+1","Glacier","Capacitor","Compile Driver+1"],"relics":["Velvet Choker","Bag of Marbles","Bloody Idol","Bag of Preparation","The Courier","Calling Bell","Regal Pillow","Sundial","FossilizedHelix","Akabeko","Molten Egg 2","Bottled Flame","Frozen Eye","SlaversCollar","OrangePellets","Toy Ornithopter","Dream Catcher","Question Card"],"acts_visited":["Exordium","TheCity","TheBeyond"],"potions_floor_usage":[6,18,20,24,33,42,47,50,50],"damage_taken":[{"damage":1,"enemies":"Small Slimes","floor":1,"turns":4},{"damage":13,"enemies":"2 Louse","floor":2,"turns":4},{"damage":2,"enemies":"Jaw Worm","floor":3,"turns":3},{"damage":8,"enemies":"Blue Slaver","floor":5,"turns":3},{"damage":34,"enemies":"Gremlin Nob","floor":6,"turns":4},{"damage":21,"enemies":"3 Sentries","floor":10,"turns":4},{"damage":0,"enemies":"Looter","floor":11,"turns":2},{"damage":0,"enemies":"Red Slaver","floor":13,"turns":3},{"damage":10,"enemies":"Exordium Thugs","floor":14,"turns":4},{"damage":11,"enemies":"Hexaghost","floor":16,"turns":8},{"damage":12,"enemies":"3 Byrds","floor":18,"turns":4},{"damage":0,"enemies":"Spheric Guardian","floor":20,"turns":4},{"damage":23,"enemies":"Shelled Parasite and Fungi","floor":21,"turns":4},{"damage":0,"enemies":"Slavers","floor":24,"turns":3},{"damage":0,"enemies":"Snecko","floor":25,"turns":4},{"damage":0,"enemies":"Centurion and Healer","floor":27,"turns":5},{"damage":0,"enemies":"Snake Plant","floor":31,"turns":3},{"damage":27,"enemies":"Automaton","floor":33,"turns":12},{"damage":0,"enemies":"Orb Walker","floor":35,"turns":3},{"damage":0,"enemies":"3 Shapes","floor":37,"turns":3},{"damage":8,"enemies":"Writhing Mass","floor":41,"turns":8},{"damage":8,"enemies":"Nemesis","floor":42,"turns":7},{"damage":0,"enemies":"Sphere and 2 Shapes","floor":45,"turns":7},{"damage":47,"enemies":"Reptomancer","floor":46,"turns":7},{"damage":3,"enemies":"Maw","floor":47,"turns":9},{"damage":34,"enemies":"Awakened One","floor":50,"turns":21},{"damage":45,"enemies":"Time Eater","floor":51,"turns":6}],"seed_played":"7860872792835409096","potions_obtained":[{"floor":3,"key":"Strength Potion"},{"floor":5,"key":"Dexterity Potion"},{"floor":10,"key":"Fire Potion"},{"floor":11,"key":"SteroidPotion"},{"floor":18,"key":"Swift Potion"},{"floor":24,"key":"Energy Potion"},{"floor":27,"key":"Dexterity Potion"},{"floor":41,"key":"Dexterity Potion"},{"floor":45,"key":"Ancient Potion"},{"floor":46,"key":"Weak Potion"}],"is_trial":false,"path_per_floor":["M","M","M","?","M","E","R","?","T","E","M","R","M","M","R","B",null,"M","$","M","M","?","R","E","M","T","M","?","$","R","M","R","B",null,"M","?","M","T","$","R","M","E","T","R","M","E","M","$","R","B","B"],"character_chosen":"DEFECT","items_purchased":["Akabeko","Capacitor","Hologram","Frozen Eye","OrangePellets","FocusPotion"],"campfire_rested":4,"item_purchase_floors":[19,29,29,29,39,48],"current_hp_per_floor":[63,50,48,48,40,6,27,27,27,6,6,25,25,15,15,4,49,37,37,37,14,14,48,48,48,48,48,48,48,48,53,53,31,56,61,52,57,62,62,62,59,56,61,61,64,22,29,29,63,35,0,0],"gold":116,"neow_bonus":"BOSS_RELIC","is_daily":false,"chose_seed":false,"campfire_upgraded":4,"win_rate":0.0,"timestamp":1609386114,"path_taken":["M","M","M","?","M","E","R","?","T","E","?","R","M","M","R","BOSS","M","$","M","M","?","R","E","M","T","M","?","$","R","M","R","BOSS","M","?","?","?","?","R","M","E","T","R","M","E","M","$","R","BOSS","BOSS"],"items_purchased_type":["Relic","Card","Card","Relic","Relic","Potion"],"build_version":"2020-12-18","purchased_purges":2,"victory":false,"max_hp_per_floor":[71,71,71,71,71,71,71,64,64,64,64,64,64,64,64,64,64,64,64,64,64,64,64,64,64,64,64,64,64,64,64,64,64,64,64,64,64,64,64,64,64,64,64,64,64,64,64,64,64,64,64,64],"relic_stats":{"OrangePellets":[3],"Regal Pillow":30,"Dream Catcher":1,"counters":[27,149],"Sundial":[14],"Bloody Idol":53,"Bag of Preparation":[44],"Question Card":2,"obtain_stats":[{"Regal Pillow":17,"Golden Idol":8,"Velvet Choker":0,"The Courier":10,"Bag of Preparation":9,"Question Card":46,"Akabeko":19,"Calling Bell":17,"Frozen Eye":29,"SlaversCollar":34,"OrangePellets":39,"Bottled Flame":26,"Dream Catcher":43,"Sundial":17,"Bloody Idol":28,"Molten Egg 2":24,"Bag of Marbles":6,"Cracked Core":0,"FossilizedHelix":17,"Toy Ornithopter":42},{"Regal Pillow":10,"Golden Idol":5,"Velvet Choker":0,"The Courier":6,"Bag of Preparation":5,"Question Card":24,"Akabeko":11,"Calling Bell":10,"Frozen Eye":16,"SlaversCollar":18,"OrangePellets":20,"Bottled Flame":15,"Dream Catcher":22,"Sundial":10,"Bloody Idol":16,"Molten Egg 2":14,"Bag of Marbles":5,"Cracked Core":0,"FossilizedHelix":10,"Toy Ornithopter":22},{"Regal Pillow":39,"Golden Idol":18,"Velvet Choker":0,"The Courier":22,"Bag of Preparation":18,"Question Card":113,"Akabeko":43,"Calling Bell":39,"Frozen Eye":63,"SlaversCollar":78,"OrangePellets":84,"Bottled Flame":58,"Dream Catcher":99,"Sundial":39,"Bloody Idol":63,"Molten Egg 2":54,"Bag of Marbles":18,"Cracked Core":0,"FossilizedHelix":39,"Toy Ornithopter":99}],"Toy Ornithopter":11},"card_choices":[{"not_picked":["Gash","Heatsinks"],"picked":"Genetic Algorithm","floor":1},{"not_picked":["Hologram","Auto Shields"],"picked":"Ball Lightning","floor":2},{"not_picked":["Turbo","Consume"],"picked":"Static Discharge","floor":3},{"not_picked":["Chaos","Barrage"],"picked":"Ball Lightning","floor":5},{"not_picked":["Beam Cell","Recycle"],"picked":"Doom and Gloom","floor":6},{"not_picked":["Rip and Tear","Go for the Eyes"],"picked":"Auto Shields","floor":10},{"not_picked":["Conserve Battery","Ball Lightning","Sweeping Beam"],"picked":"SKIP","floor":11},{"not_picked":["Turbo","White Noise","Compile Driver"],"picked":"SKIP","floor":13},{"not_picked":["Turbo","Redo"],"picked":"Coolheaded","floor":14},{"not_picked":["All For One","Thunder Strike"],"picked":"Seek","floor":16},{"not_picked":["Gash","Reprogram"],"picked":"Cold Snap+1","floor":18},{"not_picked":["FTL","Go for the Eyes","Ball Lightning"],"picked":"SKIP","floor":20},{"not_picked":["Gash","Heatsinks"],"picked":"Barrage","floor":21},{"not_picked":["Leap","Static Discharge"],"picked":"Rainbow","floor":24},{"not_picked":["Darkness","Rip and Tear+1"],"picked":"Chill","floor":25},{"not_picked":["Genetic Algorithm","Capacitor"],"picked":"Defragment","floor":27},{"not_picked":["Barrage+1","Sweeping Beam+1"],"picked":"Rebound+1","floor":31},{"not_picked":["Auto Shields","Heatsinks+1","Turbo"],"picked":"SKIP","floor":35},{"not_picked":["Redo+1","Blizzard+1","Cold Snap+1"],"picked":"SKIP","floor":37},{"not_picked":["Cold Snap+1","Ball Lightning+1","Heatsinks"],"picked":"SKIP","floor":41},{"not_picked":["Genetic Algorithm","Conserve Battery"],"picked":"Glacier","floor":42},{"not_picked":["Storm","Scrape+1","Force Field"],"picked":"SKIP","floor":45},{"not_picked":["Scrape+1","Cold Snap+1"],"picked":"Capacitor","floor":46},{"not_picked":["Streamline+1","Doom and Gloom+1","Cold Snap+1","Redo"],"picked":"SKIP","floor":47},{"not_picked":["Redo","Cold Snap+1","Core Surge+1"],"picked":"Compile Driver+1","floor":49}],"player_experience":3813351,"relics_obtained":[{"floor":6,"key":"Bag of Marbles"},{"floor":9,"key":"Bag of Preparation"},{"floor":10,"key":"The Courier"},{"floor":17,"key":"Regal Pillow"},{"floor":17,"key":"Sundial"},{"floor":17,"key":"FossilizedHelix"},{"floor":24,"key":"Molten Egg 2"},{"floor":26,"key":"Bottled Flame"},{"floor":42,"key":"Toy Ornithopter"},{"floor":43,"key":"Dream Catcher"},{"floor":46,"key":"Question Card"}],"event_choices":[{"damage_healed":0,"gold_gain":0,"player_choice":"Ignored","damage_taken":0,"max_hp_gain":0,"max_hp_loss":0,"event_name":"Liars Game","floor":4,"gold_loss":0},{"damage_healed":0,"gold_gain":0,"player_choice":"Lose Max HP","damage_taken":0,"relics_obtained":["Golden Idol"],"max_hp_gain":0,"max_hp_loss":7,"event_name":"Golden Idol","floor":8,"gold_loss":0},{"damage_healed":0,"gold_gain":0,"player_choice":"Simplicity","damage_taken":0,"max_hp_gain":0,"max_hp_loss":0,"event_name":"Back to Basics","floor":22,"gold_loss":0,"cards_upgraded":["Strike_B","Strike_B","Strike_B","Defend_B","Defend_B","Defend_B","Defend_B"]},{"damage_healed":0,"gold_gain":0,"player_choice":"Gave Idol","damage_taken":0,"relics_obtained":["Bloody Idol"],"max_hp_gain":0,"max_hp_loss":0,"event_name":"Forgotten Altar","floor":28,"relics_lost":["Golden Idol"],"gold_loss":0},{"damage_healed":0,"gold_gain":0,"player_choice":"Damaged","damage_taken":9,"max_hp_gain":0,"max_hp_loss":0,"event_name":"Wheel of Change","floor":36,"gold_loss":0}],"is_beta":true,"boss_relics":[{"not_picked":["Black Star","SacredBark"],"picked":"Calling Bell"},{"not_picked":["Coffee Dripper","Empty Cage"],"picked":"SlaversCollar"}],"items_purged_floors":[19,29],"is_endless":false,"potions_floor_spawned":[3,5,10,11,18,24,27,41,45,46],"killed_by":"Time Eater","ascension_level":20}}