{"host":"h1l2j95f0ioyx0nx","time":1609389686,"event":{"mods":["AchievementEnabler","BaseMod","BetterRewards","Gold Saver","Minty Spire (QoL Compilation)","Permanent Neow","Quick Restart","Replay The Spire","Shop Mod","Spicy Shops","StSLib","The Cursed","The Dragon Tamer","The Hierophant","The Poker Player","The Runesmith"],"gold_per_floor":[1418,1431,319,332,312,312,330,347,347,347,368,368,126,126,126,257,257,282,64,82,122,122,122,145,145,195,219,63,106,130,156,156,156,156],"floor_reached":33,"playtime":2468,"items_purged":["Amnesia","Clumsy"],"score":283,"play_id":"28c49090-58cb-4523-90e5-a612d7864789","local_time":"20201231134126","is_ascension_mode":true,"campfire_choices":[{"floor":6,"key":"RECALL"},{"floor":12,"key":"REST"},{"floor":15,"key":"REST"},{"floor":23,"key":"REST"},{"floor":25,"key":"REST"},{"floor":32,"key":"REST"}],"circlet_count":0,"master_deck":["Strike_B+1","Strike_B+1","Strike_B+1","Strike_B+1","Defend_B+1","Defend_B+1","Defend_B+1","Defend_B+1","Zap","Dualcast+1","Consume","Cold Snap","Capacitor","Magnetism+1","Conserve Battery","Ball Lightning","ReplayGash","All For One+1","Storm","Amplify","Beam Cell+1","Static Discharge","Ball Lightning+1","Loop+1","Aggregate","Coolheaded","Storm"],"relics":["Cracked Core","ReplayTheSpireMod:CursedCoin","Replay:Frozen Program","MerchantsRug","Bronze Scales","Cables","Golden Idol","Replay:Baseball","Ring of Chaos","Guide Book","Red Mask","Toolbox","Strawberry","Ancient Tea Set"],"acts_visited":["Exordium","TheCity"],"potions_floor_usage":[11,11,16,16,27],"damage_taken":[{"damage":3,"enemies":"Small Slimes","floor":1,"turns":3},{"damage":1,"enemies":"Cultist","floor":2,"turns":3},{"damage":11,"enemies":"2 Louse","floor":4,"turns":3},{"damage":15,"enemies":"Large Slime","floor":7,"turns":5},{"damage":14,"enemies":"Exordium Wildlife","floor":8,"turns":3},{"damage":5,"enemies":"Exordium Thugs","floor":11,"turns":3},{"damage":4,"enemies":"The Guardian","floor":16,"turns":7},{"damage":8,"enemies":"3 Byrds","floor":18,"turns":3},{"damage":11,"enemies":"Chosen","floor":20,"turns":4},{"damage":35,"enemies":"Masked Bandits","floor":21,"turns":4},{"damage":17,"enemies":"Snecko","floor":24,"turns":3},{"damage":14,"enemies":"Snake Plant","floor":27,"turns":3},{"damage":21,"enemies":"Replay:Snechameleon","floor":29,"turns":3},{"damage":12,"enemies":"Sentry and Sphere","floor":30,"turns":4},{"damage":74,"enemies":"Automaton","floor":33,"turns":6}],"seed_played":"296731366403629974","potions_obtained":[{"floor":2,"key":"Ancient Potion"},{"floor":5,"key":"Fire Potion"},{"floor":7,"key":"EssenceOfSteel"},{"floor":11,"key":"Dexterity Potion"},{"floor":24,"key":"Block Potion"}],"is_trial":false,"path_per_floor":["M","M","$","M","?","R","M","M","T","?","M","R","$","?","R","B",null,"M","$","M","?","?","R","M","R","T","M","$","E","M","T","R","B"],"character_chosen":"DEFECT","items_purchased":["ReplayTheSpireMod:CursedCoin","Capacitor","Magnetism","Replay:Frozen Program","MerchantsRug","Bronze Scales","Storm","Replay:Baseball","Guide Book","Static Discharge","Toolbox"],"campfire_rested":5,"item_purchase_floors":[3,3,3,3,3,3,13,13,19,19,28],"current_hp_per_floor":[72,71,71,60,60,60,45,31,31,13,8,30,30,35,59,55,80,72,72,61,26,26,50,33,57,57,43,43,29,17,17,43,0,0],"gold":156,"neow_bonus":"RANDOM_EVENT","is_daily":false,"chose_seed":false,"campfire_upgraded":0,"win_rate":0.0,"timestamp":1609389686,"path_taken":["M","M","$","M","?","R","M","?","T","?","M","R","$","?","R","BOSS","M","$","M","?","?","R","M","R","T","?","$","E","?","?","R","BOSS"],"items_purchased_type":["Relic","Card","Card","Relic","Relic","Relic","Card","Relic","Relic","Card","Relic"],"build_version":"2020-12-22","purchased_purges":2,"victory":false,"max_hp_per_floor":[75,75,75,75,75,75,75,75,75,75,75,75,75,80,80,80,80,80,80,80,80,80,80,80,80,80,80,80,87,87,87,87,87,87],"card_choices":[{"not_picked":["Panic Button","Rebound"],"picked":"Consume","floor":1},{"not_picked":["Turbo","BasicCrystalCard"],"picked":"Cold Snap","floor":2},{"not_picked":["Go for the Eyes","Lockon"],"picked":"Conserve Battery","floor":4},{"not_picked":["Rebound","ReplayTheSpireMod:Repulse"],"picked":"Ball Lightning","floor":7},{"not_picked":["Coolheaded","Streamline"],"picked":"ReplayGash","floor":8},{"not_picked":["ReplayTheSpireMod:Calculation Training","Gash"],"picked":"All For One","floor":11},{"not_picked":["All For One","Buffer"],"picked":"Amplify","floor":16},{"not_picked":["Coolheaded","Ball Lightning+1"],"picked":"Beam Cell+1","floor":18},{"not_picked":["Panic Button","Redo"],"picked":"Ball Lightning+1","floor":20},{"not_picked":["Doom and Gloom","Scrape"],"picked":"Loop+1","floor":21},{"not_picked":["Rebound","Go for the Eyes","Cold Snap"],"picked":"SKIP","floor":24},{"not_picked":["Redo","FIFO Queue"],"picked":"Aggregate","floor":27},{"not_picked":["BasicCrystalCard","Leap"],"picked":"Coolheaded","floor":29},{"not_picked":["Barrage","Rip and Tear"],"picked":"Storm","floor":30}],"player_experience":121508,"relics_obtained":[{"floor":9,"key":"Cables"},{"floor":21,"key":"Red Mask"},{"floor":29,"key":"Strawberry"},{"floor":31,"key":"Ancient Tea Set"}],"event_choices":[{"damage_healed":0,"gold_gain":0,"player_choice":"Bought 1 Potion","damage_taken":0,"max_hp_gain":0,"max_hp_loss":0,"event_name":"The Woman in Blue","floor":5,"gold_loss":0},{"damage_healed":0,"gold_gain":0,"player_choice":"Take Damage","damage_taken":18,"relics_obtained":["Golden Idol"],"max_hp_gain":0,"max_hp_loss":0,"event_name":"Golden Idol","floor":10,"gold_loss":0},{"damage_healed":0,"gold_gain":0,"player_choice":"Donut","damage_taken":0,"max_hp_gain":5,"max_hp_loss":0,"event_name":"Big Fish","floor":14,"gold_loss":0},{"damage_healed":0,"gold_gain":0,"player_choice":"Fought Bandits","damage_taken":0,"max_hp_gain":0,"max_hp_loss":0,"event_name":"Masked Bandits","floor":21,"gold_loss":0},{"damage_healed":0,"gold_gain":0,"player_choice":"Simplicity","damage_taken":0,"max_hp_gain":0,"max_hp_loss":0,"event_name":"Back to Basics","floor":22,"gold_loss":0,"cards_upgraded":["Strike_B","Strike_B","Strike_B","Strike_B","Defend_B","Defend_B","Defend_B","Defend_B"]}],"is_beta":false,"boss_relics":[{"not_picked":["SacredBark","FrozenCore"],"picked":"Ring of Chaos"}],"items_purged_floors":[3,13],"is_endless":false,"potions_floor_spawned":[2,7,11,24],"killed_by":"Automaton","ascension_level":2}}