{"host":"k4t1rqzyfa1bjnq8","time":1609444968,"event":{"mods":["BaseMod","Colored Powertips","Downfall","Minty Spire (QoL Compilation)","StSLib","The Cursed","The Jungle","The Servant 0.9.4"],"gold_per_floor":[114,114,131,19,37,66,66,98,179,192,192,202,237,278,278,392,392,417,417,445,473,500,500,500],"floor_reached":23,"playtime":7649,"items_purged":[],"score":234,"play_id":"0d2d7a32-f7ff-4d71-bc26-92ec08d8a0d6","local_time":"20201231220248","is_ascension_mode":true,"campfire_choices":[{"floor":7.0,"key":"RECALL"},{"floor":11,"key":"REST"},{"floor":15,"key":"REST"}],"circlet_count":0,"master_deck":["TheCursedMod:Strike_TheCursed","TheCursedMod:Strike_TheCursed","TheCursedMod:Strike_TheCursed","TheCursedMod:Strike_TheCursed","TheCursedMod:Defend_TheCursed","TheCursedMod:Defend_TheCursed","TheCursedMod:Defend_TheCursed","TheCursedMod:Defend_TheCursed","TheCursedMod:CursedWand","TheCursedMod:CleanUpWorkshop","TheCursedMod:Dregs","TheCursedMod:RapidMovement","TheCursedMod:Obscuration","Jack Of All Trades","TheCursedMod:CursedAmulet","TheCursedMod:SoulCrush","TheCursedMod:CursedShiv","TheCursedMod:Hemoplague","TheCursedMod:CircleOfCorruption","TheCursedMod:CursedAmulet","TheCursedMod:ForbiddenAlchemy","TheCursedMod:SpitefulStrike","TheCursedMod:DemonSword","TheCursedMod:SoulCrush+1","TheCursedMod:SoulReap","TheCursedMod:VitalStrike+1","TheCursedMod:RavingStaff+1"],"relics":["TheCursedMod:BlackMagic101","WingedGreaves","TheCursedMod:Tack","CeramicFish","Juzu Bracelet","TheCursedMod:FourLeafCloverCharm"],"acts_visited":["Exordium","TheCity"],"potions_floor_usage":[13,14,16,18,18,21,22,23],"damage_taken":[{"damage":0.0,"enemies":"Cultist","floor":1.0,"turns":5.0},{"damage":0.0,"enemies":"Small Slimes","floor":3.0,"turns":6.0},{"damage":7.0,"enemies":"Jaw Worm","floor":5.0,"turns":9.0},{"damage":14.0,"enemies":"3 Sentries","floor":6.0,"turns":11.0},{"damage":46.0,"enemies":"Lagavulin","floor":8.0,"turns":15.0},{"damage":13.0,"enemies":"Lots of Slimes","floor":10.0,"turns":3.0},{"damage":0,"enemies":"2 Fungi Beasts","floor":12,"turns":4},{"damage":9,"enemies":"3 Sentries","floor":13,"turns":9},{"damage":6,"enemies":"Lagavulin","floor":14,"turns":7},{"damage":28,"enemies":"The Guardian","floor":16,"turns":10},{"damage":3,"enemies":"Chosen","floor":18,"turns":7},{"damage":0,"enemies":"3 Byrds","floor":20,"turns":3},{"damage":17,"enemies":"Snake Plant","floor":21,"turns":3},{"damage":10,"enemies":"Cultist and Chosen","floor":22,"turns":7},{"damage":66,"enemies":"Gremlin Leader","floor":23,"turns":9}],"seed_played":"3823250902604184766","potions_obtained":[{"floor":1.0,"key":"hexamod:EctoCoolerPotion"},{"floor":5.0,"key":"Regen Potion"},{"floor":8.0,"key":"hexamod:EctoCoolerPotion"},{"floor":12,"key":"AttackPotion"},{"floor":20,"key":"champ:CounterPotion"},{"floor":21,"key":"GamblersBrew"},{"floor":22,"key":"Strength Potion"}],"is_trial":false,"path_per_floor":["M","?","M","$","M","E","R","E","T","M","R","M","E","E","R","B",null,"M","?","M","M","M","E"],"character_chosen":"THE_CURSED","items_purchased":["Jack Of All Trades","TheCursedMod:CursedAmulet"],"campfire_rested":2,"item_purchase_floors":[4,4],"current_hp_per_floor":[82,82,82,82,75,61,61,30,30,17,41,41,32,26,50,22,82,79,79,79,62,57,0,0],"gold":500,"neow_bonus":"TEN_PERCENT_HP_BONUS","is_daily":false,"chose_seed":false,"campfire_upgraded":0,"win_rate":0.0,"timestamp":1609444968,"path_taken":["M","?","M","$","M","E","R","E","T","M","R","M","E","E","R","BOSS","M","?","M","M","M","E"],"items_purchased_type":["Card","Card"],"build_version":"2020-12-22","purchased_purges":0,"victory":false,"max_hp_per_floor":[82,82,82,82,82,82,82,82,82,82,82,82,82,82,82,82,82,82,82,82,82,82,82,82],"card_choices":[{"not_picked":["TheCursedMod:ReleasedKnowledge","TheCursedMod:Wield"],"picked":"TheCursedMod:RapidMovement","floor":1.0},{"not_picked":["TheCursedMod:TacticalStrike","TheCursedMod:BlessingInDisguise"],"picked":"TheCursedMod:Obscuration","floor":3.0},{"not_picked":["TheCursedMod:Torture","TheCursedMod:WearCloak"],"picked":"TheCursedMod:SoulCrush","floor":5.0},{"not_picked":["TheCursedMod:Stigma","TheCursedMod:CursedAmulet"],"picked":"TheCursedMod:CursedShiv","floor":6.0},{"not_picked":["TheCursedMod:AntiAging","TheCursedMod:ReleasedStrength"],"picked":"TheCursedMod:Hemoplague","floor":8.0},{"not_picked":["TheCursedMod:CircleOfAmplification","TheCursedMod:CursedShiv"],"picked":"TheCursedMod:CircleOfCorruption","floor":10},{"not_picked":["TheCursedMod:Obscuration","TheCursedMod:VitalStrike"],"picked":"TheCursedMod:CursedAmulet","floor":12},{"not_picked":["TheCursedMod:RavingStaff","TheCursedMod:CircleOfFlame"],"picked":"TheCursedMod:ForbiddenAlchemy","floor":13},{"not_picked":["TheCursedMod:FleshFromBone","TheCursedMod:AshesToAshes"],"picked":"TheCursedMod:SpitefulStrike","floor":14},{"not_picked":["TheCursedMod:ParallelWorld","TheCursedMod:StunningStrike"],"picked":"TheCursedMod:DemonSword","floor":16},{"not_picked":["TheCursedMod:VitalStrike","TheCursedMod:CircleOfCorruption"],"picked":"TheCursedMod:SoulCrush+1","floor":18},{"not_picked":["TheCursedMod:ReleasedKnowledge","TheCursedMod:CursedStaff"],"picked":"TheCursedMod:SoulReap","floor":20},{"not_picked":["TheCursedMod:CursedBoomerang","TheCursedMod:SpitefulPlan"],"picked":"TheCursedMod:VitalStrike+1","floor":21},{"not_picked":["TheCursedMod:SoulCrush","TheCursedMod:CursedShiv"],"picked":"TheCursedMod:RavingStaff+1","floor":22}],"player_experience":1073070,"relics_obtained":[{"floor":6.0,"key":"WingedGreaves"},{"floor":8.0,"key":"TheCursedMod:Tack"},{"floor":13,"key":"CeramicFish"},{"floor":14,"key":"Juzu Bracelet"}],"event_choices":[{"damage_healed":0.0,"max_hp_gain":0.0,"max_hp_loss":0.0,"gold_gain":0.0,"event_name":"Shining Light","player_choice":"Ignored","floor":2.0,"gold_loss":0.0,"damage_taken":0.0},{"damage_healed":0,"gold_gain":0,"player_choice":"Ignored","damage_taken":0,"max_hp_gain":0,"max_hp_loss":0,"event_name":"Beggar","floor":19,"gold_loss":0}],"is_beta":false,"boss_relics":[{"not_picked":["Tiny House","Velvet Choker"],"picked":"TheCursedMod:FourLeafCloverCharm"}],"items_purged_floors":[],"is_endless":false,"potions_floor_spawned":[1,5,8,12,20,21,22],"killed_by":"Gremlin Leader","ascension_level":1}}