{"host":"yfdtuf6ojcxn06xg","time":1609402839,"event":{"mods":["2.2 Compatiblity","AchievementEnabler","BaseMod","Colored Map","Colored Powertips","Downfall","Hermit","JesterMod","Jorbs\u0027s Wanderer Trilogy","Minty Spire (QoL Compilation)","Quick Restart","Rare Cards Sparkle","Relic Stats","Replay The Spire","StSLib","The Cursed","The Disciple","The Hierophant","The Jungle","The Necromancer","The Servant 0.9.4"],"gold_per_floor":[113,113,157,175,188,219,219,219,242,256,275,275,308,308,308,411,411,425,8,8,27,27,55,55,80,80,95,95,107,107,120,120,120,120],"floor_reached":33,"playtime":1908,"items_purged":["hermit:Strike_Hermit"],"score":336,"play_id":"cba9af46-d5bc-4014-9ac3-399d57fde210","local_time":"20201231032039","is_ascension_mode":true,"campfire_choices":[{"floor":24,"key":"REST"},{"floor":30,"key":"DIG"},{"floor":32,"key":"DIG"}],"circlet_count":0,"master_deck":["hermit:Strike_Hermit","hermit:Strike_Hermit","hermit:Defend_Hermit","hermit:Defend_Hermit","hermit:Defend_Hermit","hermit:Snapshot","hermit:Covet","hermit:Snipe+1","ReplayTheSpireMod:Splinters","hermit:Dive","hermit:TrackingShot","hermit:Enervate+1","hermit:Deadeye","hermit:FlashPowder","hermit:OverwhelmingPower","hermit:Horror","expansioncontent:QuickStudy","hermit:Snipe","expansioncontent:DarkVoid","Violence","hermit:FlashPowder","J.A.X.","hermit:Deadeye","hermit:GhostlyPresence","hermit:ItchyTrigger","Replay:SS_forest_6","hermit:SprayPray+1","hermit:Coalescence+1"],"relics":["hermit:Momento","NeowsBlessing","Replay:Multitool","HornCleat","Ancient Tea Set","Happy Flower","Honey Jar","ReplayTheSpireMod:ShopPack","Centennial Puzzle","Peace Pipe","Pear","Blue Doll","Bottled Flame"],"acts_visited":["Exordium","TheCity"],"potions_floor_usage":[6,6,13,16,25,29,33,33,33],"damage_taken":[{"damage":0,"enemies":"Small Slimes","floor":1,"turns":1},{"damage":0,"enemies":"Jaw Worm","floor":4,"turns":1},{"damage":0,"enemies":"Cultist","floor":5,"turns":1},{"damage":13,"enemies":"Gremlin Nob","floor":6,"turns":4},{"damage":5,"enemies":"Exordium Thugs","floor":10,"turns":3},{"damage":0,"enemies":"2 Fungi Beasts","floor":11,"turns":3},{"damage":16,"enemies":"3 Sentries","floor":13,"turns":7},{"damage":27,"enemies":"Hexaghost","floor":16,"turns":11},{"damage":10,"enemies":"2 Thieves","floor":18,"turns":4},{"damage":11,"enemies":"Shell Parasite","floor":21,"turns":5},{"damage":27,"enemies":"Slavers","floor":23,"turns":3},{"damage":8,"enemies":"Gremlin Leader","floor":25,"turns":4},{"damage":7,"enemies":"3 Cultists","floor":27,"turns":4},{"damage":11,"enemies":"Snecko","floor":29,"turns":5},{"damage":13,"enemies":"Centurion and Healer","floor":31,"turns":4},{"damage":56,"enemies":"Automaton","floor":33,"turns":6}],"seed_played":"-2873642770702539575","potions_obtained":[{"floor":3,"key":"Doom Potion"},{"floor":3,"key":"Elixir"},{"floor":3,"key":"FearPotion"},{"floor":4,"key":"Flashbang"},{"floor":10,"key":"Strength Potion"},{"floor":13,"key":"Languid Potion"},{"floor":23,"key":"DistilledChaos"},{"floor":25,"key":"CultistPotion"},{"floor":27,"key":"CultistPotion"},{"floor":31,"key":"champ:CounterPotion"}],"is_trial":false,"path_per_floor":["M","?","?","M","M","E","T","?","T","M","M","R","E","?","R","B",null,"M","$","?","M","?","E","R","E","T","M","?","M","R","M","R","B"],"character_chosen":"HERMIT","items_purchased":["ReplayTheSpireMod:ShopPack","expansioncontent:QuickStudy","hermit:Snipe"],"campfire_rested":1,"item_purchase_floors":[19,19,19],"current_hp_per_floor":[75,68,68,68,68,55,55,55,55,50,50,72,56,56,75,48,75,65,65,65,54,54,27,49,41,51,44,44,41,41,36,36,0,0],"gold":120,"neow_bonus":"THREE_ENEMY_KILL","is_daily":false,"chose_seed":false,"campfire_upgraded":0,"win_rate":0.0,"timestamp":1609402839,"path_taken":["M","?","?","?","M","E","?","?","T","?","M","R","E","?","R","BOSS","M","$","?","M","?","E","R","E","T","M","?","?","R","M","R","BOSS"],"items_purchased_type":["Relic","Card","Card"],"build_version":"2020-12-22","purchased_purges":1,"victory":false,"max_hp_per_floor":[75,75,75,75,75,75,75,75,75,75,75,75,75,75,75,75,75,75,75,75,75,75,75,75,75,85,85,85,85,85,85,85,85,85],"relic_stats":{"Peace Pipe":0,"Centennial Puzzle":[15],"Happy Flower":[15],"counters":[16,66],"obtain_stats":[{"Pear":26,"NeowsBlessing":0,"Happy Flower":13,"Blue Doll":30,"Replay:Multitool":6,"Ancient Tea Set":9,"Peace Pipe":25,"Centennial Puzzle":23,"Bottled Flame":32,"HornCleat":7,"Honey Jar":17,"hermit:Momento":0,"ReplayTheSpireMod:ShopPack":19},{"Pear":12,"NeowsBlessing":0,"Happy Flower":7,"Blue Doll":14,"Replay:Multitool":4,"Ancient Tea Set":4,"Peace Pipe":12,"Centennial Puzzle":11,"Bottled Flame":15,"HornCleat":4,"Honey Jar":8,"hermit:Momento":0,"ReplayTheSpireMod:ShopPack":9},{"Pear":47,"NeowsBlessing":0,"Happy Flower":20,"Blue Doll":56,"Replay:Multitool":7,"Ancient Tea Set":7,"Peace Pipe":47,"Centennial Puzzle":43,"Bottled Flame":60,"HornCleat":7,"Honey Jar":31,"hermit:Momento":0,"ReplayTheSpireMod:ShopPack":35}]},"card_choices":[{"not_picked":["hermit:ItchyTrigger","hermit:BigShot"],"picked":"hermit:Snipe","floor":1},{"not_picked":["hermit:PistolWhip","hermit:Scavenge"],"picked":"hermit:Dive","floor":3},{"not_picked":["hermit:Feint","hermit:HoleUp","hermit:TakeCover"],"picked":"SKIP","floor":4},{"not_picked":["hermit:Glare","hermit:Misfire"],"picked":"hermit:TrackingShot","floor":5},{"not_picked":["hermit:Headshot","hermit:Magnum"],"picked":"hermit:Enervate","floor":6},{"not_picked":["hermit:FullyLoaded","hermit:Enervate"],"picked":"hermit:Deadeye","floor":10},{"not_picked":["hermit:BodyArmor","hermit:LoneWolf","hermit:ShadowCloak"],"picked":"SKIP","floor":11},{"not_picked":["hermit:Snipe","hermit:Shortfuse"],"picked":"hermit:FlashPowder","floor":13},{"not_picked":["hermit:FinalCanter","hermit:Magnum"],"picked":"hermit:OverwhelmingPower","floor":16},{"not_picked":["hermit:LowProfile","hermit:DeadMansHand","hermit:LuckOfTheDraw+1"],"picked":"hermit:Horror","floor":18},{"not_picked":["expansioncontent:Hexaburn","The Bomb","Purity"],"picked":"expansioncontent:DarkVoid","floor":19},{"not_picked":["expansioncontent:FaceSlap","Replay:SS_forest_5","Mind Blast"],"picked":"Violence","floor":19},{"not_picked":["HandOfGreed","Metamorphosis","Secret Weapon"],"picked":"Violence","floor":19},{"not_picked":["hermit:Desperado","hermit:Grudge","hermit:Manifest"],"picked":"hermit:FlashPowder","floor":21},{"not_picked":["hermit:HoleUp","hermit:Ricochet","hermit:Quickdraw+1"],"picked":"hermit:Deadeye","floor":23},{"not_picked":["hermit:Feint","hermit:Deadeye","hermit:HighCaliber+1"],"picked":"hermit:GhostlyPresence","floor":25},{"not_picked":["hermit:OverwhelmingPower","hermit:Showdown+1","hermit:Maintenance"],"picked":"hermit:ItchyTrigger","floor":27},{"not_picked":["hermit:Roulette","hermit:CalledShot","hermit:TakeAim"],"picked":"hermit:SprayPray+1","floor":29},{"not_picked":["hermit:Midnight","hermit:Dissolve","hermit:Desperado"],"picked":"hermit:Coalescence+1","floor":31}],"player_experience":171743,"relics_obtained":[{"floor":6,"key":"Replay:Multitool"},{"floor":7,"key":"HornCleat"},{"floor":9,"key":"Ancient Tea Set"},{"floor":13,"key":"Happy Flower"},{"floor":23,"key":"Centennial Puzzle"},{"floor":25,"key":"Peace Pipe"},{"floor":26,"key":"Pear"},{"floor":30,"key":"Blue Doll"},{"floor":32,"key":"Bottled Flame"}],"event_choices":[{"cards_removed":["hermit:Strike_Hermit"],"damage_healed":0,"gold_gain":0,"player_choice":"Card Removal","damage_taken":7,"max_hp_gain":0,"max_hp_loss":0,"event_name":"Golden Wing","floor":2,"gold_loss":0},{"cards_removed":["hermit:Defend_Hermit"],"damage_healed":0,"gold_gain":0,"player_choice":"Card Removal","damage_taken":0,"max_hp_gain":0,"max_hp_loss":0,"event_name":"Wheel of Change","floor":8,"gold_loss":0},{"damage_healed":0,"gold_gain":0,"player_choice":"Bought 0 Potions","damage_taken":0,"max_hp_gain":0,"max_hp_loss":0,"event_name":"The Woman in Blue","floor":14,"gold_loss":0},{"damage_healed":0,"gold_gain":0,"player_choice":"Ignored","damage_taken":0,"max_hp_gain":0,"max_hp_loss":0,"event_name":"Vampires","floor":20,"gold_loss":0},{"damage_healed":0,"gold_gain":0,"player_choice":"Obtain J.A.X.","damage_taken":0,"max_hp_gain":0,"max_hp_loss":0,"event_name":"Drug Dealer","floor":22,"gold_loss":0,"cards_obtained":["J.A.X."]},{"damage_healed":0,"gold_gain":0,"cards_transformed":["Violence"],"player_choice":"Transformed","damage_taken":0,"max_hp_gain":0,"max_hp_loss":0,"event_name":"Transmorgrifier","floor":28,"gold_loss":0,"cards_obtained":["Replay:SS_forest_6"]}],"is_beta":false,"boss_relics":[{"not_picked":["Sozu","Runic Pyramid"],"picked":"Honey Jar"}],"items_purged_floors":[19],"is_endless":false,"potions_floor_spawned":[4,10,13,23,25,27,31],"killed_by":"Automaton","ascension_level":1}}