{"host":"nk1hwk2qadwaubm5","time":1609432756,"event":{"mods":["BaseMod","Hubris","Infinite Spire","Minty Spire (QoL Compilation)","Replay The Spire","StSLib","The Cursed","The Jungle"],"gold_per_floor":[117,132,232,252,47,75,86,86,131,166,166,201,217,237,237,334,334,344,344,344,355,355,388,388,408,476,507,3,17,17,17,17,121,121,132,147,163,163,180,208,208,233,233,233,8,49,49,104,104,104],"floor_reached":51,"playtime":3496,"items_purged":["TheCursedMod:Strike_TheCursed"],"score":1129,"play_id":"b5f44f79-b305-41b3-8d3c-5b9974be5868","local_time":"20201231173916","is_ascension_mode":true,"campfire_choices":[{"floor":8,"key":"REST"},{"floor":11,"key":"REST"},{"floor":15,"key":"REST"},{"data":"TheCursedMod:NeowsMight","floor":24,"key":"SMITH"},{"floor":30,"key":"REST"},{"data":"TheCursedMod:Obscuration","floor":32,"key":"SMITH"},{"data":"TheCursedMod:LuckyCharm","floor":41,"key":"SMITH"},{"data":"TheCursedMod:CursedBoomerang","floor":44,"key":"SMITH"},{"data":"TheCursedMod:UltimatePain","floor":49,"key":"SMITH"}],"circlet_count":0,"master_deck":["TheCursedMod:Strike_TheCursed","TheCursedMod:Strike_TheCursed","TheCursedMod:Strike_TheCursed","TheCursedMod:Defend_TheCursed","TheCursedMod:Defend_TheCursed","TheCursedMod:Defend_TheCursed","TheCursedMod:Defend_TheCursed","TheCursedMod:CursedWand","TheCursedMod:CleanUpWorkshop","TheCursedMod:Dregs","TheCursedMod:OutForBlood+1","TheCursedMod:SpreadPlague","TheCursedMod:SurpriseAttack","TheCursedMod:HellfireBreathing","TheCursedMod:Hemoplague","TheCursedMod:Hemoplague","TheCursedMod:Hemoplague","TheCursedMod:WearCloak","TheCursedMod:UltimatePain+1","TheCursedMod:VitalStrike","TheCursedMod:Torture","TheCursedMod:SurpriseAttack","TheCursedMod:NeowsMight+1","Parasite","TheCursedMod:Dregs","Looming Evil","TheCursedMod:VitalStrike","Decay","TheCursedMod:RapidMovement+1","TheCursedMod:LuckyCharm+1","TheCursedMod:Obscuration+1","TheCursedMod:Wield","TheCursedMod:UltimatePain+1","TheCursedMod:RapidMovement","TheCursedMod:SurpriseAttack+1","TheCursedMod:CursedBoomerang+1","hubris:Greed","TheCursedMod:SpitefulPlan","TheCursedMod:CursedBoomerang+1"],"relics":["TheCursedMod:BlackMagic101","TheCursedMod:Tack","White Beast Statue","Simple Rune","Potion Belt","hubris:ToyBattleship","Replay:Ancient Bell","Replay:Baseball","infinitespire:Bottled Soul","Du-Vu Doll","ReplayFunnel","TheCursedMod:BloodyHarpoon","hubris:SphereOfDissonance","Replay:Wax Seal","hubris:CrystalStatue","infinitespire:WardingShard","Cursed Key","hubris:Icosahedron","Pet Ghost","hubris:DisguiseKit","infinitespire:EvilPickle","Oddly Smooth Stone","Lantern","Incense Burner","Lizard Tail"],"acts_visited":["Exordium","TheCity","TheBeyond"],"potions_floor_usage":[10,12,16,16,23,27,29,37],"damage_taken":[{"damage":0,"enemies":"2 Louse","floor":1,"turns":3},{"damage":3,"enemies":"Cultist","floor":2,"turns":5},{"damage":11,"enemies":"Jaw Worm","floor":4,"turns":5},{"damage":18,"enemies":"Lagavulin","floor":6,"turns":7},{"damage":16,"enemies":"Exordium Wildlife","floor":7,"turns":4},{"damage":19,"enemies":"3 Sentries","floor":10,"turns":8},{"damage":11,"enemies":"Gremlin Nob","floor":12,"turns":3},{"damage":4,"enemies":"Red Slaver","floor":13,"turns":4},{"damage":9,"enemies":"Large Slime","floor":14,"turns":5},{"damage":10,"enemies":"Hexaghost","floor":16,"turns":5},{"damage":19,"enemies":"Spheric Guardian","floor":18,"turns":4},{"damage":20,"enemies":"2 Thieves","floor":21,"turns":3},{"damage":0,"enemies":"Gremlin Leader","floor":23,"turns":6},{"damage":4,"enemies":"Snecko","floor":25,"turns":5},{"damage":12,"enemies":"Slavers","floor":27,"turns":4},{"damage":0,"enemies":"Snake Plant","floor":29,"turns":1},{"damage":5,"enemies":"Pondfish","floor":33,"turns":6},{"damage":0,"enemies":"3 Shapes","floor":35,"turns":1},{"damage":0,"enemies":"Orb Walker","floor":36,"turns":1},{"damage":11,"enemies":"Jaw Worm Horde","floor":37,"turns":3},{"damage":0,"enemies":"Sphere and 2 Shapes","floor":39,"turns":4},{"damage":0,"enemies":"Reptomancer","floor":40,"turns":3},{"damage":0,"enemies":"R_Hoarder","floor":42,"turns":3},{"damage":0,"enemies":"Reptomancer","floor":46,"turns":4},{"damage":0,"enemies":"Mind Bloom Boss Battle","floor":48,"turns":1},{"damage":2,"enemies":"Replay:Hell Engine","floor":50,"turns":7}],"seed_played":"5443002128699118939","potions_obtained":[{"floor":7,"key":"Fire Potion"},{"floor":10,"key":"SneckoOil"},{"floor":12,"key":"TheCursedMod:DregsPotion"},{"floor":13,"key":"PowerPotion"},{"floor":14,"key":"LiquidBronze"},{"floor":16,"key":"Elixir"},{"floor":18,"key":"infinitespire:BlackPotion"},{"floor":21,"key":"Explosive Potion"},{"floor":23,"key":"Elixir"},{"floor":25,"key":"Explosive Potion"},{"floor":27,"key":"AttackPotion"},{"floor":29,"key":"Energy Potion"},{"floor":35,"key":"Weak Potion"},{"floor":37,"key":"Dexterity Potion"},{"floor":42,"key":"Energy Potion"}],"is_trial":false,"path_per_floor":["M","M","?","M","$","E","M","R","T","E","R","E","M","M","R","B",null,"M","?","AVR","M","?","E","R","M","T","E","$","M","R","?","R","B",null,"M","M","M","?","M","E","R","E","T","R","$","E","?","?","R","B",null],"character_chosen":"THE_CURSED","items_purchased":["TheCursedMod:Tack","TheCursedMod:Hemoplague","hubris:CrystalStatue","infinitespire:WardingShard","Lantern","TheCursedMod:SpitefulPlan"],"campfire_rested":4,"item_purchase_floors":[5,5,28,28,45,45],"current_hp_per_floor":[54,51,51,40,40,22,6,28,28,9,31,20,16,7,29,19,61,42,42,42,22,22,22,22,18,18,16,16,16,38,38,38,33,65,65,65,54,54,54,54,54,54,54,54,54,54,54,54,54,52],"gold":104,"neow_bonus":"THREE_RARE_CARDS","is_daily":false,"chose_seed":false,"campfire_upgraded":5,"win_rate":0.0,"timestamp":1609432756,"path_taken":["M","M","?","M","$","E","M","R","T","E","R","E","M","?","R","BOSS","M","?","AVR","M","?","E","R","M","T","E","?","M","R","?","R","BOSS","M","?","M","?","M","E","R","E","T","R","$","E","?","?","R","BOSS"],"items_purchased_type":["Relic","Card","Relic","Relic","Relic","Card"],"build_version":"2020-12-22","purchased_purges":1,"victory":true,"max_hp_per_floor":[75,75,75,75,75,75,75,75,75,75,75,75,75,75,75,75,75,75,75,75,75,75,75,75,75,75,75,75,75,75,75,75,75,75,75,75,75,75,75,75,75,75,75,75,75,75,75,75,75,75],"card_choices":[{"not_picked":["TheCursedMod:ManaCirculation","TheCursedMod:ShockAndAwe"],"picked":"TheCursedMod:OutForBlood","floor":0},{"not_picked":["TheCursedMod:PrepareRite","TheCursedMod:Torture"],"picked":"TheCursedMod:SpreadPlague","floor":1},{"not_picked":["TheCursedMod:CircleOfBlood","TheCursedMod:Torture"],"picked":"TheCursedMod:SurpriseAttack","floor":2},{"not_picked":["TheCursedMod:CursedBoomerang","TheCursedMod:CursedAmulet"],"picked":"TheCursedMod:HellfireBreathing","floor":4},{"not_picked":["TheCursedMod:Torture","TheCursedMod:DemonicPact"],"picked":"TheCursedMod:Hemoplague","floor":6},{"not_picked":["TheCursedMod:HellsGateOpen","TheCursedMod:CircleOfFlame"],"picked":"TheCursedMod:WearCloak","floor":7},{"not_picked":["TheCursedMod:CircleOfFocus","TheCursedMod:FuryStrike"],"picked":"TheCursedMod:UltimatePain","floor":10},{"not_picked":["TheCursedMod:BloodBarrier","TheCursedMod:Grudge"],"picked":"TheCursedMod:VitalStrike","floor":12},{"not_picked":["TheCursedMod:TacticalStrike","TheCursedMod:FleshFromBone"],"picked":"TheCursedMod:Torture","floor":13},{"not_picked":["TheCursedMod:Grudge","TheCursedMod:FuryStrike"],"picked":"TheCursedMod:SurpriseAttack","floor":14},{"not_picked":["TheCursedMod:ShockAndAwe","TheCursedMod:DemonSword"],"picked":"TheCursedMod:NeowsMight","floor":16},{"not_picked":["hubris:Despair","Overencumbered"],"picked":"Parasite","floor":17},{"not_picked":["Doubt","Looming Evil"],"picked":"TheCursedMod:Dregs","floor":17},{"not_picked":["Shame","ReplayTheSpireMod:Restless Dread"],"picked":"Looming Evil","floor":17},{"not_picked":["TheCursedMod:RavingStaff","TheCursedMod:CircleOfFocus"],"picked":"TheCursedMod:VitalStrike","floor":18},{"not_picked":["TheCursedMod:CircleOfCorruption","TheCursedMod:Torture+1"],"picked":"TheCursedMod:RapidMovement+1","floor":21},{"not_picked":["TheCursedMod:SpitefulPlan","TheCursedMod:UltimatePain"],"picked":"TheCursedMod:LuckyCharm","floor":23},{"not_picked":["TheCursedMod:CircleOfCorruption","TheCursedMod:SoulCrush","TheCursedMod:HellsGateOpen"],"picked":"SKIP","floor":25},{"not_picked":["TheCursedMod:FleshFromBone","TheCursedMod:TroublousMinions"],"picked":"TheCursedMod:Obscuration","floor":27},{"not_picked":["TheCursedMod:CircleOfBlood","TheCursedMod:VitalStrike"],"picked":"TheCursedMod:Wield","floor":29},{"not_picked":["TheCursedMod:ForbiddenAlchemy","TheCursedMod:Neurasthenia"],"picked":"TheCursedMod:UltimatePain","floor":33},{"not_picked":["TheCursedMod:Stigma","TheCursedMod:WearCloak"],"picked":"TheCursedMod:RapidMovement","floor":35},{"not_picked":["TheCursedMod:RapidMovement+1","TheCursedMod:BloodBarrier+1"],"picked":"TheCursedMod:SurpriseAttack+1","floor":36},{"not_picked":["TheCursedMod:WearCloak","TheCursedMod:Evocation+1","TheCursedMod:FleshFromBone"],"picked":"SKIP","floor":37},{"not_picked":["TheCursedMod:StingEye+1","TheCursedMod:CircleOfWindfury+1","TheCursedMod:Neurasthenia"],"picked":"SKIP","floor":39},{"not_picked":["TheCursedMod:RavingStaff+1","TheCursedMod:Torture+1"],"picked":"TheCursedMod:CursedBoomerang","floor":40},{"not_picked":["TheCursedMod:SurpriseAttack","TheCursedMod:SoulReap+1","TheCursedMod:StunningStrike"],"picked":"SKIP","floor":42},{"not_picked":["TheCursedMod:SurpriseAttack","TheCursedMod:SoulReap+1","TheCursedMod:StunningStrike"],"picked":"SKIP","floor":42},{"not_picked":["TheCursedMod:WearCloak","TheCursedMod:SmokeScreen","ReplayTheSpireMod:Strike From Hell"],"picked":"TheCursedMod:CursedBoomerang+1","floor":46}],"player_experience":207773,"relics_obtained":[{"floor":6,"key":"White Beast Statue"},{"floor":9,"key":"Simple Rune"},{"floor":10,"key":"Potion Belt"},{"floor":12,"key":"hubris:ToyBattleship"},{"floor":23,"key":"TheCursedMod:BloodyHarpoon"},{"floor":26,"key":"hubris:SphereOfDissonance"},{"floor":27,"key":"Replay:Wax Seal"},{"floor":40,"key":"Pet Ghost"},{"floor":42,"key":"hubris:DisguiseKit"},{"floor":43,"key":"Oddly Smooth Stone"},{"floor":46,"key":"Incense Burner"},{"floor":48,"key":"Lizard Tail"}],"event_choices":[{"damage_healed":0,"gold_gain":100,"player_choice":"Gold","damage_taken":0,"max_hp_gain":0,"max_hp_loss":0,"event_name":"Wheel of Change","floor":3,"gold_loss":0},{"damage_healed":0,"gold_gain":0,"player_choice":"Smashed Altar","damage_taken":0,"max_hp_gain":0,"max_hp_loss":0,"event_name":"Forgotten Altar","floor":19,"gold_loss":0,"cards_obtained":["Decay"]},{"damage_healed":0,"gold_gain":0,"player_choice":"Simplicity","damage_taken":0,"max_hp_gain":0,"max_hp_loss":0,"event_name":"Back to Basics","floor":22,"gold_loss":0,"cards_upgraded":["TheCursedMod:Strike_TheCursed","TheCursedMod:Strike_TheCursed","TheCursedMod:Strike_TheCursed","TheCursedMod:Defend_TheCursed","TheCursedMod:Defend_TheCursed","TheCursedMod:Defend_TheCursed","TheCursedMod:Defend_TheCursed"]},{"damage_healed":0,"gold_gain":0,"player_choice":"Upgraded","damage_taken":0,"max_hp_gain":0,"max_hp_loss":0,"event_name":"Upgrade Shrine","floor":31,"gold_loss":0,"cards_upgraded":["TheCursedMod:OutForBlood"]},{"damage_healed":0,"gold_gain":0,"player_choice":"Fight","damage_taken":0,"max_hp_gain":0,"max_hp_loss":0,"event_name":"MindBloom","floor":48,"gold_loss":0}],"is_beta":false,"boss_relics":[{"not_picked":["Ring of Chaos","Snecko Eye"],"picked":"Replay:Ancient Bell"},{"not_picked":["infinitespire:PuzzleCube","Toy Ornithopter"],"picked":"Replay:Baseball"},{"not_picked":["Replay:Bottled Eggs","infinitespire:Eraser"],"picked":"infinitespire:Bottled Soul"},{"not_picked":["hubris:GlazedTorus","infinitespire:CursedDice"],"picked":"Du-Vu Doll"},{"not_picked":["ReplayTheSpireMod:DimensionalGlitch","Replay:Fungal Core"],"picked":"Cursed Key"}],"items_purged_floors":[20],"is_endless":false,"potions_floor_spawned":[7,10,12,13,14,16,18,21,23,25,27,29,33,35,36,37,39,40,42,46,48],"ascension_level":5}}