{"host":"h1l2j95f0ioyx0nx","time":1609413577,"event":{"mods":["AchievementEnabler","Arknights The Spire","Ascension Reborn","BaseMod","BetterRewards","Gold Saver","GungeonMod","Hermit","Lobotomy","Minty Spire (QoL Compilation)","Permanent Neow","Quick Restart","Shop Mod","Spicy Shops","StSLib","The Bug Knight","The Cursed","The Dragon Tamer","The Hierophant","The Jungle","The Poker Player","The Runesmith"],"gold_per_floor":[1451,1474,479,479,498,498,512,512,542,542,572,151,187,187,187,306,306,322,59,119,99,121,162,162,162,257,257,3,44,44,44,44,166,166,180,67,87,110,128,128,140,140,171,191,225,225,267,267,267,267,267,267,267,299,299],"floor_reached":56,"playtime":5547,"items_purged":["Shame"],"score":1524,"play_id":"1ac541a8-d0c3-45f3-9806-5a289b4ca01a","local_time":"20201231201937","is_ascension_mode":true,"campfire_choices":[{"floor":6,"key":"RECALL"},{"data":"ats:Sunburst","floor":8,"key":"SMITH"},{"data":"Master of Strategy","floor":10,"key":"SMITH"},{"data":"ats:Powerful Strike","floor":15,"key":"SMITH"},{"floor":32,"key":"DIG"},{"floor":40,"key":"DIG"},{"floor":42,"key":"DIG"},{"floor":49,"key":"DIG"},{"floor":52,"key":"DIG"}],"circlet_count":0,"master_deck":["ats:Strike C+1","ats:Strike G+1","ats:Strike S+1","ats:Armor Crushing Shot+1","ats:Defend+1","ats:Defend+1","ats:Defend+1","ats:Defend+1","ats:Emotion Absorption+1","Flash of Steel","ats:Sunburst+1","ats:Thermite Blade+1","ats:Counter Healing Mode","ats:Shell Defense","ats:Apocalypse","Master of Strategy+1","ats:Encircling Forest","ats:Assault Order","ats:Magnetic Hammer","ats:Soul Rend","ats:Thermite Blade+1","ats:Burning Ground+1","ats:Soul Rend","ats:Powerful Strike+1","ats:Shadow Assault","ats:Flexible Camouflage","ats:Healing Drone","ats:Shadow Assault","ats:Defend Order","ats:Demon Strength","ats:Beaten Up","ats:Rat Pack","ats:Support Order+1","ats:Volcano","ats:Steam Pump+1","ats:Assault Order","ats:Charging Defense+1","ats:Apocalypse+1","ats:Flexible Camouflage+1","ats:Leaping Hammer+1","ats:Mental Burst","ats:Apocalypse+1","ats:Childhood Dance+1","ats:True Silver Slash","ats:Neurotoxin","Apotheosis","Flash of Steel","Secret Technique","ats:Apocalypse+1","ats:Neurotoxin"],"relics":["ats:Sanity Plus","Bird Faced Urn","DemoMod:GnawedKey","ats:Berate","Ornamental Fan","MerchantsRug","DemoMod:WhiteGuonStone","HollowMod:PaleOreRelic","ats:Originium","Regal Pillow","ats:Support","ats:Snipe","TungstenRod","Lantern","Prayer Wheel","DemoMod:MonsterBlood","MealTicket","theJungle:BirthdayCake","theJungle:PaperFaux","Vajra","Bottled Tornado","Darkstone Periapt","Smiling Mask","ats:Rhine Circuitry","ats:Defend","DemoMod:DecoyRelic","Shovel","Pear","DemoMod:Relodestone","Sozu","Question Card","ats:Ability Aura","Pen Nib","DemoMod:RingOfEthereal","Strawberry","Lizard Tail","PreservedInsect","DemoMod:Metronome","Runesmith:AutoHammer","Oddly Smooth Stone","Dream Catcher","ats:Hidden Killer","Juzu Bracelet","Calipers","Bag of Preparation","DemoMod:PoisonVial","ats:Bonebreaker","DemoMod:MemoryAlloy"],"acts_visited":["Exordium","Exordium","TheBeyond","TheEnding"],"potions_floor_usage":[16,16,33,41],"damage_taken":[{"damage":0,"enemies":"2 Louse","floor":1,"turns":2},{"damage":0,"enemies":"Cultist","floor":2,"turns":2},{"damage":0,"enemies":"Small Slimes","floor":5,"turns":1},{"damage":0,"enemies":"3 Louse","floor":7,"turns":2},{"damage":0,"enemies":"HollowMod:MossKnight","floor":11,"turns":3},{"damage":4,"enemies":"Gremlin Nob","floor":13,"turns":3},{"damage":21,"enemies":"Hexaghost","floor":16,"turns":6},{"damage":1,"enemies":"theJungle:MUSHROOMGANG","floor":18,"turns":2},{"damage":0,"enemies":"Shell Parasite","floor":22,"turns":3},{"damage":12,"enemies":"theJungle:Cassacara","floor":23,"turns":3},{"damage":0,"enemies":"theJungle:2_Phrogs","floor":29,"turns":5},{"damage":0,"enemies":"theJungle:QueenSpyder","floor":33,"turns":7},{"damage":0,"enemies":"Orb Walker","floor":35,"turns":2},{"damage":4,"enemies":"3 Shapes","floor":37,"turns":1},{"damage":0,"enemies":"Spire Growth","floor":38,"turns":4},{"damage":7,"enemies":"Jaw Worm Horde","floor":39,"turns":3},{"damage":0,"enemies":"Transient","floor":41,"turns":5},{"damage":1,"enemies":"Spire Growth","floor":44,"turns":4},{"damage":0,"enemies":"Giant Head","floor":45,"turns":5},{"damage":0,"enemies":"Reptomancer","floor":47,"turns":3},{"damage":45,"enemies":"Awakened One","floor":50,"turns":8},{"damage":29,"enemies":"Shield and Spear","floor":54,"turns":4},{"damage":18,"enemies":"The Heart","floor":55,"turns":8}],"seed_played":"5085941616716101069","potions_obtained":[{"floor":1,"key":"ColorlessPotion"},{"floor":2,"key":"AttackPotion"},{"floor":7,"key":"ats:Emergency Sanity Potion"},{"floor":16,"key":"Fruit Juice"},{"floor":16,"key":"SkillPotion"},{"floor":21,"key":"CultistPotion"},{"floor":29,"key":"FearPotion"},{"floor":33,"key":"Weak Potion"}],"is_trial":false,"path_per_floor":["M","M","$","?","M","R","M","R","T","R","E","$","E","?","R","B",null,"M","$","?","?","M","E","?","?","T","T","$","E","?","?","R","B",null,"M","$","M","M","M","R","M","R","T","M","E","?","E","?","R","B",null,"R","$","E","B",null],"character_chosen":"DOCTOR_CLASS","items_purchased":["Bird Faced Urn","DemoMod:GnawedKey","ats:Berate","ats:Counter Healing Mode","ats:Shell Defense","ats:Apocalypse","Ornamental Fan","MerchantsRug","Master of Strategy","ats:Support","ats:Snipe","TungstenRod","ats:Burning Ground","DemoMod:MonsterBlood","ats:Shadow Assault","ats:Defend Order","ats:Rhine Circuitry","ats:Defend","ats:Ability Aura","Pen Nib","DemoMod:RingOfEthereal","Strawberry"],"campfire_rested":0,"item_purchase_floors":[3,3,3,3,3,3,3,3,3,12,12,12,12,19,19,19,28,28,36,36,36,36],"current_hp_per_floor":[72,72,72,72,72,72,72,72,72,72,72,72,69,69,69,77,77,76,84,74,74,84,81,104,104,104,104,104,104,104,51,65,114,114,114,121,117,121,121,121,121,121,121,121,121,112,121,121,121,117,121,121,121,95,121],"gold":299,"neow_bonus":"RANDOM_COLORLESS","is_daily":false,"chose_seed":false,"campfire_upgraded":3,"win_rate":0.0,"timestamp":1609413577,"path_taken":["M","M","$","?","M","R","?","R","T","R","E","$","E","?","R","BOSS","M","$","?","?","?","E","?","?","T","?","$","E","?","?","R","BOSS","M","$","M","M","M","R","M","R","T","M","E","?","E","?","R","BOSS","R","$","E","BOSS"],"items_purchased_type":["Relic","Relic","Relic","Card","Card","Card","Relic","Relic","Card","Relic","Relic","Relic","Card","Relic","Card","Card","Relic","Card","Relic","Relic","Relic","Relic"],"build_version":"2020-12-22","purchased_purges":1,"victory":true,"max_hp_per_floor":[72,72,72,72,72,72,72,72,72,72,72,72,72,72,72,77,77,77,84,84,84,84,84,104,104,104,104,104,104,104,104,114,114,114,114,121,121,121,121,121,121,121,121,121,121,121,121,121,121,121,121,121,121,121,121],"card_choices":[{"not_picked":["Dark Shackles","Dramatic Entrance"],"picked":"Flash of Steel","floor":0},{"not_picked":["ats:Flexible Camouflage","ats:Sword Rain"],"picked":"ats:Sunburst","floor":1},{"not_picked":["ats:Explosion Area Strengthen","ats:Hammer On"],"picked":"ats:Thermite Blade+1","floor":2},{"not_picked":["ats:LN2 Cannon+1","ats:Soul Absorption"],"picked":"ats:Assault Order","floor":5},{"not_picked":["ats:Steam Pump","ats:Flexible Camouflage"],"picked":"ats:Magnetic Hammer","floor":7},{"not_picked":["ats:Ignite","ats:Explosion Area Strengthen"],"picked":"ats:Soul Rend","floor":11},{"not_picked":["ats:Sunburst","ats:Ignite"],"picked":"ats:Thermite Blade+1","floor":11},{"not_picked":["ats:Shell Defense","ats:Consecutive Shot Auto"],"picked":"ats:Soul Rend","floor":13},{"not_picked":["ats:Cat Scratch","ats:Mental Burst"],"picked":"ats:Powerful Strike","floor":13},{"not_picked":["ats:Nebulous Foxfire","ats:Echo Reverb"],"picked":"ats:Shadow Assault","floor":16},{"not_picked":["ats:Sunburst+1","ats:Powerful Strike"],"picked":"ats:Flexible Camouflage","floor":18},{"not_picked":["ats:Encircling Forest","ats:Flexible Camouflage+1"],"picked":"ats:Healing Drone","floor":18},{"not_picked":["ats:Thorns","ats:Assault Order"],"picked":"ats:Demon Strength","floor":22},{"not_picked":["ats:Cat Scratch","ats:Explosion Area Strengthen"],"picked":"ats:Beaten Up","floor":22},{"not_picked":["ats:Flame Of Heaven","ats:Assault Order"],"picked":"ats:Rat Pack","floor":23},{"not_picked":["ats:Mental Burst","ats:Apocalypse"],"picked":"ats:Support Order+1","floor":29},{"not_picked":["ats:Roar Of Ursus","ats:Soul Rend"],"picked":"ats:Volcano","floor":33},{"not_picked":["ats:Assault Order+1","ats:Ignite+1"],"picked":"ats:Steam Pump+1","floor":35},{"not_picked":["ats:Explosion Area Strengthen+1","ats:Flexible Camouflage"],"picked":"ats:Assault Order","floor":35},{"not_picked":["ats:Assault Order+1","ats:Consecutive Shot Auto+1","ats:Childhood Dance+1","ats:Part Time Job"],"picked":"SKIP","floor":37},{"not_picked":["ats:Cat Scratch+1","ats:Hammer On+1","ats:Childhood Dance+1","ats:Fractured Body"],"picked":"SKIP","floor":37},{"not_picked":["ats:Explosion Area Strengthen+1","ats:Shell Defense+1","ats:Cat Scratch+1"],"picked":"ats:Charging Defense+1","floor":38},{"not_picked":["ats:Assault Order+1","ats:Sunburst","ats:Consecutive Shot Auto+1"],"picked":"ats:Apocalypse+1","floor":38},{"not_picked":["ats:Shadow Raid","ats:Ignite+1","ats:Powerful Strike+1"],"picked":"ats:Flexible Camouflage+1","floor":39},{"not_picked":["ats:Shell Defense+1","ats:Assault Order+1","ats:Cat Scratch+1"],"picked":"ats:Leaping Hammer+1","floor":39},{"not_picked":["ats:Counter Healing Mode","ats:Revitalization","ats:Charging Defense+1"],"picked":"ats:Mental Burst","floor":41},{"not_picked":["ats:Consecutive Shot Auto+1","ats:Beaten Up+1","ats:Leaping Hammer+1"],"picked":"ats:Apocalypse+1","floor":41},{"not_picked":["ats:Beaten Up+1","ats:Powerful Strike+1","ats:Closed Bolt Burst Fire"],"picked":"ats:Childhood Dance+1","floor":44},{"not_picked":["ats:Hook Shot+1","ats:Explosion Area Strengthen+1","ats:Encircling Forest"],"picked":"ats:True Silver Slash","floor":44},{"not_picked":["ats:Automatic Cover+1","ats:Revitalization+1","ats:Hammer On"],"picked":"ats:Neurotoxin","floor":45},{"not_picked":["Secret Technique","Purity","Enlightenment"],"picked":"Apotheosis","floor":46},{"not_picked":["Trip","Good Instincts","PanicButton"],"picked":"Flash of Steel","floor":46},{"not_picked":["Blind","Thinking Ahead","Dramatic Entrance"],"picked":"Secret Technique","floor":46},{"not_picked":["ats:Poison Spread+1","ats:Mental Burst+1","ats:Leaping Hammer+1"],"picked":"ats:Apocalypse+1","floor":47},{"not_picked":["ats:Flame Of Heaven+1","ats:Directed Diagnosis","ats:Blood Oath"],"picked":"ats:Neurotoxin","floor":54}],"player_experience":129323,"relics_obtained":[{"floor":5,"key":"DemoMod:WhiteGuonStone"},{"floor":9,"key":"HollowMod:PaleOreRelic"},{"floor":11,"key":"ats:Originium"},{"floor":11,"key":"Regal Pillow"},{"floor":13,"key":"ats:Originium"},{"floor":13,"key":"Lantern"},{"floor":16,"key":"Prayer Wheel"},{"floor":23,"key":"ats:Originium"},{"floor":23,"key":"MealTicket"},{"floor":26,"key":"Vajra"},{"floor":26,"key":"Bottled Tornado"},{"floor":27,"key":"Darkstone Periapt"},{"floor":27,"key":"Smiling Mask"},{"floor":29,"key":"ats:Originium"},{"floor":29,"key":"DemoMod:DecoyRelic"},{"floor":32,"key":"Pear"},{"floor":33,"key":"DemoMod:Relodestone"},{"floor":35,"key":"Question Card"},{"floor":37,"key":"Lizard Tail"},{"floor":39,"key":"PreservedInsect"},{"floor":40,"key":"DemoMod:Metronome"},{"floor":41,"key":"Runesmith:AutoHammer"},{"floor":42,"key":"DemoMod:WeirdEgg"},{"floor":43,"key":"Dream Catcher"},{"floor":43,"key":"ats:Hidden Killer"},{"floor":45,"key":"Juzu Bracelet"},{"floor":47,"key":"Calipers"},{"floor":49,"key":"DemoMod:PoisonVial"},{"floor":52,"key":"ats:Bonebreaker"},{"floor":54,"key":"DemoMod:MemoryAlloy"}],"event_choices":[{"damage_healed":0,"gold_gain":0,"cards_transformed":["ats:Strike V"],"player_choice":"Transformed","damage_taken":0,"max_hp_gain":0,"max_hp_loss":0,"event_name":"Transmorgrifier","floor":4,"gold_loss":0,"cards_obtained":["ats:Encircling Forest"]},{"damage_healed":0,"gold_gain":0,"player_choice":"Upgraded","damage_taken":0,"max_hp_gain":0,"max_hp_loss":0,"event_name":"Upgrade Shrine","floor":14,"gold_loss":0,"cards_upgraded":["ats:Burning Ground"]},{"damage_healed":0,"gold_gain":0,"player_choice":"Bought 1 Potion","damage_taken":0,"max_hp_gain":0,"max_hp_loss":0,"event_name":"The Woman in Blue","floor":21,"gold_loss":0},{"damage_healed":0,"gold_gain":0,"player_choice":"Memory 3","damage_taken":10,"max_hp_gain":0,"max_hp_loss":0,"event_name":"SensoryStone","floor":46,"gold_loss":0},{"damage_healed":0,"gold_gain":0,"player_choice":"Gave Potion","damage_taken":0,"relics_obtained":["Bag of Preparation"],"max_hp_gain":0,"max_hp_loss":0,"event_name":"WeMeetAgain","floor":48,"gold_loss":0}],"is_beta":false,"boss_relics":[{"not_picked":["ats:Omniscience","Empty Cage"],"picked":"ats:Sanity Plus"},{"not_picked":["Astrolabe","SlaversCollar"],"picked":"Sozu"}],"items_purged_floors":[28],"is_endless":false,"potions_floor_spawned":[5,7,16,22,35,41,45,47],"ascension_level":0}}