{"host":"dcj2yvrgcvh5dl2s","time":1609408034,"event":{"mods":["BaseMod","Better Note","Block Reminder","Colored Powertips","DeckTracker","Minty Spire (QoL Compilation)","Quick Restart","Rare Cards Sparkle","Relic Stats","StSLib"],"gold_per_floor":[113,113,38,38,51,51,51,51,51,79,79,79,93,111,111,111,111],"floor_reached":16,"playtime":448,"items_purged":["Shame"],"score":186,"play_id":"5534d345-1ada-46e1-a974-95c0a5f44791","local_time":"20201231194714","is_ascension_mode":true,"campfire_choices":[{"floor":6,"key":"REST"},{"data":"Body Slam","floor":8,"key":"SMITH"},{"floor":12,"key":"REST"},{"data":"Uppercut","floor":15,"key":"SMITH"}],"circlet_count":0,"master_deck":["AscendersBane","Strike_R","Strike_R","Strike_R+1","Strike_R","Defend_R+1","Defend_R","Defend_R","Defend_R","Bash","Body Slam+1","Uppercut+1","Metallicize"],"relics":["Burning Blood","Regal Pillow","Matryoshka"],"acts_visited":["Exordium"],"potions_floor_usage":[],"damage_taken":[{"damage":24,"enemies":"Small Slimes","floor":1,"turns":3},{"damage":8,"enemies":"Jaw Worm","floor":5,"turns":4},{"damage":54,"enemies":"3 Sentries","floor":10,"turns":14},{"damage":3,"enemies":"Cultist","floor":13,"turns":4},{"damage":11,"enemies":"Large Slime","floor":14,"turns":5},{"damage":54,"enemies":"Hexaghost","floor":16,"turns":12}],"seed_played":"7014629790427699684","potions_obtained":[],"is_trial":false,"path_per_floor":["M","?","$","?","M","R","?","R","T","E","$","R","M","M","R","B"],"character_chosen":"IRONCLAD","items_purchased":[],"campfire_rested":2,"item_purchase_floors":[],"current_hp_per_floor":[64,37,37,37,35,61,61,61,61,13,13,54,57,52,52,0,0],"gold":111,"neow_bonus":"TWENTY_PERCENT_HP_BONUS","is_daily":false,"chose_seed":false,"campfire_upgraded":2,"win_rate":0.0,"timestamp":1609408034,"path_taken":["M","?","$","?","M","R","?","R","T","E","$","R","M","?","R","BOSS"],"items_purchased_type":[],"build_version":"2020-12-22","purchased_purges":1,"victory":false,"max_hp_per_floor":[89,89,89,89,89,89,89,89,89,89,89,89,89,89,89,89,89],"relic_stats":{"Regal Pillow":15,"counters":[6,42],"obtain_stats":[{"Regal Pillow":9,"Matryoshka":10,"Burning Blood":0},{"Regal Pillow":2,"Matryoshka":3,"Burning Blood":0},{"Regal Pillow":7,"Matryoshka":21,"Burning Blood":0}],"Burning Blood":30},"card_choices":[{"not_picked":["Searing Blow","Headbutt"],"picked":"Body Slam","floor":1},{"not_picked":["Perfected Strike","Headbutt","Pommel Strike"],"picked":"SKIP","floor":5},{"not_picked":["True Grit","Barricade"],"picked":"Uppercut","floor":10},{"not_picked":["Power Through","Perfected Strike","Burning Pact"],"picked":"SKIP","floor":13},{"not_picked":["Hemokinesis","Dual Wield"],"picked":"Metallicize","floor":14}],"player_experience":2126677,"relics_obtained":[{"floor":9,"key":"Regal Pillow"},{"floor":10,"key":"Matryoshka"}],"event_choices":[{"damage_healed":0,"gold_gain":0,"player_choice":"Entered Light","damage_taken":27,"max_hp_gain":0,"max_hp_loss":0,"event_name":"Shining Light","floor":2,"gold_loss":0,"cards_upgraded":["Defend_R","Strike_R"]},{"damage_healed":0,"gold_gain":0,"player_choice":"Ignored","damage_taken":0,"max_hp_gain":0,"max_hp_loss":0,"event_name":"Liars Game","floor":4,"gold_loss":0},{"cards_removed":["Strike_R"],"damage_healed":0,"gold_gain":0,"player_choice":"Offered Basic","damage_taken":0,"max_hp_gain":0,"max_hp_loss":0,"event_name":"Bonfire Elementals","floor":7,"gold_loss":0}],"is_beta":false,"boss_relics":[],"items_purged_floors":[3],"is_endless":false,"potions_floor_spawned":[],"killed_by":"Hexaghost","ascension_level":18}}