{"host":"i09pxcjttd31eh4q","time":1609382735,"event":{"mods":["AchievementEnabler","BaseMod","Colored Map","Keyboard Shortcuts","Minty Spire (QoL Compilation)","StSLib","SuperFastMode"],"gold_per_floor":[109,109,109,119,146,174,191,191,191,222,222,31,64,23,23,94,94,64,78,12,27,43,73,73,73,96,96,46,46,46,61,61,132,132,146,166,191,191,203,236,236,269,269,269,269,269,52,80,80,80,80],"floor_reached":50,"playtime":1610,"items_purged":["Strike_G","Decay"],"score":1299,"play_id":"c3c97801-522b-4f03-be34-ce9626834be2","local_time":"20201231114535","is_ascension_mode":true,"campfire_choices":[{"data":"Crippling Poison","floor":8.0,"key":"SMITH"},{"floor":15.0,"key":"REST"},{"data":"Tactician","floor":24.0,"key":"SMITH"},{"data":"Acrobatics","floor":27.0,"key":"SMITH"},{"data":"Infinite Blades","floor":30.0,"key":"SMITH"},{"floor":32.0,"key":"REST"},{"data":"After Image","floor":41.0,"key":"SMITH"},{"floor":46.0,"key":"RECALL"},{"data":"Apotheosis","floor":49.0,"key":"SMITH"}],"circlet_count":0,"master_deck":["AscendersBane","Defend_G","Defend_G","Defend_G+1","Defend_G","Defend_G","Survivor","Neutralize+1","Crippling Poison+1","Underhanded Strike+1","Masterful Stab+1","Escape Plan","Die Die Die","Blade Dance","Acrobatics+1","Infinite Blades+1","Blade Dance+1","Calculated Gamble+1","Concentrate+1","Blade Dance","Backflip","Backflip","Blade Dance","Tactician+1","Acrobatics","After Image+1","Escape Plan","Finisher+1","Apotheosis+1","Blur","Reflex"],"relics":["Ring of the Snake","NeowsBlessing","Toy Ornithopter","StrikeDummy","Question Card","Kunai","Membership Card","Paper Crane","Astrolabe","Whetstone","Lantern","WristBlade","Shovel","Nunchaku","Juzu Bracelet","TheAbacus","Bird Faced Urn"],"acts_visited":["Exordium","TheCity","TheBeyond"],"potions_floor_usage":[50],"damage_taken":[{"damage":0.0,"enemies":"Cultist","floor":1.0,"turns":1.0},{"damage":0.0,"enemies":"Jaw Worm","floor":4.0,"turns":1.0},{"damage":0.0,"enemies":"Lagavulin","floor":6.0,"turns":1.0},{"damage":0.0,"enemies":"Small Slimes","floor":7.0,"turns":2.0},{"damage":29.0,"enemies":"Gremlin Nob","floor":10.0,"turns":4.0},{"damage":4.0,"enemies":"3 Sentries","floor":13.0,"turns":6.0},{"damage":18.0,"enemies":"Slime Boss","floor":16.0,"turns":11.0},{"damage":13.0,"enemies":"2 Thieves","floor":18.0,"turns":4.0},{"damage":14.0,"enemies":"Shell Parasite","floor":19.0,"turns":4.0},{"damage":28.0,"enemies":"Sentry and Sphere","floor":21.0,"turns":8.0},{"damage":0.0,"enemies":"Centurion and Healer","floor":22.0,"turns":7.0},{"damage":0.0,"enemies":"Slavers","floor":23.0,"turns":5.0},{"damage":0.0,"enemies":"Cultist and Chosen","floor":31.0,"turns":3.0},{"damage":8.0,"enemies":"Champ","floor":33.0,"turns":10.0},{"damage":0.0,"enemies":"3 Shapes","floor":35.0,"turns":5.0},{"damage":8.0,"enemies":"3 Darklings","floor":36.0,"turns":3.0},{"damage":0.0,"enemies":"Mind Bloom Boss Battle","floor":37.0,"turns":3.0},{"damage":3.0,"enemies":"4 Shapes","floor":39.0,"turns":8.0},{"damage":6.0,"enemies":"Giant Head","floor":40.0,"turns":8.0},{"damage":0.0,"enemies":"Nemesis","floor":42.0,"turns":5.0},{"damage":23.0,"enemies":"Reptomancer","floor":48.0,"turns":5.0},{"damage":39,"enemies":"Time Eater","floor":50,"turns":7}],"seed_played":"3358394568704208032","potions_obtained":[{"floor":1.0,"key":"ColorlessPotion"},{"floor":13.0,"key":"Energy Potion"},{"floor":16.0,"key":"SkillPotion"},{"floor":18.0,"key":"FearPotion"},{"floor":22.0,"key":"CunningPotion"},{"floor":23.0,"key":"GamblersBrew"},{"floor":29.0,"key":"PowerPotion"},{"floor":35.0,"key":"SkillPotion"},{"floor":48.0,"key":"Fruit Juice"}],"is_trial":false,"path_per_floor":["M","?","?","M","T","E","M","R","T","E","?","$","E","$","R","B",null,"M","M","$","M","M","E","R","?","T","R","$","?","R","M","R","B",null,"M","M","?","?","M","E","R","E","T","?","?","R","$","E","R","B"],"character_chosen":"THE_SILENT","items_purchased":["Membership Card","Blade Dance","Infinite Blades","Backflip","Apotheosis","TheAbacus","Blur"],"campfire_rested":2,"item_purchase_floors":[12,12,14,20,47,47,47],"current_hp_per_floor":[59,64,64,64,64,64,64,64,64,35,14,14,15,15,36,23,59,46,32,32,9,9,14,14,14,14,14,14,14,14,19,40,37,63,63,55,55,55,57,51,51,51,51,51,51,51,51,28,28,3,3],"gold":80,"neow_bonus":"THREE_ENEMY_KILL","is_daily":false,"chose_seed":false,"campfire_upgraded":6,"win_rate":0.0,"timestamp":1609382735,"path_taken":["M","?","?","M","?","E","?","R","T","E","?","?","E","$","R","BOSS","M","M","$","M","M","E","R","?","T","R","$","?","R","M","R","BOSS","M","?","?","?","M","E","R","E","T","?","?","R","$","E","R","BOSS"],"items_purchased_type":["Relic","Card","Card","Card","Card","Relic","Card"],"build_version":"2020-12-22","purchased_purges":2,"victory":false,"max_hp_per_floor":[66,71,71,71,71,71,71,71,71,71,71,71,71,71,71,71,71,71,71,71,71,71,71,71,71,71,71,71,71,71,71,71,71,71,71,71,71,71,71,71,71,71,71,67,67,67,67,67,67,72,72],"card_choices":[{"not_picked":["Calculated Gamble","Outmaneuver"],"picked":"Crippling Poison","floor":1.0},{"not_picked":["Distraction","Bane"],"picked":"Underhanded Strike","floor":4.0},{"not_picked":["Flying Knee","Infinite Blades"],"picked":"Masterful Stab","floor":6.0},{"not_picked":["Expertise","Dodge and Roll"],"picked":"Escape Plan","floor":7.0},{"not_picked":["Dodge and Roll","Sucker Punch","Terror"],"picked":"Die Die Die","floor":10.0},{"not_picked":["Bane","Slice","Deflect"],"picked":"Acrobatics","floor":13.0},{"not_picked":["Sucker Punch+1","Poisoned Stab","Distraction"],"picked":"Blade Dance","floor":18.0},{"not_picked":["Backstab","Quick Slash","PiercingWail"],"picked":"Backflip","floor":19.0},{"not_picked":["Deadly Poison","Heel Hook","Infinite Blades"],"picked":"Blade Dance","floor":21.0},{"not_picked":["Poisoned Stab","Cloak And Dagger","Blur"],"picked":"Tactician","floor":22.0},{"not_picked":["PiercingWail","Bane","Wraith Form v2"],"picked":"Acrobatics","floor":23.0},{"not_picked":["Concentrate","Sucker Punch","Crippling Poison","Dodge and Roll"],"picked":"SKIP","floor":31.0},{"not_picked":["Malaise","Doppelganger","Die Die Die"],"picked":"After Image","floor":33.0},{"not_picked":["Dodge and Roll+1","Outmaneuver","Deflect"],"picked":"Escape Plan","floor":35.0},{"not_picked":["Sucker Punch+1","Deflect","Outmaneuver+1","Concentrate"],"picked":"SKIP","floor":36.0},{"not_picked":["Dagger Throw","Heel Hook+1","Bouncing Flask","Deadly Poison"],"picked":"SKIP","floor":39.0},{"not_picked":["Catalyst","Bane+1","Outmaneuver"],"picked":"Finisher+1","floor":40.0},{"not_picked":["Setup","Dodge and Roll","Prepared","Dash+1"],"picked":"SKIP","floor":42.0},{"not_picked":["Bouncing Flask","Dagger Spray","Crippling Poison"],"picked":"Reflex","floor":48.0}],"player_experience":800253,"relics_obtained":[{"floor":5.0,"key":"Toy Ornithopter"},{"floor":6.0,"key":"StrikeDummy"},{"floor":9.0,"key":"Question Card"},{"floor":10.0,"key":"Kunai"},{"floor":13.0,"key":"Paper Crane"},{"floor":23.0,"key":"Whetstone"},{"floor":26.0,"key":"Lantern"},{"floor":37.0,"key":"Shovel"},{"floor":40.0,"key":"Nunchaku"},{"floor":42.0,"key":"Juzu Bracelet"},{"floor":48.0,"key":"Bird Faced Urn"}],"event_choices":[{"damage_healed":0.0,"max_hp_gain":5.0,"max_hp_loss":0.0,"gold_gain":0.0,"event_name":"Big Fish","player_choice":"Donut","floor":2.0,"gold_loss":0.0,"damage_taken":0.0},{"damage_healed":0.0,"max_hp_gain":0.0,"max_hp_loss":0.0,"gold_gain":0.0,"event_name":"Liars Game","player_choice":"Ignored","floor":3.0,"gold_loss":0.0,"damage_taken":0.0},{"damage_healed":0.0,"max_hp_gain":0.0,"max_hp_loss":0.0,"gold_gain":0.0,"event_name":"Shining Light","player_choice":"Entered Light","floor":11.0,"gold_loss":0.0,"damage_taken":21.0,"cards_upgraded":["Neutralize","Defend_G"]},{"damage_healed":0.0,"max_hp_gain":0.0,"max_hp_loss":0.0,"gold_gain":0.0,"event_name":"Forgotten Altar","player_choice":"Smashed Altar","floor":25.0,"gold_loss":0.0,"damage_taken":0.0,"cards_obtained":["Decay"]},{"damage_healed":0.0,"max_hp_gain":0.0,"max_hp_loss":0.0,"gold_gain":0.0,"event_name":"Lab","player_choice":"Got Potions","floor":29.0,"gold_loss":0.0,"damage_taken":0.0},{"damage_healed":0.0,"max_hp_gain":0.0,"max_hp_loss":0.0,"gold_gain":0.0,"event_name":"MindBloom","player_choice":"Fight","floor":37.0,"gold_loss":0.0,"damage_taken":0.0},{"cards_removed":["Strike_G"],"damage_healed":0.0,"max_hp_gain":0.0,"max_hp_loss":0.0,"gold_gain":0.0,"event_name":"Wheel of Change","player_choice":"Card Removal","floor":38.0,"gold_loss":0.0,"damage_taken":0.0},{"damage_healed":0.0,"max_hp_gain":0.0,"max_hp_loss":4.0,"gold_gain":0.0,"event_name":"Winding Halls","player_choice":"Max HP","floor":44.0,"gold_loss":0.0,"damage_taken":0.0},{"damage_healed":0.0,"max_hp_gain":0.0,"max_hp_loss":0.0,"gold_gain":0.0,"event_name":"SensoryStone","player_choice":"Memory 1","floor":45.0,"gold_loss":0.0,"damage_taken":0.0}],"is_beta":false,"boss_relics":[{"not_picked":["Runic Pyramid","Philosopher\u0027s Stone"],"picked":"Astrolabe"},{"not_picked":["Empty Cage","Busted Crown"],"picked":"WristBlade"}],"items_purged_floors":[20,28],"is_endless":false,"potions_floor_spawned":[1,13,16,18,19,22,23,35,48],"killed_by":"Time Eater","ascension_level":20}}