{"host":"u7lm8z2rvb4dg2oo","time":1609395845,"event":{"mods":["AchievementEnabler","BaseMod","Colored Map","Colored Powertips","Curses Come First","Googly Eyes","Highlight Path","Minty Spire (QoL Compilation)","Quick Restart","StSLib"],"gold_per_floor":[113,113,38,0,18,18,52,2,47,47,74,90,90,101,101,203,203,216,176,193,209,219,219,232,35,35,35,35,35,35,35,35,131,131,147,197,197,217,232,232,267,267,292,292,292,311,311,5,5,5],"floor_reached":51,"playtime":3431,"items_purged":["Strike_P","Parasite"],"score":867,"play_id":"676059b5-33ee-4d32-93fb-01973a961372","local_time":"20201231012405","is_ascension_mode":true,"campfire_choices":[{"data":"WindmillStrike","floor":6.0,"key":"SMITH"},{"data":"TalkToTheHand","floor":10.0,"key":"SMITH"},{"data":"FearNoEvil","floor":15.0,"key":"SMITH"},{"data":"Blasphemy","floor":23,"key":"SMITH"},{"data":"Ragnarok","floor":27,"key":"SMITH"},{"data":"Establishment","floor":29,"key":"SMITH"},{"data":"TalkToTheHand","floor":32,"key":"SMITH"},{"data":"Ragnarok","floor":40,"key":"SMITH"},{"data":"Wallop","floor":42,"key":"SMITH"},{"data":"Meditate","floor":44,"key":"SMITH"},{"data":"EmptyFist","floor":47,"key":"SMITH"},{"data":"Vigilance","floor":49,"key":"SMITH"}],"circlet_count":0,"master_deck":["Defend_P","Defend_P","Defend_P","Defend_P","Eruption","Vigilance+1","WindmillStrike+1","EmptyFist+1","TalkToTheHand+1","SashWhip+1","FearNoEvil+1","Wallop+1","WheelKick+1","Ragnarok+1","CurseOfTheBell","Meditate+1","Blasphemy+1","FlurryOfBlows+1","Protect+1","TalkToTheHand+1","Establishment+1","Necronomicurse","Ragnarok+1","BattleHymn+1","Weave","Vault"],"relics":["PureWater","NeowsBlessing","Potion Belt","Darkstone Periapt","Calling Bell","Boot","Pantograph","Lizard Tail","Lee\u0027s Waffle","Kunai","Necronomicon","Snecko Eye","StoneCalendar","Juzu Bracelet","Whetstone","ClockworkSouvenir"],"acts_visited":["Exordium","TheCity","TheBeyond"],"potions_floor_usage":[21,33,33,35,35,39,50,50,50],"damage_taken":[{"damage":0.0,"enemies":"Cultist","floor":1.0,"turns":1.0},{"damage":0.0,"enemies":"2 Louse","floor":5.0,"turns":1.0},{"damage":0.0,"enemies":"Lagavulin","floor":7.0,"turns":1.0},{"damage":2.0,"enemies":"Gremlin Nob","floor":11.0,"turns":3.0},{"damage":0.0,"enemies":"Small Slimes","floor":12.0,"turns":4.0},{"damage":0.0,"enemies":"Gremlin Gang","floor":14.0,"turns":4.0},{"damage":23.0,"enemies":"The Guardian","floor":16.0,"turns":10.0},{"damage":34.0,"enemies":"2 Thieves","floor":18.0,"turns":4.0},{"damage":2,"enemies":"Chosen","floor":20,"turns":3},{"damage":2,"enemies":"Centurion and Healer","floor":21,"turns":4},{"damage":6,"enemies":"Shelled Parasite and Fungi","floor":22,"turns":3},{"damage":4,"enemies":"3 Cultists","floor":24,"turns":3},{"damage":14,"enemies":"Automaton","floor":33,"turns":6},{"damage":22,"enemies":"3 Darklings","floor":35,"turns":3},{"damage":0,"enemies":"Mind Bloom Boss Battle","floor":36,"turns":2},{"damage":0,"enemies":"Orb Walker","floor":38,"turns":2},{"damage":14,"enemies":"Writhing Mass","floor":39,"turns":3},{"damage":0,"enemies":"Nemesis","floor":41,"turns":3},{"damage":0,"enemies":"Spire Growth","floor":46,"turns":3},{"damage":100053,"enemies":"Awakened One","floor":50,"turns":8}],"seed_played":"8493909774294108559","potions_obtained":[{"floor":1.0,"key":"Ambrosia"},{"floor":19,"key":"EssenceOfSteel"},{"floor":19,"key":"DuplicationPotion"},{"floor":19,"key":"Energy Potion"},{"floor":21,"key":"Weak Potion"},{"floor":22,"key":"Fire Potion"},{"floor":35,"key":"DuplicationPotion"},{"floor":38,"key":"DistilledChaos"},{"floor":46,"key":"SpeedPotion"}],"is_trial":false,"path_per_floor":["M","$","$","?","M","R","E","?","T","R","E","M","?","M","R","B",null,"M","?","M","M","M","R","M","$","T","R","?","R","?","?","R","B",null,"M","?","?","M","M","R","E","R","T","R","?","M","R","$","R","B",null],"character_chosen":"WATCHER","items_purchased":["Lee\u0027s Waffle","TalkToTheHand","ClockworkSouvenir","Dexterity Potion"],"campfire_rested":0,"item_purchase_floors":[25,25,48,48],"current_hp_per_floor":[72,72,72,72,72,72,72,72,72,72,70,70,70,70,70,47,78,44,44,42,40,34,34,30,85,85,85,85,85,75,75,75,77,91,69,91,91,91,83,83,83,83,83,83,83,83,83,83,83,29],"gold":5,"neow_bonus":"THREE_ENEMY_KILL","is_daily":false,"chose_seed":false,"campfire_upgraded":12,"win_rate":0.0,"timestamp":1609395845,"path_taken":["M","?","$","?","M","R","E","?","T","R","E","M","?","M","R","BOSS","M","?","M","M","?","R","M","$","T","R","?","R","?","?","R","BOSS","M","?","?","?","M","R","E","R","T","R","?","M","R","?","R","BOSS"],"items_purchased_type":["Relic","Card","Relic","Potion"],"build_version":"2020-12-22","purchased_purges":2,"victory":true,"max_hp_per_floor":[72,72,72,72,72,72,72,72,72,72,72,72,72,72,72,72,78,78,78,78,78,78,78,78,85,85,85,85,85,91,91,91,91,91,91,91,91,91,97,97,97,97,97,97,97,97,97,94,94,94],"card_choices":[{"not_picked":["MentalFortress","InnerPeace"],"picked":"WindmillStrike","floor":1.0},{"not_picked":["BowlingBash","JustLucky"],"picked":"EmptyFist","floor":5.0},{"not_picked":["WheelKick","Pray"],"picked":"TalkToTheHand","floor":7.0},{"not_picked":["Evaluate","Pray"],"picked":"SashWhip","floor":11.0},{"not_picked":["FlurryOfBlows","FollowUp"],"picked":"FearNoEvil","floor":12.0},{"not_picked":["Fasting2","Alpha"],"picked":"WheelKick","floor":14.0},{"not_picked":["Establishment","DeusExMachina"],"picked":"Ragnarok","floor":16.0},{"not_picked":["Evaluate","WindmillStrike+1"],"picked":"Meditate","floor":18.0},{"not_picked":["FlyingSleeves+1","Crescendo+1"],"picked":"Blasphemy","floor":20},{"not_picked":["EmptyFist+1","SashWhip"],"picked":"FlurryOfBlows","floor":21},{"not_picked":["CrushJoints","WaveOfTheHand+1","FlyingSleeves"],"picked":"SKIP","floor":22},{"not_picked":["Weave","Evaluate"],"picked":"Protect+1","floor":24},{"not_picked":["Alpha","Brilliance"],"picked":"Ragnarok","floor":33},{"not_picked":["Evaluate+1","Nirvana+1","Consecrate+1"],"picked":"SKIP","floor":35},{"not_picked":["SashWhip","EmptyBody"],"picked":"BattleHymn+1","floor":36},{"not_picked":["ThirdEye","EmptyBody","Evaluate"],"picked":"SKIP","floor":38},{"not_picked":["InnerPeace+1","MentalFortress+1","CrushJoints"],"picked":"SKIP","floor":39},{"not_picked":["PathToVictory","Collect"],"picked":"Vault","floor":41},{"not_picked":["ClearTheMind+1","Collect+1","JustLucky"],"picked":"SKIP","floor":46}],"player_experience":1009151,"relics_obtained":[{"floor":7.0,"key":"Potion Belt"},{"floor":11.0,"key":"Darkstone Periapt"},{"floor":17.0,"key":"Boot"},{"floor":17.0,"key":"Pantograph"},{"floor":17.0,"key":"Lizard Tail"},{"floor":26,"key":"Kunai"},{"floor":30,"key":"Necronomicon"},{"floor":36,"key":"StoneCalendar"},{"floor":41,"key":"Juzu Bracelet"},{"floor":43,"key":"Whetstone"}],"event_choices":[{"damage_healed":0.0,"max_hp_gain":0.0,"max_hp_loss":0.0,"gold_gain":0.0,"event_name":"World of Goop","player_choice":"Left Gold","floor":4.0,"gold_loss":38.0,"damage_taken":0.0},{"cards_removed":["Strike_P"],"damage_healed":0.0,"max_hp_gain":0.0,"max_hp_loss":0.0,"gold_gain":0.0,"event_name":"The Cleric","player_choice":"Card Removal","floor":8.0,"gold_loss":50.0,"damage_taken":0.0},{"damage_healed":0.0,"max_hp_gain":0.0,"max_hp_loss":0.0,"gold_gain":0.0,"cards_transformed":["Strike_P"],"event_name":"Living Wall","player_choice":"Change","floor":13.0,"gold_loss":0.0,"damage_taken":0.0,"cards_obtained":["Wallop"]},{"damage_healed":0,"gold_gain":0,"player_choice":"Bought 3 Potions","damage_taken":0,"max_hp_gain":0,"max_hp_loss":0,"event_name":"The Woman in Blue","floor":19,"gold_loss":0},{"damage_healed":0,"gold_gain":0,"player_choice":"Read","damage_taken":0,"max_hp_gain":0,"max_hp_loss":0,"event_name":"The Library","floor":28,"gold_loss":0,"cards_obtained":["Establishment"]},{"damage_healed":0,"gold_gain":0,"player_choice":"Obtained Book","damage_taken":16,"max_hp_gain":0,"max_hp_loss":0,"event_name":"Cursed Tome","floor":30,"gold_loss":0},{"damage_healed":0,"gold_gain":0,"player_choice":"Ignored","damage_taken":0,"max_hp_gain":0,"max_hp_loss":0,"event_name":"The Mausoleum","floor":31,"gold_loss":0},{"damage_healed":0,"gold_gain":0,"player_choice":"Fight","damage_taken":0,"max_hp_gain":0,"max_hp_loss":0,"event_name":"MindBloom","floor":36,"gold_loss":0},{"damage_healed":0,"gold_gain":0,"cards_transformed":["Strike_P"],"player_choice":"Transformed","damage_taken":0,"max_hp_gain":0,"max_hp_loss":0,"event_name":"Transmorgrifier","floor":37,"gold_loss":0,"cards_obtained":["Weave"]},{"damage_healed":0,"gold_gain":0,"player_choice":"Upgraded","damage_taken":0,"max_hp_gain":0,"max_hp_loss":0,"event_name":"Upgrade Shrine","floor":45,"gold_loss":0,"cards_upgraded":["SashWhip"]}],"is_beta":false,"boss_relics":[{"not_picked":["Runic Dome","Sozu"],"picked":"Calling Bell"},{"not_picked":["Runic Pyramid","Empty Cage"],"picked":"Snecko Eye"}],"items_purged_floors":[3,48],"is_endless":false,"potions_floor_spawned":[1,21,22,35,38,46],"ascension_level":4}}