{"host":"9bjp0wft0pz2yr7y","time":1609451292,"event":{"mods":["AchievementEnabler","Act Like it!","Arknights The Spire","Aspiration","BaseMod","Better Match","Better Third Choice","BetterRewards","Colored Map","Colored Powertips","Conspire","Elementarium","Gensokyo","Halation","Hubris","Infinite Spire","Minty Spire (QoL Compilation)","Permanent Neow","Rare Cards Sparkle","Relic Stats","Replay The Spire","Spicy Shops","StSLib","The Blue Laboratory","The Cursed","The Jungle","The Marked","The Mystic","The Servant 0.9.4","TheBandit","TheSwordswoman","Wandering Minibosses","vexMod"],"gold_per_floor":[118,130,140,105,122,122,149,149,149,176,248,248,248,96,96,198,198,211,231,231,268,268,268,318,41,41,73,73,177,188,210,210,306,306,316,332,96,96,112,112,137,156,156,167,120,43,43,73,73,73],"floor_reached":51,"playtime":4572,"items_purged":[],"score":1021,"play_id":"4ef4b217-fb6a-482b-a8a3-4c0091893a7c","local_time":"20201231134812","is_ascension_mode":true,"campfire_choices":[{"data":"Luminosity","floor":6,"key":"SMITH"},{"data":"SilverBlades","floor":13,"key":"SMITH"},{"data":"InstantArmor","floor":15,"key":"SMITH"},{"data":"Sunlight","floor":23,"key":"SMITH"},{"data":"SilverMatrix","floor":32,"key":"SMITH"},{"data":"Rearm","floor":40,"key":"SMITH"},{"data":"Sunlight","floor":47,"key":"SMITH"},{"data":"Solidify","floor":49,"key":"SMITH"}],"circlet_count":0,"master_deck":["Strike_S+1","Strike_S+1","Strike_S+1","Strike_S+1","Defend_S+1","Defend_S+1","Defend_S+1","Defend_S+1","KidneyShot+1","Exchange","FastForward","Luminosity+1","Manipulate+1","Starlight","SilverBlades+1","InstantArmor+1","Sunlight+1","Contraction+1","RealityMarble+1","ShatteredReality+1","Rearm+1","Starlight+1","SilverMatrix+1","DualDimension+1","ShatteredReality+1","Solidify+1","Potential+1","ShiftingGears+1","SurpressingFire+1","Potential","Alleviate+1","Sunlight+1","ReplayTheSpireMod:IOU","ReplayTheSpireMod:IOU","hubris:Greed","SilverBlades+1","hubris:Greed","Starlight+1"],"relics":["Uniform","Strawberry","ats:Originium","Boot","Ring of Panic","Ring of Misfortune","infinitespire:Broken Mirror","Eternal Feather","Shuriken","Spirit Poop","Orichalcum","halation:HeavySnake","theJungle:BirthdayCakeSlice","Pet Ghost","aspiration:TrustyKnives","ReplayTheSpireMod:TigerMarble","Mummified Hand","infinitespire:PuzzleCube","Ancient Tea Set","infinitespire:Lucky Rock","halation:Yufonium","halation:LostSnail","aspiration:AnachronicSnailShell","halation:PapillonHeart","Replay:Wax Seal","hubris:FunFungus","RomanBracelet"],"acts_visited":["Exordium","Exordium","TheBeyond"],"potions_floor_usage":[10,16,21,29,29,31,41,44,50,50,50],"damage_taken":[{"damage":4,"enemies":"2 Louse","floor":1,"turns":3},{"damage":2,"enemies":"conspire:RoseBush","floor":2,"turns":5},{"damage":16,"enemies":"infinitespire:Voidling","floor":3,"turns":5},{"damage":14,"enemies":"3 Louse","floor":5,"turns":6},{"damage":9,"enemies":"Replay:BlueRogue","floor":7,"turns":7},{"damage":3,"enemies":"Lagavulin","floor":10,"turns":8},{"damage":23,"enemies":"The Guardian","floor":16,"turns":12},{"damage":0,"enemies":"theJungle:Flameango_and_Byrd","floor":18,"turns":7},{"damage":8,"enemies":"theJungle:GiantWrat","floor":19,"turns":4},{"damage":19,"enemies":"theJungle:JungleHuntersEncounter","floor":21,"turns":9},{"damage":0,"enemies":"theJungle:Cassacara","floor":27,"turns":8},{"damage":0,"enemies":"theJungle:MamaSnecko","floor":29,"turns":4},{"damage":0,"enemies":"theJungle:2_Flameangoes","floor":30,"turns":4},{"damage":0,"enemies":"theJungle:Lyon","floor":31,"turns":3},{"damage":0,"enemies":"theJungle:QueenSpyder","floor":33,"turns":10},{"damage":1,"enemies":"Orb Walker","floor":35,"turns":4},{"damage":16,"enemies":"3 Darklings","floor":36,"turns":7},{"damage":1,"enemies":"Spire Growth","floor":39,"turns":7},{"damage":0,"enemies":"Nemesis","floor":41,"turns":5},{"damage":0,"enemies":"Maw","floor":42,"turns":7},{"damage":47,"enemies":"4 Shapes","floor":44,"turns":5},{"damage":0,"enemies":"3 Darklings","floor":46,"turns":4},{"damage":0,"enemies":"Maw","floor":48,"turns":7},{"damage":6,"enemies":"Time Eater","floor":50,"turns":11}],"seed_played":"2924045734219429427","potions_obtained":[{"floor":1,"key":"blueLaboratory:StoneskinPotion"},{"floor":2,"key":"blueLaboratory:RememoryPotion"},{"floor":5,"key":"FearPotion"},{"floor":21,"key":"blueLaboratory:FruitPunch"},{"floor":29,"key":"blueLaboratory:StoneskinPotion"},{"floor":35,"key":"blueLaboratory:BottleOfRum"},{"floor":42,"key":"Swift Potion"},{"floor":46,"key":"Adrenaline Potion"}],"is_trial":false,"path_per_floor":["M","M","M","?","M","R","E","?","T","E","T","?","R","$","R","B",null,"M","M","?","M","?","R","T","$","T","E","$","E","M","M","R","B",null,"M","M","$","?","M","R","E","M","T","M","$","M","R","M","R","B",null],"character_chosen":"THE_SERVANT","items_purchased":["Orichalcum","aspiration:TrustyKnives","ReplayTheSpireMod:TigerMarble","Rearm","halation:LostSnail","aspiration:AnachronicSnailShell","RomanBracelet","Block Potion"],"campfire_rested":0,"item_purchase_floors":[14,25,25,25,37,37,45,45],"current_hp_per_floor":[68,66,62,72,58,58,49,49,49,46,46,46,55,55,64,41,72,72,64,64,45,50,62,62,62,62,62,62,64,64,64,79,79,79,78,62,62,62,61,75,75,75,75,29,29,30,51,60,75,71],"gold":73,"neow_bonus":"RANDOM_COMMON_RELIC","is_daily":false,"chose_seed":false,"campfire_upgraded":8,"win_rate":0.0,"timestamp":1609451292,"path_taken":["M","M","M","?","M","R","E","?","T","E","?","?","R","$","R","BOSS","M","?","?","M","?","R","?","?","T","E","$","E","M","M","R","BOSS","M","M","$","?","M","R","E","M","T","M","$","M","R","M","R","BOSS"],"items_purchased_type":["Relic","Relic","Relic","Card","Relic","Relic","Relic","Potion"],"build_version":"2020-12-22","purchased_purges":0,"victory":true,"max_hp_per_floor":[72,72,72,72,72,72,72,72,72,72,72,72,72,72,72,72,72,72,72,72,72,77,77,77,77,77,77,77,79,79,79,79,79,79,79,79,79,75,75,75,75,75,75,75,75,75,75,75,75,75],"relic_stats":{"counters":[24,152],"Shuriken":[40],"Mummified Hand":[82],"Eternal Feather":95,"Orichalcum":[192],"Boot":[311],"obtain_stats":[{"halation:PapillonHeart":38,"Spirit Poop":12,"Uniform":0,"Boot":7,"Ancient Tea Set":29,"Pet Ghost":24,"halation:HeavySnake":17,"RomanBracelet":45,"theJungle:BirthdayCakeSlice":22,"Mummified Hand":26,"Strawberry":0,"aspiration:AnachronicSnailShell":37,"hubris:FunFungus":43,"Ring of Panic":8,"Replay:Wax Seal":41,"halation:Yufonium":34,"Eternal Feather":10,"aspiration:TrustyKnives":25,"infinitespire:Lucky Rock":29,"Orichalcum":14,"ats:Originium":7,"infinitespire:Broken Mirror":9,"Shuriken":11,"Ring of Misfortune":8,"ReplayTheSpireMod:TigerMarble":25,"halation:LostSnail":37,"infinitespire:PuzzleCube":27},{"halation:PapillonHeart":17,"Spirit Poop":6,"Uniform":0,"Boot":5,"Ancient Tea Set":12,"Pet Ghost":10,"halation:HeavySnake":7,"RomanBracelet":21,"theJungle:BirthdayCakeSlice":10,"Mummified Hand":10,"Strawberry":0,"aspiration:AnachronicSnailShell":17,"hubris:FunFungus":20,"Ring of Panic":5,"Replay:Wax Seal":19,"halation:Yufonium":15,"Eternal Feather":6,"aspiration:TrustyKnives":10,"infinitespire:Lucky Rock":12,"Orichalcum":6,"ats:Originium":5,"infinitespire:Broken Mirror":5,"Shuriken":6,"Ring of Misfortune":5,"ReplayTheSpireMod:TigerMarble":10,"halation:LostSnail":17,"infinitespire:PuzzleCube":11},{"halation:PapillonHeart":106,"Spirit Poop":34,"Uniform":0,"Boot":26,"Ancient Tea Set":78,"Pet Ghost":66,"halation:HeavySnake":46,"RomanBracelet":130,"theJungle:BirthdayCakeSlice":66,"Mummified Hand":66,"Strawberry":0,"aspiration:AnachronicSnailShell":106,"hubris:FunFungus":125,"Ring of Panic":26,"Replay:Wax Seal":118,"halation:Yufonium":95,"Eternal Feather":34,"aspiration:TrustyKnives":66,"infinitespire:Lucky Rock":78,"Orichalcum":34,"ats:Originium":26,"infinitespire:Broken Mirror":26,"Shuriken":34,"Ring of Misfortune":26,"ReplayTheSpireMod:TigerMarble":66,"halation:LostSnail":106,"infinitespire:PuzzleCube":74}]},"card_choices":[{"not_picked":["Potential","Replace"],"picked":"FastForward","floor":1},{"not_picked":["Revamp","Spin"],"picked":"Luminosity","floor":2},{"not_picked":["Starlight","DoubleEdge"],"picked":"Manipulate","floor":3},{"not_picked":["FastForward","Revamp"],"picked":"Starlight","floor":5},{"not_picked":["Replace","Snipe"],"picked":"SilverBlades","floor":7},{"not_picked":["FastForward","Luminosity"],"picked":"InstantArmor","floor":10},{"not_picked":["TrueSight","Duplication"],"picked":"Sunlight","floor":16},{"not_picked":["Unruled","Revamp"],"picked":"Contraction+1","floor":18},{"not_picked":["Foresight","ReturningBlade"],"picked":"RealityMarble","floor":19},{"not_picked":["Reset","Revamp"],"picked":"ShatteredReality","floor":21},{"not_picked":["Potential","Defy"],"picked":"Starlight+1","floor":27},{"not_picked":["Rewind","Alleviate"],"picked":"SilverMatrix","floor":29},{"not_picked":["Moondial","Revamp"],"picked":"DualDimension","floor":30},{"not_picked":["Snipe","Shuttle"],"picked":"ShatteredReality","floor":31},{"not_picked":["Deny","ForgedInTime"],"picked":"Solidify","floor":33},{"not_picked":["StarChef+1","Comet+1"],"picked":"Potential+1","floor":35},{"not_picked":["Revamp+1","DoubleEdge"],"picked":"ShiftingGears+1","floor":36},{"not_picked":["WasteNot","DoubleEdge"],"picked":"SurpressingFire+1","floor":39},{"not_picked":["Spin","Unruled+1"],"picked":"Potential","floor":41},{"not_picked":["Starlight","ReturningBlade"],"picked":"Alleviate+1","floor":42},{"not_picked":["ShatteredReality+1","Rearm+1"],"picked":"Sunlight","floor":44},{"not_picked":["Moondial+1","Rearm+1"],"picked":"SilverBlades+1","floor":46},{"not_picked":["Reset","Alleviate+1"],"picked":"Starlight","floor":48}],"player_experience":61184,"relics_obtained":[{"floor":7,"key":"ats:Originium"},{"floor":7,"key":"Boot"},{"floor":8,"key":"Ring of Panic"},{"floor":8,"key":"Ring of Misfortune"},{"floor":9,"key":"infinitespire:Broken Mirror"},{"floor":10,"key":"ats:Originium"},{"floor":10,"key":"Eternal Feather"},{"floor":11,"key":"Shuriken"},{"floor":24,"key":"Pet Ghost"},{"floor":26,"key":"Mummified Hand"},{"floor":27,"key":"ats:Originium"},{"floor":27,"key":"infinitespire:PuzzleCube"},{"floor":29,"key":"Ancient Tea Set"},{"floor":29,"key":"infinitespire:Lucky Rock"},{"floor":41,"key":"Replay:Wax Seal"},{"floor":43,"key":"hubris:FunFungus"}],"event_choices":[{"damage_healed":18,"gold_gain":0,"player_choice":"Healed","damage_taken":0,"max_hp_gain":0,"max_hp_loss":0,"event_name":"The Cleric","floor":4,"gold_loss":35},{"cards_removed":["Looming Evil"],"damage_healed":0,"gold_gain":0,"player_choice":"Offered Curse","damage_taken":0,"relics_obtained":["Spirit Poop"],"max_hp_gain":0,"max_hp_loss":0,"event_name":"Bonfire Elementals","floor":12,"gold_loss":0}],"is_beta":false,"boss_relics":[{"not_picked":["ChewingGum","Replay:Grab Bag"],"picked":"halation:HeavySnake"},{"not_picked":["Replay:Drink Me","infinitespire:Cupcake"],"picked":"halation:Yufonium"}],"items_purged_floors":[],"is_endless":false,"potions_floor_spawned":[1,2,5,21,27,31,35,42,46,48],"ascension_level":3}}