{"host":"idmgg8r816nmas40","time":1609445865,"event":{"mods":["AchievementEnabler","AlwaysNeverKeys","BaseMod","BetterRewards","Block Reminder","Colored Map","Colored Powertips","DeckTracker","Googly Eyes","Highlight Path","Hubris","Infinite Spire","Minty Spire (QoL Compilation)","Quick Restart","Relic Stats","Replay The Spire","Shop Mod","StSLib","SuperFastMode","Synergy Search","Transform Curses"],"gold_per_floor":[115,115,115,140,164,178,178,178,178,210,210,252,263,283,283,365,365,375,9,9,32,32,52,52,52,52,71,93,128,128,143,143,217,217,236,136,155,47,70,109,109,142,165,191,191,134,150,185,185,192,192,192,192,34,64,64],"floor_reached":57,"playtime":2534,"items_purged":["hubris:Greed"],"score":4272,"play_id":"5d7ac347-5bba-4516-b9c3-7aebc2dbe94d","local_time":"20201231131745","is_ascension_mode":true,"campfire_choices":[{"floor":7,"key":"REST"},{"data":"Loop","floor":7,"key":"SMITH"},{"floor":15,"key":"REST"},{"data":"Biased Cognition","floor":32,"key":"SMITH"},{"floor":41,"key":"REST"},{"data":"infinitespire:Oblivion","floor":41,"key":"SMITH"},{"floor":45,"key":"DIG"},{"floor":49,"key":"REST"},{"data":"hubris:PowerSurge","floor":49,"key":"SMITH"}],"circlet_count":0,"master_deck":["AscendersBane","Strike_B","Strike_B+1","Strike_B","Defend_B","Defend_B","Defend_B+1","Zap","Dualcast","Loop","Gash","hubris:PowerSurge+1","Heatsinks","Crystallizer","Chill+1","Loop+1","Static Discharge","Gash+1","Cold Snap","Sunder","Cold Snap","Ball Lightning","Creative AI+1","Defragment+1","Lockon","hubris:Ukulele","Tempest+1","infinitespire:Oblivion+1","infinitespire:Gouge","Defragment","Leap","Sunder","Conserve Battery+1","ReplayGash","Biased Cognition+1","Electrodynamics","Gash","Conserve Battery+1","Chill","Pot Of Greed","Pot Of Greed","Pot Of Greed","Pot Of Greed","Stack+1","Loop","Cold Snap","Heatsinks+1","Cold Snap","Barrage","Loop","Ball Lightning","hubris:PowerSurge","Pot Of Greed"],"relics":["Cracked Core","Geode","Whetstone","infinitespire:Magic Flask","hubris:BallOfYels","Runic Capacitor","Du-Vu Doll","Incense Burner","Replay:Lucky Slots","Simple Rune","DollysMirror","ReplayTheSpireMod:CursedCoin","ClockworkSouvenir","Solar Panel","hubris:OldNail","Snack Pack","Spirit Poop","Replay:Bottled Snecko","Ancient Tea Set","GremlinMask","Blood Vial","Snecko Eye","Replay:Baseball","Bronze Scales","Enchiridion","TungstenRod","Painkiller Herb","Replay:Multitool","infinitespire:PuzzleCube","Inserter","infinitespire:Beetle Shell","Grinning Jar","Centennial Puzzle","Nunchaku","Art of War","Counterbalance"],"acts_visited":["Exordium","TheCity","TheBeyond","TheEnding"],"potions_floor_usage":[28,29,29,50],"damage_taken":[{"damage":0,"enemies":"Jaw Worm","floor":1,"turns":2},{"damage":6,"enemies":"Cultist","floor":4,"turns":2},{"damage":0,"enemies":"Small Slimes","floor":5,"turns":2},{"damage":8,"enemies":"3 Louse","floor":6,"turns":1},{"damage":36,"enemies":"Lagavulin","floor":10,"turns":3},{"damage":10,"enemies":"3 Sentries","floor":12,"turns":5},{"damage":10,"enemies":"Red Slaver","floor":13,"turns":2},{"damage":0,"enemies":"Looter","floor":14,"turns":3},{"damage":8,"enemies":"The Guardian","floor":16,"turns":7},{"damage":0,"enemies":"Chosen","floor":18,"turns":3},{"damage":10,"enemies":"2 Thieves","floor":21,"turns":4},{"damage":12,"enemies":"Centurion and Healer","floor":23,"turns":4},{"damage":1,"enemies":"Snake Plant","floor":27,"turns":2},{"damage":8,"enemies":"Shelled Parasite and Fungi","floor":28,"turns":3},{"damage":14,"enemies":"Book of Stabbing","floor":29,"turns":3},{"damage":0,"enemies":"3 Cultists","floor":31,"turns":2},{"damage":11,"enemies":"Pondfish","floor":33,"turns":6},{"damage":0,"enemies":"Orb Walker","floor":35,"turns":2},{"damage":14,"enemies":"3 Shapes","floor":37,"turns":2},{"damage":0,"enemies":"Jaw Worm Horde","floor":39,"turns":2},{"damage":45,"enemies":"Nightmare","floor":40,"turns":4},{"damage":0,"enemies":"Giant Head","floor":42,"turns":5},{"damage":18,"enemies":"Writhing Mass","floor":44,"turns":2},{"damage":6,"enemies":"Sphere and 2 Shapes","floor":47,"turns":2},{"damage":35,"enemies":"Nemesis","floor":48,"turns":5},{"damage":80,"enemies":"Awakened One","floor":50,"turns":6},{"damage":6,"enemies":"Time Eater","floor":51,"turns":8},{"damage":17,"enemies":"Shield and Spear","floor":55,"turns":2},{"damage":48,"enemies":"The Heart","floor":56,"turns":5}],"seed_played":"-6686164993116062071","potions_obtained":[{"floor":4,"key":"Block Potion"},{"floor":13,"key":"Weak Potion"},{"floor":28,"key":"Reflective Coating"},{"floor":31,"key":"Doom Potion"}],"is_trial":false,"path_per_floor":["M","?","?","M","M","M","R","?","T","E","?","E","M","M","R","B",null,"M","$","?","M","?","M","AVR","?","T","?","?","E","T","?","T","B",null,"?","NS","?","T","?","NM","T","E","T","?","T","T","?","E","T","B","B",null,"T","T","E","B",null],"character_chosen":"DEFECT","items_purchased":["Geode","Whetstone","Loop","Gash","hubris:BallOfYels","Runic Capacitor","hubris:PowerSurge","Replay:Lucky Slots","Simple Rune","DollysMirror","Heatsinks","ReplayTheSpireMod:CursedCoin","ClockworkSouvenir","Solar Panel","hubris:OldNail","Replay:Baseball","Bronze Scales","Lockon","FairyPotion","Cold Snap","Barrage","Loop","Ball Lightning"],"campfire_rested":4,"item_purchase_floors":[0,0,0,0,0,0,0,0,0,0,0,0,0,0,0,19,19,19,38,46,54,54,54],"current_hp_per_floor":[60,60,60,58,62,58,71,71,71,39,39,33,29,35,56,58,68,71,71,50,48,48,52,52,52,52,63,63,57,71,71,71,70,71,71,71,63,63,71,38,59,71,71,61,61,61,65,40,61,34,42,64,71,71,66,38],"gold":64,"neow_bonus":"","is_daily":false,"chose_seed":false,"campfire_upgraded":4,"win_rate":0.0,"timestamp":1609445865,"path_taken":["M","?","?","M","M","?","R","?","T","E","?","E","M","M","R","BOSS","M","?","?","M","?","M","AVR","?","T","?","?","E","T","?","T","BOSS","?","NS","?","T","?","NM","T","E","T","?","T","T","?","E","T","BOSS","BOSS","T","T","E","BOSS"],"items_purchased_type":["Relic","Relic","Card","Card","Relic","Relic","Card","Relic","Relic","Relic","Card","Relic","Relic","Relic","Relic","Relic","Relic","Card","Potion","Card","Card","Card","Card"],"build_version":"2020-12-22","purchased_purges":1,"victory":true,"max_hp_per_floor":[71,71,71,71,71,71,71,71,71,71,71,71,71,71,71,71,71,71,71,71,71,71,71,71,71,71,71,71,71,71,71,71,71,71,71,71,71,71,71,71,71,71,71,71,71,71,71,71,71,71,71,71,71,71,71,71],"relic_stats":{"Blood Vial":32,"Centennial Puzzle":[21],"Nunchaku":[18],"Inserter":[16],"counters":[141,599],"Bronze Scales":[334],"Snecko Eye":[340,322,300,312],"Art of War":[6],"Whetstone":["Strike_B","Strike_B"],"obtain_stats":[{"Golden Egg":23,"hubris:BallOfYels":0,"infinitespire:BottledMercury":2,"Spirit Poop":48,"Ginger":31,"Whetstone":0,"hubris:MysteriousPyramids":0,"Boot":13,"FrozenCore":17,"Blood Vial":29,"Replay:Ringing Soul":0,"infinitespire:ShieldingShard":44,"hubris:DeckOfHolding":3,"MealTicket":9,"infinitespire:Golems Mask":25,"Fusion Hammer":34,"HandDrill":53,"Replay:Wax Seal":31,"hubris:TinFlute":27,"Pear":43,"Counterbalance":0,"infinitespire:Magic Flask":0,"Akabeko":48,"infinitespire:Lychee Nut":0,"infinitespire:Broken Mirror":53,"Snecko Eye":34,"StrikeDummy":54,"infinitespire:PuzzleCube":29,"Solar Panel":0,"Regal Pillow":43,"GremlinMask":11,"Painkiller Herb":24,"Bag of Preparation":12,"Replay:Multitool":26,"Ancient Tea Set":10,"Replay:Rubber Ducky":23,"BranchBurnRelic":23,"hubris:Backtick":34,"Matryoshka":26,"Shovel":41,"hubris:FunFungus":0,"Replay:Lucky Slots":0,"infinitespire:Eraser":9,"hubris:GlazedTorus":0,"Inserter":34,"Circlet":0,"Thread and Needle":0,"PreservedInsect":0,"infinitespire:Joker Card":0,"Geode":26,"Omamori":20,"infinitespire:Lucky Rock":43,"Busted Crown":17,"hubris:Spice":0,"Ornamental Fan":40,"Orrery":36,"Art of War":46,"Garlic":10,"Bottled Lightning":54,"Toy Ornithopter":38,"infinitespire:Freezer":11,"Ice Cream":19,"Gremlin Horn":0,"Runic Capacitor":0,"Sozu":34,"Centennial Puzzle":46,"Lizard Tail":0,"infinitespire:SolderingIron":28,"DollysMirror":0,"Strawberry":0,"Honey Jar":36,"Philosopher\u0027s Stone":34,"Prayer Wheel":16,"Iron Hammer":9,"Happy Flower":6,"hubris:SoftwareUpdate":24,"ReplayTheSpireMod:CursedCoin":0,"Dead Branch":17,"Replay:Grab Bag":34,"Oddly Smooth Stone":7,"infinitespire:Beetle Shell":40,"WarpedTongs":37,"Du-Vu Doll":0,"Replay:Baseball":19,"Bronze Scales":19,"hubris:PeanutButter":9,"Simple Rune":10,"Black Star":17,"hubris:ToyBattleship":41,"Grinning Jar":42,"Darkstone Periapt":26,"ReplayFunnel":39,"ReplayTheSpireMod:Ring of Exchange":2,"Enchiridion":20,"Incense Burner":0,"ClockworkSouvenir":0,"Emotion Chip":26,"Nunchaku":44,"Chameleon Ring":0,"hubris:Icosahedron":29,"Mummified Hand":29,"Pantograph":41,"Replay:Bottled Snecko":7,"Replay:Antivirus Software":55,"Cracked Core":0,"BargainBundle":13,"ReplayTheSpireMod:Ninjato":13,"Guide Book":53,"infinitespire:FocusingShard":43,"White Beast Statue":6,"Peace Pipe":0,"Calling Bell":17,"Anchor":41,"DataDisk":12,"infinitespire:WardingShard":25,"Snack Pack":2,"Membership Card":34,"hubris:OldNail":0,"TungstenRod":24},{"Golden Egg":17,"hubris:BallOfYels":33,"infinitespire:BottledMercury":87,"Spirit Poop":30,"Ginger":22,"Whetstone":112,"hubris:MysteriousPyramids":86,"Boot":70,"FrozenCore":72,"Blood Vial":20,"Replay:Ringing Soul":86,"infinitespire:ShieldingShard":107,"hubris:DeckOfHolding":1,"MealTicket":39,"infinitespire:Golems Mask":98,"Fusion Hammer":102,"HandDrill":31,"Replay:Wax Seal":22,"hubris:TinFlute":76,"Pear":55,"Counterbalance":86,"infinitespire:Magic Flask":112,"Akabeko":108,"infinitespire:Lychee Nut":33,"infinitespire:Broken Mirror":60,"Snecko Eye":102,"StrikeDummy":32,"infinitespire:PuzzleCube":127,"Solar Panel":112,"Regal Pillow":27,"GremlinMask":117,"Painkiller Herb":124,"Bag of Preparation":10,"Replay:Multitool":124,"Ancient Tea Set":117,"Replay:Rubber Ducky":17,"BranchBurnRelic":96,"hubris:Backtick":51,"Matryoshka":75,"Shovel":82,"hubris:FunFungus":33,"Replay:Lucky Slots":62,"infinitespire:Eraser":90,"hubris:GlazedTorus":6,"Inserter":129,"Circlet":0,"Thread and Needle":62,"PreservedInsect":33,"infinitespire:Joker Card":86,"Geode":18,"Omamori":73,"infinitespire:Lucky Rock":82,"Busted Crown":43,"hubris:Spice":33,"Ornamental Fan":55,"Orrery":80,"Art of War":58,"Garlic":91,"Bottled Lightning":32,"Toy Ornithopter":53,"infinitespire:Freezer":10,"Ice Cream":95,"Gremlin Horn":0,"Runic Capacitor":112,"Sozu":102,"Centennial Puzzle":29,"Lizard Tail":33,"infinitespire:SolderingIron":76,"DollysMirror":6,"Strawberry":62,"Honey Jar":80,"Philosopher\u0027s Stone":23,"Prayer Wheel":43,"Iron Hammer":9,"Happy Flower":38,"hubris:SoftwareUpdate":75,"ReplayTheSpireMod:CursedCoin":112,"Dead Branch":94,"Replay:Grab Bag":102,"Oddly Smooth Stone":9,"infinitespire:Beetle Shell":133,"WarpedTongs":24,"Du-Vu Doll":112,"Replay:Baseball":122,"Bronze Scales":122,"hubris:PeanutButter":3,"Simple Rune":10,"Black Star":13,"hubris:ToyBattleship":106,"Grinning Jar":134,"Darkstone Periapt":98,"ReplayFunnel":105,"ReplayTheSpireMod:Ring of Exchange":1,"Enchiridion":122,"Incense Burner":112,"ClockworkSouvenir":0,"Emotion Chip":49,"Nunchaku":107,"Chameleon Ring":6,"hubris:Icosahedron":50,"Mummified Hand":20,"Pantograph":27,"Replay:Bottled Snecko":3,"Replay:Antivirus Software":111,"Cracked Core":0,"BargainBundle":92,"ReplayTheSpireMod:Ninjato":92,"Guide Book":60,"infinitespire:FocusingShard":82,"White Beast Statue":67,"Peace Pipe":62,"Calling Bell":94,"Anchor":27,"DataDisk":41,"infinitespire:WardingShard":49,"Snack Pack":113,"Membership Card":51,"hubris:OldNail":112,"TungstenRod":124},{"Golden Egg":72,"hubris:BallOfYels":139,"infinitespire:BottledMercury":372,"Spirit Poop":125,"Ginger":93,"Whetstone":503,"hubris:MysteriousPyramids":368,"Boot":301,"FrozenCore":310,"Blood Vial":85,"Replay:Ringing Soul":368,"infinitespire:ShieldingShard":469,"hubris:DeckOfHolding":3,"MealTicket":156,"infinitespire:Golems Mask":427,"Fusion Hammer":447,"HandDrill":129,"Replay:Wax Seal":93,"hubris:TinFlute":329,"Pear":241,"Counterbalance":368,"infinitespire:Magic Flask":503,"Akabeko":475,"infinitespire:Lychee Nut":139,"infinitespire:Broken Mirror":273,"Snecko Eye":447,"StrikeDummy":134,"infinitespire:PuzzleCube":547,"Solar Panel":503,"Regal Pillow":116,"GremlinMask":513,"Painkiller Herb":539,"Bag of Preparation":42,"Replay:Multitool":539,"Ancient Tea Set":513,"Replay:Rubber Ducky":72,"BranchBurnRelic":416,"hubris:Backtick":219,"Matryoshka":324,"Shovel":355,"hubris:FunFungus":139,"Replay:Lucky Slots":282,"infinitespire:Eraser":383,"hubris:GlazedTorus":24,"Inserter":555,"Circlet":0,"Thread and Needle":282,"PreservedInsect":139,"infinitespire:Joker Card":368,"Geode":78,"Omamori":314,"infinitespire:Lucky Rock":355,"Busted Crown":180,"hubris:Spice":139,"Ornamental Fan":241,"Orrery":346,"Art of War":257,"Garlic":388,"Bottled Lightning":134,"Toy Ornithopter":228,"infinitespire:Freezer":42,"Ice Cream":411,"Gremlin Horn":0,"Runic Capacitor":503,"Sozu":447,"Centennial Puzzle":124,"Lizard Tail":139,"infinitespire:SolderingIron":329,"DollysMirror":24,"Strawberry":282,"Honey Jar":346,"Philosopher\u0027s Stone":101,"Prayer Wheel":170,"Iron Hammer":35,"Happy Flower":154,"hubris:SoftwareUpdate":324,"ReplayTheSpireMod:CursedCoin":503,"Dead Branch":407,"Replay:Grab Bag":447,"Oddly Smooth Stone":35,"infinitespire:Beetle Shell":565,"WarpedTongs":104,"Du-Vu Doll":503,"Replay:Baseball":531,"Bronze Scales":531,"hubris:PeanutButter":11,"Simple Rune":42,"Black Star":54,"hubris:ToyBattleship":462,"Grinning Jar":569,"Darkstone Periapt":427,"ReplayFunnel":458,"ReplayTheSpireMod:Ring of Exchange":3,"Enchiridion":531,"Incense Burner":503,"ClockworkSouvenir":0,"Emotion Chip":208,"Nunchaku":469,"Chameleon Ring":24,"hubris:Icosahedron":212,"Mummified Hand":85,"Pantograph":116,"Replay:Bottled Snecko":11,"Replay:Antivirus Software":496,"Cracked Core":0,"BargainBundle":393,"ReplayTheSpireMod:Ninjato":393,"Guide Book":273,"infinitespire:FocusingShard":355,"White Beast Statue":294,"Peace Pipe":282,"Calling Bell":407,"Anchor":116,"DataDisk":163,"infinitespire:WardingShard":208,"Snack Pack":505,"Membership Card":219,"hubris:OldNail":503,"TungstenRod":539}],"TungstenRod":55},"card_choices":[{"not_picked":["Steam","Scrape"],"picked":"Crystallizer","floor":1},{"not_picked":["Capacitor","Genetic Algorithm"],"picked":"Chill","floor":4},{"not_picked":["Rip and Tear","Turbo"],"picked":"Loop","floor":5},{"not_picked":["Self Repair","hubris:Ukulele"],"picked":"Static Discharge","floor":6},{"not_picked":["Fission","Sweeping Beam"],"picked":"Cold Snap","floor":10},{"not_picked":["Doom and Gloom","Conserve Battery"],"picked":"Sunder","floor":12},{"not_picked":["Steam","BasicCrystalCard"],"picked":"Cold Snap","floor":13},{"not_picked":["ReplayTheSpireMod:Calculation Training","Compile Driver"],"picked":"Ball Lightning","floor":14},{"not_picked":["Reboot","All For One"],"picked":"Creative AI","floor":16},{"not_picked":["Gash","Darkness+1"],"picked":"Defragment+1","floor":18},{"not_picked":["Coolheaded","Heatsinks"],"picked":"hubris:Ukulele","floor":21},{"not_picked":["Skim","Go for the Eyes"],"picked":"Tempest+1","floor":23},{"not_picked":["Tempest","Redo"],"picked":"Sunder","floor":27},{"not_picked":["Darkness","Sweeping Beam"],"picked":"Conserve Battery+1","floor":28},{"not_picked":["Steam","Barrage+1"],"picked":"ReplayGash","floor":29},{"not_picked":["ReplayTheSpireMod:Calculation Training","Stack"],"picked":"Biased Cognition","floor":31},{"not_picked":["Rainbow","Core Surge"],"picked":"Electrodynamics","floor":33},{"not_picked":["Skim","Turbo"],"picked":"Gash","floor":35},{"not_picked":["Beam Cell","Barrage"],"picked":"Conserve Battery+1","floor":37},{"not_picked":["ReplayTheSpireMod:Reroute Power","Beam Cell","Steam"],"picked":"SKIP","floor":39},{"not_picked":["Stack","ReplayRNGCard"],"picked":"Chill","floor":40},{"not_picked":["Panic Button","Compile Driver"],"picked":"Stack+1","floor":42},{"not_picked":["Conserve Battery","hubris:Ukulele"],"picked":"Loop","floor":44},{"not_picked":["Beam Cell","Sweeping Beam"],"picked":"Heatsinks+1","floor":47},{"not_picked":["Leap+1","Go for the Eyes"],"picked":"Cold Snap","floor":48},{"not_picked":["Reprogram","Compile Driver"],"picked":"hubris:PowerSurge","floor":55}],"player_experience":1026819,"relics_obtained":[{"floor":9,"key":"Replay:Bottled Snecko"},{"floor":10,"key":"Ancient Tea Set"},{"floor":12,"key":"Blood Vial"},{"floor":20,"key":"Enchiridion"},{"floor":26,"key":"Replay:Multitool"},{"floor":29,"key":"infinitespire:PuzzleCube"},{"floor":40,"key":"infinitespire:Beetle Shell"},{"floor":42,"key":"Grinning Jar"},{"floor":43,"key":"Centennial Puzzle"},{"floor":45,"key":"Nunchaku"},{"floor":48,"key":"Art of War"},{"floor":55,"key":"Counterbalance"}],"event_choices":[{"damage_healed":0,"gold_gain":0,"player_choice":"Box","damage_taken":0,"relics_obtained":["Snack Pack"],"max_hp_gain":0,"max_hp_loss":0,"event_name":"Big Fish","floor":2,"gold_loss":0,"cards_obtained":["Regret"]},{"cards_removed":["Regret"],"damage_healed":0,"gold_gain":0,"player_choice":"Offered Curse","damage_taken":0,"relics_obtained":["Spirit Poop"],"max_hp_gain":0,"max_hp_loss":0,"event_name":"Bonfire Elementals","floor":3,"gold_loss":0},{"damage_healed":0,"gold_gain":0,"player_choice":"Trade","damage_taken":0,"relics_obtained":["GremlinMask"],"max_hp_gain":0,"max_hp_loss":0,"event_name":"FaceTrader","floor":11,"gold_loss":0},{"damage_healed":0,"gold_gain":0,"player_choice":"Obtained Book","damage_taken":21,"max_hp_gain":0,"max_hp_loss":0,"event_name":"Cursed Tome","floor":20,"gold_loss":0},{"damage_healed":0,"gold_gain":0,"player_choice":"2 cards matched","damage_taken":0,"max_hp_gain":0,"max_hp_loss":0,"event_name":"Match and Keep!","floor":25,"gold_loss":0,"cards_obtained":["Defragment","Leap"]}],"is_beta":false,"boss_relics":[{"not_picked":["Ectoplasm","hubris:RunicObelisk"],"picked":"Snecko Eye"},{"not_picked":["hubris:HollowSoul","Cursed Key"],"picked":"Inserter"}],"items_purged_floors":[0],"is_endless":false,"potions_floor_spawned":[4,13,14,18,27,28,31,39,44],"ascension_level":20}}