{"host":"pf47v7h0307523iy","time":1609410658,"event":{"mods":["BaseMod","Minty Spire (QoL Compilation)"],"gold_per_floor":[115,135,154,25,25,25,54,54,54,54,54,66,66,141,141,141,141],"floor_reached":16,"playtime":1520,"items_purged":["Strike_G"],"score":196,"play_id":"96ddafa6-bc4e-434b-81fb-a04957772a87","local_time":"20201231123058","is_ascension_mode":true,"campfire_choices":[{"data":"Glass Knife","floor":6.0,"key":"SMITH"},{"data":"Bouncing Flask","floor":10.0,"key":"SMITH"},{"data":"Noxious Fumes","floor":13.0,"key":"SMITH"},{"data":"Neutralize","floor":15.0,"key":"SMITH"}],"circlet_count":0,"master_deck":["AscendersBane","Strike_G","Strike_G","Strike_G","Defend_G","Defend_G","Defend_G","Defend_G","Defend_G","Survivor","Neutralize+1","Glass Knife+1","PiercingWail","Masterful Stab","Bouncing Flask+1","Dagger Spray","Poisoned Stab","Noxious Fumes+1"],"relics":["Ring of the Snake","Singing Bowl"],"acts_visited":["Exordium"],"potions_floor_usage":[],"damage_taken":[{"damage":4.0,"enemies":"Small Slimes","floor":1.0,"turns":4.0},{"damage":1.0,"enemies":"Jaw Worm","floor":2.0,"turns":5.0},{"damage":0.0,"enemies":"2 Louse","floor":3.0,"turns":2.0},{"damage":29.0,"enemies":"Gremlin Nob","floor":7.0,"turns":4.0},{"damage":0.0,"enemies":"Blue Slaver","floor":12.0,"turns":1.0},{"damage":24,"enemies":"The Guardian","floor":16,"turns":6}],"seed_played":"5222809108898197793","potions_obtained":[{"floor":1.0,"key":"GamblersBrew"},{"floor":3.0,"key":"SkillPotion"}],"is_trial":false,"path_per_floor":["M","M","M","$","?","R","E","?","T","R","?","M","R","?","R","B"],"character_chosen":"THE_SILENT","items_purchased":["Dagger Spray"],"campfire_rested":0,"item_purchase_floors":[4],"current_hp_per_floor":[55,54,54,54,59,59,32,32,32,32,32,32,32,21,21,0,0],"gold":141,"neow_bonus":"THREE_RARE_CARDS","is_daily":false,"chose_seed":false,"campfire_upgraded":4,"win_rate":0.0,"timestamp":1609410658,"path_taken":["M","M","M","$","?","R","E","?","T","R","?","M","R","?","R","BOSS"],"items_purchased_type":["Card"],"build_version":"2020-12-22","purchased_purges":1,"victory":false,"max_hp_per_floor":[60,60,60,60,65,65,67,67,67,67,67,67,67,67,67,67,67],"card_choices":[{"not_picked":["Grand Finale","Burst"],"picked":"Glass Knife","floor":0.0},{"not_picked":["Riddle With Holes","Catalyst"],"picked":"PiercingWail","floor":1.0},{"not_picked":["Quick Slash","Reflex"],"picked":"Masterful Stab","floor":2.0},{"not_picked":["Accuracy","Cloak And Dagger"],"picked":"Bouncing Flask","floor":3.0},{"not_picked":["Bouncing Flask","Dagger Spray","Deflect"],"picked":"Singing Bowl","floor":7.0},{"not_picked":["Blade Dance","Backflip"],"picked":"Noxious Fumes","floor":12.0}],"player_experience":1551118,"relics_obtained":[{"floor":7.0,"key":"Singing Bowl"}],"event_choices":[{"damage_healed":0.0,"max_hp_gain":5.0,"max_hp_loss":0.0,"gold_gain":0.0,"event_name":"Big Fish","player_choice":"Donut","floor":5.0,"gold_loss":0.0,"damage_taken":0.0},{"damage_healed":0.0,"max_hp_gain":0.0,"max_hp_loss":0.0,"gold_gain":0.0,"event_name":"Liars Game","player_choice":"Ignored","floor":8.0,"gold_loss":0.0,"damage_taken":0.0},{"damage_healed":0.0,"max_hp_gain":0.0,"max_hp_loss":0.0,"gold_gain":0.0,"cards_transformed":["Strike_G"],"event_name":"Living Wall","player_choice":"Change","floor":11.0,"gold_loss":0.0,"damage_taken":0.0,"cards_obtained":["Poisoned Stab"]},{"damage_healed":0.0,"max_hp_gain":0.0,"max_hp_loss":0.0,"gold_gain":75.0,"event_name":"World of Goop","player_choice":"Gather Gold","floor":14.0,"gold_loss":0.0,"damage_taken":11.0}],"is_beta":false,"boss_relics":[],"items_purged_floors":[4],"is_endless":false,"potions_floor_spawned":[1,3],"killed_by":"The Guardian","ascension_level":20}}