{"host":"ql2ou8pbwhrolc4x","time":1609425195,"event":{"mods":["2.2 Compatiblity","Act Like it!","Arknights The Spire","BaseMod","Better Third Choice","Colored Map","Colored Powertips","Gensokyo","Hallownest","Hubris","Infinite Spire","Lobotomy","LobotomyExtend","Marisa£¨Ùöéë¡¡Øª×âÞÞ£©","Minty Spire (QoL Compilation)","Random Character Button","Replay The Spire","Spicy Shops","StSLib","The Dragon Tamer","The Jungle","WarShipGirlsR/??á´Ò³R mod","Yakumo Yukari mod","vexMod","¡¼?Úª?ø«¡½REMEMod"],"gold_per_floor":[115,115,115,125,143,143,155,180,207,207,207,207,217,227,227,257,257,257],"floor_reached":16,"playtime":829,"items_purged":[],"score":102,"play_id":"07128d8b-0454-4782-9f01-6c6b09a883a5","local_time":"20201231233315","is_ascension_mode":false,"metric_token":1631,"campfire_choices":[{"data":"DTMod:FlameSlash","floor":6,"key":"SMITH"},{"data":"REME_Fury","floor":10,"key":"SMITH"},{"data":"DTMod:DoubleHit","floor":15,"key":"SMITH"}],"dtmod_dragon_data":[0,50,-1,-1,0,0],"circlet_count":1,"master_deck":["DTMod:Strike","DTMod:Strike","DTMod:Strike","DTMod:Strike","DTMod:DoubleHit+1","DTMod:TargetDefense","DTMod:TargetDefense","DTMod:TargetDefense","DTMod:TargetDefense","DTMod:SwitchingTactic","Dazed","DTMod:BlazingStrike+1","REME_Fury+1","DTMod:BlazingStrike+1","DTMod:FlameSlash+1","DTMod:QuickFly+1","DTMod:PurifyingFlame+1","DTMod:BuildUp","DTMod:MagicField"],"relics":["DTMod:PactStone","REME_ComplimentaryCards","LetterFromLob","hubris:Icosahedron","Hallownest:DreamNailRelic","ats:Originium","infinitespire:Beetle Shell","Blue Doll","Circlet"],"acts_visited":["Exordium"],"potions_floor_usage":[8,16],"damage_taken":[{"damage":0,"enemies":"Hallownest:monsterHuskGuard","floor":1,"turns":4},{"damage":0,"enemies":"Hallownest:2_MossCreeps","floor":4,"turns":5},{"damage":0,"enemies":"Hallownest:2_Baldur","floor":5,"turns":3},{"damage":0,"enemies":"Hallownest:1_Baldur_1_Crawlid_1_Warrior","floor":7,"turns":4},{"damage":7,"enemies":"Hallownest:eliteCrystalGuardian","floor":8,"turns":5},{"damage":0,"enemies":"Hallownest:1_Ooma_and_2_Uuma","floor":13,"turns":3},{"damage":13,"enemies":"Hallownest:Guard_and_Warrior","floor":14,"turns":5},{"damage":46,"enemies":"Hallownest:BossBrokenVessel","floor":16,"turns":11}],"seed_played":"8717384953460726227","potions_obtained":[{"floor":5,"key":"LiquidMemories"},{"floor":7,"key":"Strength Potion"},{"floor":8,"key":"REME_GoldPotion"}],"is_trial":false,"path_per_floor":["M","?","?","M","M","R","M","E","T","R","M","?","M","M","R","B"],"character_chosen":"THE_DT","items_purchased":[],"campfire_rested":0,"item_purchase_floors":[],"current_hp_per_floor":[45,45,45,45,45,45,45,38,38,38,38,38,38,25,25,0,0,0],"gold":257,"neow_bonus":"ONE_RANDOM_RARE_CARD","is_daily":false,"chose_seed":false,"campfire_upgraded":3,"win_rate":0.0,"timestamp":1609425195,"path_taken":["M","?","?","M","M","R","?","E","T","R","M","?","M","M","R","BOSS"],"items_purchased_type":[],"build_version":"2020-12-22","purchased_purges":0,"victory":false,"max_hp_per_floor":[45,45,45,45,45,45,45,45,45,45,45,45,45,45,45,45,45,45],"card_choices":[{"not_picked":["DTMod:Punisher","DTMod:BlueScale"],"picked":"DTMod:BlazingStrike","floor":1},{"not_picked":["DTMod:BizarreTactic","DTMod:Overwhelm"],"picked":"DTMod:BlazingStrike","floor":4},{"not_picked":["DTMod:Shift","DTMod:Inferno"],"picked":"DTMod:FlameSlash","floor":5},{"not_picked":["DTMod:Punisher","DTMod:MasterPlan"],"picked":"DTMod:QuickFly","floor":7},{"not_picked":["DTMod:Safeguard","DTMod:Conduct"],"picked":"DTMod:PurifyingFlame","floor":8},{"not_picked":["DTMod:BlazingStrike","DTMod:LastStand"],"picked":"DTMod:BuildUp","floor":13},{"not_picked":["DTMod:Threaten","DTMod:RecklessFlurry"],"picked":"DTMod:MagicField","floor":14}],"player_experience":916587,"relics_obtained":[{"floor":1,"key":"LetterFromLob"},{"floor":8,"key":"ats:Originium"},{"floor":8,"key":"infinitespire:Beetle Shell"},{"floor":9,"key":"Blue Doll"}],"event_choices":[],"is_beta":false,"boss_relics":[],"items_purged_floors":[],"is_endless":false,"potions_floor_spawned":[5,7,8],"killed_by":"Hallownest:BossBrokenVessel","ascension_level":0}}