{"host":"qy1e0kd24tpj3i2m","time":1609448206,"event":{"mods":["Act Like it!","Alarm Clock","BaseMod","Better Skull","Better Vampires","Colored Map","Colored Powertips","Custom Start","Faster Ascension Climbing","Friendly Minions","GifTheSpireLib","Gremlin Skip","Highlight Path","Minty Spire (QoL Compilation)","Permanent Neow","Quick Restart","Red Circlet Mod","Relic Sorter","Reorder Act Four","SacredBarkPlus","Shop Mod","StSLib","SuperFastMode","Transform Curses","没有小屋子和绿帽子啦"],"gold_per_floor":[362,114,130,145,163,163,194,208,208,283,283,283,302,318,318,392,392,405,405,421,421,421],"floor_reached":21,"playtime":796,"items_purged":["Regret"],"score":366,"play_id":"49431b20-6cc1-402f-b330-f42b0be9d773","local_time":"20210101055646","is_ascension_mode":true,"campfire_choices":[{"data":"Rampage","floor":6.0,"key":"SMITH"},{"floor":11.0,"key":"REST"},{"data":"Pommel Strike","floor":15.0,"key":"SMITH"}],"circlet_count":0,"master_deck":["AscendersBane","Strike_R","Strike_R","Strike_R","Strike_R","Strike_R","Defend_R","Defend_R","Defend_R","Defend_R","Pommel Strike+1","Rampage+1","Flex","Feel No Pain","Burning Pact","Feel No Pain","Evolve","Barricade","Body Slam","Shrug It Off"],"relics":["Burning Blood","TheAbacus","Sundial","HornCleat","Busted Crown","Shuriken"],"acts_visited":["Exordium","TheCity"],"potions_floor_usage":[],"damage_taken":[{"damage":4.0,"enemies":"2 Louse","floor":1.0,"turns":3.0},{"damage":10.0,"enemies":"Small Slimes","floor":3.0,"turns":4.0},{"damage":1.0,"enemies":"Cultist","floor":4.0,"turns":3.0},{"damage":19.0,"enemies":"Blue Slaver","floor":5.0,"turns":5.0},{"damage":31.0,"enemies":"Gremlin Nob","floor":7.0,"turns":4.0},{"damage":21.0,"enemies":"Gremlin Gang","floor":8.0,"turns":6.0},{"damage":2.0,"enemies":"2 Fungi Beasts","floor":13.0,"turns":4.0},{"damage":18.0,"enemies":"Exordium Thugs","floor":14.0,"turns":5.0},{"damage":20.0,"enemies":"The Guardian","floor":16.0,"turns":10.0},{"damage":16.0,"enemies":"Spheric Guardian","floor":18.0,"turns":6.0},{"damage":39.0,"enemies":"Shell Parasite","floor":20.0,"turns":6.0},{"damage":19,"enemies":"Snake Plant","floor":21,"turns":3}],"seed_played":"-6147063037106066048","potions_obtained":[{"floor":4.0,"key":"Energy Potion"},{"floor":5.0,"key":"Energy Potion"},{"floor":7.0,"key":"Strength Potion"},{"floor":14.0,"key":"Regen Potion"}],"is_trial":false,"path_per_floor":["M","$","M","M","M","R","E","M","T","?","R","?","M","M","R","B",null,"M","?","M","M"],"character_chosen":"IRONCLAD","items_purchased":["TheAbacus"],"campfire_rested":1,"item_purchase_floors":[2],"current_hp_per_floor":[70,70,66,71,58,58,33,18,18,7,29,29,33,21,21,22,62,52,52,19,0,0],"gold":421,"neow_bonus":"TWO_FIFTY_GOLD","is_daily":false,"chose_seed":false,"campfire_upgraded":2,"win_rate":0.0,"timestamp":1609448206,"path_taken":["M","$","M","M","M","R","E","M","T","?","R","?","M","?","R","BOSS","M","?","?","M"],"items_purchased_type":["Relic"],"build_version":"2020-12-22","purchased_purges":1,"victory":false,"max_hp_per_floor":[75,75,75,75,75,75,75,75,75,75,75,75,75,75,75,75,75,75,75,75,75,75],"card_choices":[{"not_picked":["Sever Soul","Cleave"],"picked":"Pommel Strike","floor":1.0},{"not_picked":["Armaments","Inflame"],"picked":"Rampage","floor":3.0},{"not_picked":["Iron Wave","Clothesline"],"picked":"Flex","floor":4.0},{"not_picked":["Second Wind","Heavy Blade"],"picked":"Feel No Pain","floor":5.0},{"not_picked":["Inflame","Twin Strike","Blood for Blood"],"picked":"SKIP","floor":7.0},{"not_picked":["Intimidate","Dark Embrace"],"picked":"Burning Pact","floor":8.0},{"not_picked":["Perfected Strike","Disarm"],"picked":"Feel No Pain","floor":13.0},{"not_picked":["Ghostly Armor","Shrug It Off"],"picked":"Evolve","floor":14.0},{"not_picked":["Brutality","Double Tap"],"picked":"Barricade","floor":16.0},{"not_picked":[],"picked":"Body Slam","floor":18.0},{"not_picked":[],"picked":"Shrug It Off","floor":20.0}],"player_experience":917623,"relics_obtained":[{"floor":7.0,"key":"Sundial"},{"floor":9.0,"key":"HornCleat"},{"floor":19.0,"key":"Shuriken"}],"event_choices":[{"damage_healed":0.0,"max_hp_gain":0.0,"max_hp_loss":0.0,"gold_gain":75.0,"event_name":"World of Goop","player_choice":"Gather Gold","floor":10.0,"gold_loss":0.0,"damage_taken":11.0},{"cards_removed":["Bash"],"damage_healed":0.0,"max_hp_gain":0.0,"max_hp_loss":0.0,"gold_gain":0.0,"event_name":"Purifier","player_choice":"Purged","floor":12.0,"gold_loss":0.0,"damage_taken":0.0},{"damage_healed":0.0,"max_hp_gain":0.0,"max_hp_loss":0.0,"gold_gain":0.0,"event_name":"Wheel of Change","player_choice":"Relic","floor":19.0,"gold_loss":0.0,"damage_taken":0.0}],"is_beta":false,"boss_relics":[{"not_picked":["Black Star","SacredBark"],"picked":"Busted Crown"}],"items_purged_floors":[2],"is_endless":false,"potions_floor_spawned":[4,5,7,14],"killed_by":"Snake Plant","ascension_level":20}}