{"host":"94aus4jnk6thj94q","time":1609424437,"event":{"mods":["BaseMod","Minty Spire (QoL Compilation)","Quick Restart","StSLib"],"gold_per_floor":[117,134,151,161,161,161,186,186,263,263,283,283,283,298,298,399,399,410,426,525,545,460,460,477,477,477,497,271,286,286,386,386,386,386],"floor_reached":33,"playtime":5172,"items_purged":[],"score":249,"play_id":"ab9264e5-7766-42f2-ab17-0e7fed2001f4","local_time":"20201231162037","is_ascension_mode":false,"campfire_choices":[{"floor":6.0,"key":"REST"},{"floor":8.0,"key":"REST"},{"floor":10.0,"key":"REST"},{"floor":13,"key":"REST"},{"floor":15,"key":"REST"},{"floor":23,"key":"REST"},{"floor":25,"key":"REST"},{"floor":30,"key":"REST"},{"floor":32,"key":"REST"}],"circlet_count":0,"master_deck":["Strike_B","Strike_B","Strike_B","Strike_B","Defend_B","Defend_B","Defend_B","Defend_B","Zap","Dualcast","Melter","Coolheaded","Capacitor+1","Tempest","Loop","Defragment","Electrodynamics","White Noise","Leap","Melter"],"relics":["FrozenCore","NeowsBlessing","WingedGreaves","Bottled Tornado","Akabeko","Kunai","ClockworkSouvenir"],"acts_visited":["Exordium","TheCity"],"potions_floor_usage":[16,19,27],"damage_taken":[{"damage":0.0,"enemies":"Jaw Worm","floor":1.0,"turns":1.0},{"damage":0.0,"enemies":"2 Louse","floor":2.0,"turns":1.0},{"damage":0.0,"enemies":"Small Slimes","floor":3.0,"turns":1.0},{"damage":17.0,"enemies":"Gremlin Gang","floor":4.0,"turns":5.0},{"damage":47.0,"enemies":"3 Sentries","floor":7.0,"turns":10.0},{"damage":29,"enemies":"Large Slime","floor":11,"turns":4},{"damage":6,"enemies":"2 Fungi Beasts","floor":14,"turns":4},{"damage":52,"enemies":"Slime Boss","floor":16,"turns":9},{"damage":5,"enemies":"Spheric Guardian","floor":18,"turns":4},{"damage":16,"enemies":"Shell Parasite","floor":19,"turns":4},{"damage":22,"enemies":"Shelled Parasite and Fungi","floor":21,"turns":7},{"damage":20,"enemies":"Centurion and Healer","floor":24,"turns":7},{"damage":9,"enemies":"Chosen and Byrds","floor":27,"turns":6},{"damage":26,"enemies":"3 Cultists","floor":29,"turns":5},{"damage":69,"enemies":"Champ","floor":33,"turns":16}],"seed_played":"7612862416184655705","potions_obtained":[{"floor":3.0,"key":"Ancient Potion"},{"floor":4.0,"key":"PotionOfCapacity"},{"floor":7.0,"key":"FocusPotion"},{"floor":16,"key":"AttackPotion"},{"floor":18,"key":"DistilledChaos"},{"floor":29,"key":"Swift Potion"}],"is_trial":false,"path_per_floor":["M","M","M","M","?","R","E","R","T","R","M","?","R","M","R","B",null,"M","M","?","M","?","R","M","R","T","M","$","M","R","?","R","B"],"character_chosen":"DEFECT","items_purchased":["ClockworkSouvenir","Melter"],"campfire_rested":9,"item_purchase_floors":[28,28],"current_hp_per_floor":[75,75,75,58,58,75,28,50,50,72,43,43,65,59,75,23,75,70,54,54,32,32,54,34,56,56,47,47,21,43,43,65,0,0],"gold":386,"neow_bonus":"THREE_ENEMY_KILL","is_daily":false,"chose_seed":false,"campfire_upgraded":0,"win_rate":0.0,"timestamp":1609424437,"path_taken":["M","M","M","M","?","R","E","R","T","R","M","?","R","M","R","BOSS","M","M","?","M","?","R","M","R","T","M","$","M","R","?","R","BOSS"],"items_purchased_type":["Relic","Card"],"build_version":"2020-12-22","purchased_purges":0,"victory":false,"max_hp_per_floor":[75,75,75,75,75,75,75,75,75,75,75,75,75,75,75,75,75,75,75,75,75,75,75,75,75,75,75,75,75,75,75,75,75,75],"card_choices":[{"not_picked":["Conserve Battery","Turbo"],"picked":"Melter","floor":1.0},{"not_picked":["Heatsinks","Consume"],"picked":"Coolheaded","floor":2.0},{"not_picked":["Conserve Battery","Barrage"],"picked":"Capacitor","floor":3.0},{"not_picked":["Hologram","Aggregate"],"picked":"Tempest","floor":4.0},{"not_picked":["Scrape","Sweeping Beam","Reprogram"],"picked":"SKIP","floor":7.0},{"not_picked":["Recycle","Coolheaded"],"picked":"Loop","floor":11},{"not_picked":["Conserve Battery","Reboot"],"picked":"Defragment","floor":14},{"not_picked":["Thunder Strike","Rainbow"],"picked":"Electrodynamics","floor":16},{"not_picked":["Cold Snap+1","Beam Cell"],"picked":"White Noise","floor":18},{"not_picked":["FTL","Turbo"],"picked":"Leap","floor":19},{"not_picked":["Go for the Eyes","Auto Shields","Turbo"],"picked":"SKIP","floor":21},{"not_picked":["Steam Power","Hologram+1","Streamline"],"picked":"SKIP","floor":24},{"not_picked":["Go for the Eyes","Auto Shields","Leap"],"picked":"SKIP","floor":27},{"not_picked":["Beam Cell","Multi-Cast","Hologram"],"picked":"SKIP","floor":29}],"player_experience":5665591,"relics_obtained":[{"floor":7.0,"key":"WingedGreaves"},{"floor":9.0,"key":"Bottled Tornado"},{"floor":26,"key":"Kunai"}],"event_choices":[{"damage_healed":0.0,"max_hp_gain":0.0,"max_hp_loss":0.0,"gold_gain":0.0,"event_name":"Living Wall","player_choice":"Grow","floor":5.0,"gold_loss":0.0,"damage_taken":0.0,"cards_upgraded":["Capacitor"]},{"damage_healed":0,"gold_gain":0,"player_choice":"Fled","damage_taken":0,"max_hp_gain":0,"max_hp_loss":0,"event_name":"Scrap Ooze","floor":12,"gold_loss":0},{"damage_healed":0,"gold_gain":99,"player_choice":"Stole From Cult","damage_taken":0,"max_hp_gain":0,"max_hp_loss":0,"event_name":"Nest","floor":20,"gold_loss":0},{"damage_healed":0,"gold_gain":0,"player_choice":"Obtained Relic","damage_taken":0,"relics_obtained":["Akabeko"],"max_hp_gain":0,"max_hp_loss":0,"event_name":"Addict","floor":22,"gold_loss":85},{"damage_healed":0,"gold_gain":100,"player_choice":"Pray","damage_taken":0,"max_hp_gain":0,"max_hp_loss":0,"event_name":"Golden Shrine","floor":31,"gold_loss":0}],"is_beta":false,"boss_relics":[{"not_picked":["Astrolabe","Sozu"],"picked":"FrozenCore"}],"items_purged_floors":[],"is_endless":false,"potions_floor_spawned":[3,4,7,16,18,29],"killed_by":"Champ","ascension_level":0}}