{"host":"KYO","time":1609378597,"event":{"mods":["BaseMod","BetterRewards","Minty Spire (QoL Compilation)","Remove Card Discount Mod","Shop Mod","StSLib","SuperFastMode","[IsaacMod]ÒÔÈö¼âËþ","noobMod"],"gold_per_floor":[112,187,205,205,218,253,273,300,349,349,388,388,413,441,441,522,522,537,537,537,557,323,348,374,374,427,453,480,480,743,771,771,845,845,862,766,816,816,364,382,407,407,407,407,438,438,471,488,488,488,488,488,488,304,330,330],"floor_reached":57,"playtime":2234,"items_purged":["Strike_R","Bash","ChaosCard","Defend_R","Strike_R","Defend_R","Strike_R","Defend_R","Defend_R","Strike_R","Spot Weakness","Strike_R","Pommel Strike+1","Flex+1"],"score":4455,"play_id":"ac542d58-31bf-4a12-a6f5-06f49ff5589f","local_time":"20201231093637","is_ascension_mode":true,"campfire_choices":[{"data":"Inflame","floor":10.0,"key":"SMITH"},{"data":"Pommel Strike","floor":12.0,"key":"SMITH"},{"data":"Flex","floor":15.0,"key":"SMITH"},{"data":"Limit Break","floor":25.0,"key":"SMITH"},{"data":"Pommel Strike","floor":32.0,"key":"SMITH"},{"floor":42.0,"key":"RECALL"},{"data":"Madness","floor":44.0,"key":"SMITH"},{"data":"Madness","floor":46.0,"key":"SMITH"},{"data":"Finesse","floor":49.0,"key":"SMITH"},{"floor":53.0,"key":"REST"}],"circlet_count":0,"master_deck":["AscendersBane","Inflame+1","Pommel Strike+1","Limit Break+1","Finesse+1","Madness+1","Madness+1","Evolve"],"relics":["Black Blood","HushsDoor","ice","Singing Bowl","TheAbacus","MerchantsRug","Blue Candle","TheBible","Habit","TheBattery","Calipers","TungstenRod","Bag of Marbles","Anchor","Vajra","Orichalcum","BloodBag","Bronze Scales","InkBottle","Odd Mushroom","GuppysCollar","Chaos","Magic Flower","FossilizedHelix","Bag of Preparation","GuppysHead","RottenBaby","GuppysHairball","Nunchaku","Shuriken","PillsDrop","DeadEye","OrangePellets","Lizard Tail","Sundial","DataDisk"],"acts_visited":["Exordium","TheCity","TheBeyond","TheEnding"],"potions_floor_usage":[],"damage_taken":[{"damage":0.0,"enemies":"2 Louse","floor":1.0,"turns":2.0},{"damage":0.0,"enemies":"Jaw Worm","floor":3.0,"turns":3.0},{"damage":0.0,"enemies":"Small Slimes","floor":5.0,"turns":3.0},{"damage":0.0,"enemies":"Lagavulin","floor":6.0,"turns":5.0},{"damage":0.0,"enemies":"Looter","floor":7.0,"turns":2.0},{"damage":4.0,"enemies":"Gremlin Nob","floor":8.0,"turns":3.0},{"damage":14.0,"enemies":"Lagavulin","floor":11.0,"turns":4.0},{"damage":3.0,"enemies":"The Mushroom Lair","floor":13.0,"turns":3.0},{"damage":9.0,"enemies":"3 Sentries","floor":14.0,"turns":6.0},{"damage":16.0,"enemies":"Slime Boss","floor":16.0,"turns":7.0},{"damage":10.0,"enemies":"Shell Parasite","floor":18.0,"turns":2.0},{"damage":5.0,"enemies":"Chosen","floor":21.0,"turns":3.0},{"damage":0.0,"enemies":"Book of Stabbing","floor":23.0,"turns":5.0},{"damage":0.0,"enemies":"Gremlin Leader","floor":24.0,"turns":9.0},{"damage":0.0,"enemies":"Book of Stabbing","floor":27.0,"turns":3.0},{"damage":0.0,"enemies":"Snake Plant","floor":28.0,"turns":3.0},{"damage":46.0,"enemies":"Slavers","floor":31.0,"turns":7.0},{"damage":0.0,"enemies":"Champ","floor":33.0,"turns":4.0},{"damage":0.0,"enemies":"3 Darklings","floor":35.0,"turns":3.0},{"damage":0.0,"enemies":"Hiden Room Battle","floor":37.0,"turns":3.0},{"damage":0.0,"enemies":"3 Shapes","floor":40.0,"turns":2.0},{"damage":0.0,"enemies":"Nemesis","floor":41.0,"turns":3.0},{"damage":0.0,"enemies":"Giant Head","floor":45.0,"turns":1.0},{"damage":0.0,"enemies":"Nemesis","floor":47.0,"turns":1.0},{"damage":0.0,"enemies":"Transient","floor":48.0,"turns":1.0},{"damage":0.0,"enemies":"Awakened One","floor":50.0,"turns":2.0},{"damage":0.0,"enemies":"Donu and Deca","floor":51.0,"turns":1.0},{"damage":0,"enemies":"Shield and Spear","floor":55,"turns":1},{"damage":0,"enemies":"The Heart","floor":56,"turns":4}],"seed_played":"2293392903602643779","potions_obtained":[{"floor":5.0,"key":"Dexterity Potion"},{"floor":7.0,"key":"FearPotion"},{"floor":11.0,"key":"CultistPotion"},{"floor":13.0,"key":"FearPotion"},{"floor":23.0,"key":"GamblersBrew"},{"floor":28.0,"key":"LiquidMemories"},{"floor":33.0,"key":"Strength Potion"},{"floor":35.0,"key":"Block Potion"},{"floor":40.0,"key":"DistilledChaos"},{"floor":41.0,"key":"Fire Potion"}],"is_trial":false,"path_per_floor":["M","?","M","?","M","E","M","E","T","R","E","R","?","E","R","B",null,"M","?","?","M","$","E","E","R","T","E","M","?","$","E","R","B",null,"M","$","?","?","$","M","E","R","T","R","E","R","E","M","R","B","B",null,"R","$","E","B",null],"character_chosen":"IRONCLAD","items_purchased":["Singing Bowl","TheAbacus","Fruit Juice","MerchantsRug","Blue Candle","TheBible","Matryoshka","Habit","TheBattery","Calipers","TungstenRod","Bag of Marbles","Anchor","WingedGreaves","Vajra","Orichalcum","GuppysCollar","Potion Belt","Chaos","GuppysHairball","Finesse","Shuriken","PillsDrop","Sundial"],"campfire_rested":1,"item_purchase_floors":[0,0,0,0,0,0,0,0,0,0,0,0,0,0,0,0,17,22,22,34,36,39,39,54],"current_hp_per_floor":[63,53,59,59,67,73,81,85,85,85,77,77,82,81,81,71,91,95,95,66,75,75,89,109,109,109,113,113,113,113,87,87,107,107,109,109,111,92,92,112,115,115,115,115,117,117,119,121,121,121,121,121,121,121,121,121],"gold":330,"neow_bonus":"","is_daily":false,"chose_seed":false,"campfire_upgraded":8,"win_rate":0.0,"timestamp":1609378597,"path_taken":["M","?","M","?","?","E","M","E","T","R","E","R","?","E","R","BOSS","M","?","?","?","$","E","E","R","T","E","M","?","$","E","R","BOSS","M","$","?","?","$","M","E","R","T","R","E","R","E","?","R","BOSS","BOSS","R","$","E","BOSS"],"items_purchased_type":["Relic","Relic","Potion","Relic","Relic","Relic","Relic","Relic","Relic","Relic","Relic","Relic","Relic","Relic","Relic","Relic","Relic","Relic","Card","Relic","Card","Relic","Relic","Relic"],"build_version":"2020-12-18","purchased_purges":14,"victory":true,"max_hp_per_floor":[101,101,101,101,103,103,105,107,107,107,107,107,109,111,111,111,98,100,100,105,107,107,109,111,111,111,113,113,113,113,115,115,117,107,109,109,111,111,111,113,115,115,115,115,117,117,119,121,121,121,121,121,121,121,121,121],"card_choices":[{"not_picked":[],"picked":"ChaosCard","floor":0.0},{"not_picked":["Metallicize","Fire Breathing"],"picked":"Inflame","floor":1.0},{"not_picked":["Entrench","Havoc"],"picked":"Spot Weakness","floor":3.0},{"not_picked":["Anger","Thunderclap","Body Slam"],"picked":"Singing Bowl","floor":5.0},{"not_picked":["Seeing Red","Perfected Strike"],"picked":"Flex","floor":6.0},{"not_picked":["Clothesline","Burning Pact","Second Wind"],"picked":"Singing Bowl","floor":7.0},{"not_picked":["Warcry","Intimidate","Dropkick"],"picked":"Singing Bowl","floor":8.0},{"not_picked":["Entrench","Fiend Fire"],"picked":"Pommel Strike","floor":11.0},{"not_picked":["Shrug It Off","Warcry","Body Slam"],"picked":"Singing Bowl","floor":13.0},{"not_picked":["Power Through","Warcry","Sword Boomerang"],"picked":"Singing Bowl","floor":14.0},{"not_picked":["Feed","Reaper"],"picked":"Limit Break","floor":16.0},{"not_picked":["Carnage","Second Wind+1","Wild Strike+1"],"picked":"Singing Bowl","floor":18.0},{"not_picked":["Armaments","Pummel","Body Slam"],"picked":"Singing Bowl","floor":21.0},{"not_picked":["Flex","Headbutt","Inflame"],"picked":"Singing Bowl","floor":23.0},{"not_picked":["Barricade","Perfected Strike","Wild Strike"],"picked":"Singing Bowl","floor":24.0},{"not_picked":["Flex","Limit Break","Corruption"],"picked":"Singing Bowl","floor":27.0},{"not_picked":["Fire Breathing","Clash"],"picked":"Pommel Strike","floor":28.0},{"not_picked":["Sword Boomerang+1","Headbutt","Shrug It Off+1"],"picked":"Singing Bowl","floor":31.0},{"not_picked":["Impervious","Exhume","Berserk"],"picked":"Singing Bowl","floor":33.0},{"not_picked":["Wild Strike","Pummel","Sword Boomerang+1"],"picked":"Singing Bowl","floor":35.0},{"not_picked":["Wild Strike","Infernal Blade+1","Hemokinesis"],"picked":"Singing Bowl","floor":37.0},{"not_picked":["Headbutt","Anger","True Grit+1"],"picked":"Singing Bowl","floor":40.0},{"not_picked":["Clothesline+1","Clash","Sever Soul+1"],"picked":"Singing Bowl","floor":41.0},{"not_picked":["Intimidate+1","Headbutt","Reckless Charge"],"picked":"Singing Bowl","floor":45.0},{"not_picked":["Combust","Rage+1","Clash"],"picked":"Singing Bowl","floor":47.0},{"not_picked":["Twin Strike","Ghostly Armor+1","Armaments+1"],"picked":"Singing Bowl","floor":48.0},{"not_picked":["Heavy Blade","Dark Embrace"],"picked":"Evolve","floor":55}],"player_experience":574054,"relics_obtained":[{"floor":6.0,"key":"Bronze Scales"},{"floor":8.0,"key":"CeramicFish"},{"floor":9.0,"key":"Happy Flower"},{"floor":11.0,"key":"InkBottle"},{"floor":13.0,"key":"Odd Mushroom"},{"floor":14.0,"key":"StoneCalendar"},{"floor":23.0,"key":"Magic Flower"},{"floor":24.0,"key":"Chemical X"},{"floor":26.0,"key":"FossilizedHelix"},{"floor":26.0,"key":"MealTicket"},{"floor":27.0,"key":"Bag of Preparation"},{"floor":31.0,"key":"GuppysHead"},{"floor":37.0,"key":"Nunchaku"},{"floor":37.0,"key":"Frozen Eye"},{"floor":41.0,"key":"PokeGo"},{"floor":43.0,"key":"DeadEye"},{"floor":45.0,"key":"OrangePellets"},{"floor":47.0,"key":"Lizard Tail"},{"floor":55,"key":"DataDisk"}],"event_choices":[{"damage_healed":0.0,"max_hp_gain":0.0,"max_hp_loss":0.0,"gold_gain":75.0,"event_name":"World of Goop","player_choice":"Gather Gold","floor":2.0,"gold_loss":0.0,"damage_taken":11.0},{"damage_healed":0.0,"max_hp_gain":0.0,"max_hp_loss":0.0,"gold_gain":0.0,"event_name":"The Cleric","player_choice":"Leave","floor":4.0,"gold_loss":0.0,"damage_taken":0.0},{"damage_healed":0.0,"max_hp_gain":0.0,"max_hp_loss":0.0,"gold_gain":0.0,"event_name":"Mushrooms","player_choice":"Fought Mushrooms","floor":13.0,"gold_loss":0.0,"damage_taken":0.0},{"damage_healed":0.0,"max_hp_gain":0.0,"max_hp_loss":0.0,"gold_gain":0.0,"event_name":"Vampires","player_choice":"Ignored","floor":19.0,"gold_loss":0.0,"damage_taken":0.0},{"damage_healed":0.0,"max_hp_gain":5.0,"max_hp_loss":0.0,"gold_gain":0.0,"event_name":"Forgotten Altar","player_choice":"Shed Blood","floor":20.0,"gold_loss":0.0,"damage_taken":35.0},{"damage_healed":0.0,"max_hp_gain":0.0,"max_hp_loss":0.0,"gold_gain":0.0,"event_name":"Back to Basics","player_choice":"Simplicity","floor":29.0,"gold_loss":0.0,"damage_taken":0.0,"cards_upgraded":[]},{"damage_healed":0.0,"max_hp_gain":0.0,"max_hp_loss":0.0,"gold_gain":0.0,"event_name":"HidenRoomEvent","player_choice":"Fight","floor":37.0,"gold_loss":0.0,"damage_taken":0.0},{"damage_healed":0.0,"max_hp_gain":0.0,"max_hp_loss":0.0,"gold_gain":0.0,"event_name":"Winding Halls","player_choice":"Embrace Madness","floor":38.0,"gold_loss":0.0,"damage_taken":20.0,"cards_obtained":["Madness","Madness"]}],"is_beta":true,"boss_relics":[{"not_picked":["ChampionBelt","SlaversCollar"],"picked":"Black Blood"},{"not_picked":[]},{"not_picked":["Orrery","Pear"],"picked":"RottenBaby"},{"not_picked":[]}],"items_purged_floors":[0,0,0,0,0,0,0,0,0,22,22,22,36,36],"is_endless":false,"potions_floor_spawned":[5,7,11,13,16,23,28,33,35,40,41],"ascension_level":20}}