{"host":"oy4pyvr762z5n0bb","time":1609388524,"event":{"mods":["AchievementEnabler","BaseMod","Colored Map","Colored Powertips","Googly Eyes","Key Reminder","Minty Spire (QoL Compilation)","Quick Restart","Relic Sorter","StSLib","SuperFastMode","Unceasing Turn Reminder","slay the spire mod where everything is the same but ironclad has a cowboy hat"],"gold_per_floor":[114,389,57,73,87,87,102,137,137,162,8,8,38,55,55,156,156,166,23,37,37,37,71,71,85,85,85,96,96,21,21,21,125,125,140,48,63,63,75,104,104,117,117,117,217,229,245,108,108,108,108],"floor_reached":50,"playtime":1090,"items_purged":["Regret","Bloodletting"],"score":753,"play_id":"608f8bb2-27f5-4d79-b390-db0ed0c2bbee","local_time":"20201230202204","is_ascension_mode":true,"campfire_choices":[{"data":"Inflame","floor":6.0,"key":"SMITH"},{"data":"Inflame","floor":12.0,"key":"SMITH"},{"data":"1","floor":15.0,"key":"LIFT"},{"data":"2","floor":27.0,"key":"LIFT"},{"data":"3","floor":29.0,"key":"LIFT"},{"data":"Offering","floor":32.0,"key":"SMITH"},{"floor":41.0,"key":"RECALL"},{"floor":44.0,"key":"REST"},{"data":"Double Tap","floor":49.0,"key":"SMITH"}],"circlet_count":0,"master_deck":["Defend_R","Defend_R","Defend_R","Defend_R","Bash","Inflame+1","Inflame+1","Heavy Blade","Metallicize","Cleave","Twin Strike","Immolate","Dual Wield","Headbutt","Offering","Cleave+1","Bite","Bite","Bite","Bite","Bite","Offering+1","Battle Trance+1","True Grit","Double Tap+1","CurseOfTheBell","Heavy Blade+1","Whirlwind+1","Shrug It Off+1","True Grit+1","Shockwave"],"relics":["Burning Blood","NeowsBlessing","Bag of Marbles","Sundial","Meat on the Bone","Girya","Medical Kit","Lizard Tail","Philosopher\u0027s Stone","Sling","The Courier","InkBottle","Pantograph","Calling Bell","Regal Pillow","StrikeDummy","Bird Faced Urn","Nunchaku","Vajra"],"acts_visited":["Exordium","TheCity","TheBeyond"],"potions_floor_usage":[50,50],"damage_taken":[{"damage":0.0,"enemies":"Small Slimes","floor":1.0,"turns":1.0},{"damage":0.0,"enemies":"Cultist","floor":4.0,"turns":1.0},{"damage":0.0,"enemies":"2 Louse","floor":5.0,"turns":1.0},{"damage":0.0,"enemies":"Large Slime","floor":7.0,"turns":3.0},{"damage":25.0,"enemies":"3 Sentries","floor":8.0,"turns":6.0},{"damage":16.0,"enemies":"Gremlin Nob","floor":10.0,"turns":3.0},{"damage":22.0,"enemies":"3 Sentries","floor":13.0,"turns":6.0},{"damage":18.0,"enemies":"Exordium Thugs","floor":14.0,"turns":4.0},{"damage":0.0,"enemies":"Slime Boss","floor":16.0,"turns":5.0},{"damage":15.0,"enemies":"Chosen","floor":18.0,"turns":2.0},{"damage":22.0,"enemies":"Spheric Guardian","floor":20.0,"turns":4.0},{"damage":11.0,"enemies":"Slavers","floor":23.0,"turns":2.0},{"damage":6.0,"enemies":"Centurion and Healer","floor":25.0,"turns":1.0},{"damage":14.0,"enemies":"Chosen and Byrds","floor":28.0,"turns":3.0},{"damage":53.0,"enemies":"Champ","floor":33.0,"turns":6.0},{"damage":3.0,"enemies":"3 Shapes","floor":35.0,"turns":1.0},{"damage":18.0,"enemies":"Orb Walker","floor":37.0,"turns":2.0},{"damage":34.0,"enemies":"3 Darklings","floor":39.0,"turns":4.0},{"damage":35.0,"enemies":"Reptomancer","floor":40.0,"turns":4.0},{"damage":15.0,"enemies":"Maw","floor":42.0,"turns":2.0},{"damage":16.0,"enemies":"4 Shapes","floor":46.0,"turns":1.0},{"damage":39.0,"enemies":"Writhing Mass","floor":47.0,"turns":3.0},{"damage":131,"enemies":"Awakened One","floor":50,"turns":8}],"seed_played":"-7422069783117736333","potions_obtained":[{"floor":1.0,"key":"Dexterity Potion"},{"floor":4.0,"key":"Block Potion"},{"floor":8.0,"key":"Dexterity Potion"},{"floor":28.0,"key":"FearPotion"},{"floor":33.0,"key":"DistilledChaos"},{"floor":37.0,"key":"Explosive Potion"},{"floor":42.0,"key":"LiquidBronze"},{"floor":47.0,"key":"SpeedPotion"}],"is_trial":false,"path_per_floor":["M","?","$","M","M","R","M","E","T","E","$","R","E","M","R","B",null,"M","$","M","?","?","E","$","M","T","R","M","R","?","?","R","B",null,"M","?","M","$","M","E","R","M","T","R","?","M","M","$","R","B"],"character_chosen":"IRONCLAD","items_purchased":["Inflame","Heavy Blade","Bag of Marbles","Medical Kit","Sling","Shockwave"],"campfire_rested":1,"item_purchase_floors":[3,3,3,11,19,48],"current_hp_per_floor":[78,78,78,80,80,80,80,61,61,51,51,51,47,47,47,53,73,64,64,48,48,48,45,45,45,45,45,41,41,41,41,41,37,51,54,54,48,48,44,41,41,40,40,56,56,46,41,41,41,0,0],"gold":108,"neow_bonus":"THREE_ENEMY_KILL","is_daily":false,"chose_seed":false,"campfire_upgraded":4,"win_rate":0.0,"timestamp":1609388524,"path_taken":["M","?","$","M","M","R","?","E","T","E","$","R","E","M","R","BOSS","M","$","M","?","?","E","$","M","T","R","?","R","?","?","R","BOSS","M","?","M","$","?","E","R","M","T","R","?","?","M","?","R","BOSS"],"items_purchased_type":["Card","Card","Relic","Relic","Relic","Card"],"build_version":"2020-12-22","purchased_purges":2,"victory":false,"max_hp_per_floor":[80,80,80,80,80,80,80,80,80,80,80,80,80,80,80,80,80,80,80,80,56,56,56,56,56,56,56,56,56,56,56,56,56,56,56,56,56,56,56,56,56,56,56,56,56,56,56,56,56,56,56],"card_choices":[{"not_picked":["Bloodletting","Carnage"],"picked":"Inflame","floor":1.0},{"not_picked":["Warcry","Rupture"],"picked":"Metallicize","floor":4.0},{"not_picked":["Flex","Shrug It Off"],"picked":"Cleave","floor":5.0},{"not_picked":["Shrug It Off","Iron Wave"],"picked":"Sword Boomerang","floor":7.0},{"not_picked":["True Grit","Carnage"],"picked":"Twin Strike","floor":8.0},{"not_picked":["Perfected Strike","Body Slam"],"picked":"Immolate","floor":10.0},{"not_picked":["Body Slam","Clothesline"],"picked":"Dual Wield","floor":13.0},{"not_picked":["Iron Wave","Warcry"],"picked":"Headbutt","floor":14.0},{"not_picked":["Brutality","Impervious"],"picked":"Offering","floor":16.0},{"not_picked":["Sentinel","Clash","Anger"],"picked":"SKIP","floor":18.0},{"not_picked":["Body Slam","Rupture+1"],"picked":"Cleave+1","floor":20.0},{"not_picked":["Heavy Blade","Seeing Red"],"picked":"Battle Trance+1","floor":23.0},{"not_picked":["Sword Boomerang","Anger"],"picked":"True Grit","floor":25.0},{"not_picked":["Clothesline+1","Sword Boomerang","Dropkick"],"picked":"SKIP","floor":28.0},{"not_picked":["Juggernaut","Offering"],"picked":"Double Tap","floor":33.0},{"not_picked":["Whirlwind","Pommel Strike+1"],"picked":"Bloodletting","floor":35.0},{"not_picked":["Perfected Strike+1","Sentinel+1","Clothesline"],"picked":"SKIP","floor":37.0},{"not_picked":["Thunderclap","Fire Breathing"],"picked":"Heavy Blade+1","floor":39.0},{"not_picked":["Dropkick","Flex"],"picked":"Whirlwind+1","floor":40.0},{"not_picked":["Clash+1","Spot Weakness+1"],"picked":"Shrug It Off+1","floor":42.0},{"not_picked":["Clothesline+1","Armaments"],"picked":"True Grit+1","floor":46.0},{"not_picked":["Rage","Twin Strike","Corruption"],"picked":"SKIP","floor":47.0}],"player_experience":618313,"relics_obtained":[{"floor":8.0,"key":"Sundial"},{"floor":9.0,"key":"Meat on the Bone"},{"floor":10.0,"key":"Girya"},{"floor":13.0,"key":"Lizard Tail"},{"floor":23.0,"key":"The Courier"},{"floor":26.0,"key":"InkBottle"},{"floor":31.0,"key":"Pantograph"},{"floor":34.0,"key":"Regal Pillow"},{"floor":34.0,"key":"StrikeDummy"},{"floor":34.0,"key":"Bird Faced Urn"},{"floor":40.0,"key":"Vajra"}],"event_choices":[{"damage_healed":0.0,"max_hp_gain":0.0,"max_hp_loss":0.0,"gold_gain":275.0,"event_name":"Golden Shrine","player_choice":"Desecrate","floor":2.0,"gold_loss":0.0,"damage_taken":0.0,"cards_obtained":["Regret"]},{"damage_healed":0.0,"max_hp_gain":0.0,"max_hp_loss":24.0,"gold_gain":0.0,"event_name":"Vampires","player_choice":"Became a vampire","floor":21.0,"gold_loss":0.0,"damage_taken":0.0,"cards_obtained":["Bite","Bite","Bite","Bite","Bite"]},{"damage_healed":0.0,"max_hp_gain":0.0,"max_hp_loss":0.0,"gold_gain":0.0,"event_name":"Duplicator","player_choice":"Copied","floor":22.0,"gold_loss":0.0,"damage_taken":0.0,"cards_obtained":["Offering"]},{"cards_removed":["Sword Boomerang"],"damage_healed":0.0,"max_hp_gain":0.0,"max_hp_loss":0.0,"gold_gain":0.0,"event_name":"Beggar","player_choice":"Gave Gold","floor":30.0,"gold_loss":75.0,"damage_taken":0.0},{"damage_healed":0.0,"max_hp_gain":0.0,"max_hp_loss":0.0,"gold_gain":0.0,"event_name":"Wheel of Change","player_choice":"Relic","floor":31.0,"gold_loss":0.0,"damage_taken":0.0},{"damage_healed":0.0,"max_hp_gain":0.0,"max_hp_loss":0.0,"gold_gain":0.0,"event_name":"WeMeetAgain","player_choice":"Paid Gold","floor":36.0,"gold_loss":92.0,"damage_taken":0.0,"relics_obtained":["Nunchaku"]},{"damage_healed":0.0,"max_hp_gain":0.0,"max_hp_loss":0.0,"gold_gain":100.0,"event_name":"Golden Shrine","player_choice":"Pray","floor":45.0,"gold_loss":0.0,"damage_taken":0.0}],"is_beta":false,"boss_relics":[{"not_picked":["Runic Dome","Runic Pyramid"],"picked":"Philosopher\u0027s Stone"},{"not_picked":["Mark of Pain","Busted Crown"],"picked":"Calling Bell"}],"items_purged_floors":[3,48],"is_endless":false,"potions_floor_spawned":[1,4,8,28,33,37,42,47],"killed_by":"Awakened One","ascension_level":6}}