{"host":"2se5dq1do2gp0x9k","time":1609442653,"event":{"mods":["BaseMod","Block Reminder","Colored Map","Colored Powertips","Minty Spire (QoL Compilation)","Relic Stats","StSLib","SuperFastMode","Synergy Search"],"gold_per_floor":[111,111,111,67,77,77,111,125,125,135,135,135,135,155,155,227,227,244,257,270,283,297,297,222,222,222,249,249,249,265,1,1,73,73,88,88,99,99,99,99,99],"floor_reached":40,"playtime":1671,"items_purged":["Decay"],"score":912,"play_id":"0ed3b568-e22b-478f-adef-f75c43e65d2c","local_time":"20201231112413","is_ascension_mode":true,"campfire_choices":[{"data":"Dagger Spray","floor":6.0,"key":"SMITH"},{"data":"Well Laid Plans","floor":11.0,"key":"SMITH"},{"data":"Riddle With Holes","floor":13.0,"key":"SMITH"},{"data":"Riddle With Holes","floor":15.0,"key":"SMITH"},{"floor":23.0,"key":"REST"},{"data":"Wraith Form v2","floor":25.0,"key":"SMITH"},{"data":"Night Terror","floor":28.0,"key":"SMITH"},{"floor":32.0,"key":"REST"}],"circlet_count":0,"master_deck":["AscendersBane","Strike_G","Strike_G+1","Strike_G","Defend_G","Defend_G","Defend_G","Defend_G","Defend_G","Survivor+1","Neutralize","Dagger Spray+1","Well Laid Plans+1","Sucker Punch","Backstab","Riddle With Holes+1","Riddle With Holes+1","Neutralize","Corpse Explosion","Wraith Form v2+1","Cloak And Dagger","PiercingWail","Night Terror+1","Shame","Deadly Poison+1","Catalyst","Apotheosis","Phantasmal Killer","Dodge and Roll+1"],"relics":["Ring of the Snake","NeowsBlessing","Lantern","Kunai","Cursed Key","Bottled Tornado","Torii","Busted Crown"],"acts_visited":["Exordium","TheCity","TheBeyond"],"potions_floor_usage":[37],"damage_taken":[{"damage":0.0,"enemies":"2 Louse","floor":1.0,"turns":1.0},{"damage":0.0,"enemies":"Small Slimes","floor":5.0,"turns":1.0},{"damage":0.0,"enemies":"3 Sentries","floor":7.0,"turns":2.0},{"damage":0.0,"enemies":"Cultist","floor":8.0,"turns":3.0},{"damage":12.0,"enemies":"Gremlin Gang","floor":10.0,"turns":4.0},{"damage":0.0,"enemies":"2 Fungi Beasts","floor":14.0,"turns":2.0},{"damage":24.0,"enemies":"Hexaghost","floor":16.0,"turns":12.0},{"damage":0.0,"enemies":"3 Byrds","floor":18.0,"turns":2.0},{"damage":3.0,"enemies":"Chosen","floor":19.0,"turns":5.0},{"damage":14.0,"enemies":"Shelled Parasite and Fungi","floor":20.0,"turns":6.0},{"damage":22.0,"enemies":"Cultist and Chosen","floor":21.0,"turns":7.0},{"damage":0.0,"enemies":"3 Cultists","floor":22.0,"turns":3.0},{"damage":0.0,"enemies":"Gremlin Leader","floor":27.0,"turns":8.0},{"damage":19.0,"enemies":"Shelled Parasite and Fungi","floor":30.0,"turns":4.0},{"damage":27.0,"enemies":"Automaton","floor":33.0,"turns":9.0},{"damage":8,"enemies":"Orb Walker","floor":35,"turns":3},{"damage":8,"enemies":"3 Darklings","floor":37,"turns":3},{"damage":36,"enemies":"Reptomancer","floor":40,"turns":5}],"seed_played":"2392302355474562023","potions_obtained":[{"floor":7.0,"key":"SpeedPotion"},{"floor":8.0,"key":"SneckoOil"},{"floor":20.0,"key":"SteroidPotion"},{"floor":21.0,"key":"SpeedPotion"},{"floor":22.0,"key":"Strength Potion"},{"floor":33.0,"key":"Energy Potion"},{"floor":35,"key":"DistilledChaos"}],"is_trial":false,"path_per_floor":["M","?","?","$","M","R","E","M","T","M","R","?","R","M","R","B",null,"M","M","M","M","M","R","?","R","T","E","R","?","M","$","R","B",null,"M","?","M","$","?","E"],"character_chosen":"THE_SILENT","items_purchased":["Well Laid Plans","Apotheosis"],"campfire_rested":2,"item_purchase_floors":[4,31],"current_hp_per_floor":[59,39,39,39,39,39,39,39,39,27,27,27,27,27,27,3,50,50,47,33,11,11,30,30,30,30,30,30,30,11,11,30,3,50,42,42,34,34,34,0,0],"gold":99,"neow_bonus":"THREE_ENEMY_KILL","is_daily":false,"chose_seed":false,"campfire_upgraded":6,"win_rate":0.0,"timestamp":1609442653,"path_taken":["M","?","?","$","?","R","E","M","T","?","R","?","R","M","R","BOSS","M","?","M","M","M","R","?","R","T","E","R","?","M","$","R","BOSS","M","?","M","$","?","E"],"items_purchased_type":["Card","Card"],"build_version":"2020-12-22","purchased_purges":1,"victory":false,"max_hp_per_floor":[66,66,66,66,66,66,66,66,66,66,66,66,66,66,66,66,66,66,66,66,66,66,66,66,66,66,66,66,66,66,66,66,66,66,66,63,63,63,63,63,63],"relic_stats":{"Busted Crown":4,"Torii":5,"counters":[18,80],"Kunai":[23],"Cursed Key":1,"obtain_stats":[{"Lantern":7,"Busted Crown":34,"NeowsBlessing":0,"Torii":27,"Kunai":9,"Bottled Tornado":26,"Cursed Key":17,"Ring of the Snake":0},{"Lantern":3,"Busted Crown":15,"NeowsBlessing":0,"Torii":13,"Kunai":4,"Bottled Tornado":12,"Cursed Key":7,"Ring of the Snake":0},{"Lantern":4,"Busted Crown":69,"NeowsBlessing":0,"Torii":56,"Kunai":7,"Bottled Tornado":48,"Cursed Key":25,"Ring of the Snake":0}],"Ring of the Snake":[36]},"card_choices":[{"not_picked":["Quick Slash","PiercingWail"],"picked":"Dagger Spray","floor":1.0},{"not_picked":["Slice","Bane"],"picked":"Sucker Punch","floor":5.0},{"not_picked":["Distraction","Flying Knee"],"picked":"Backstab","floor":7.0},{"not_picked":["Prepared","Finisher"],"picked":"Riddle With Holes","floor":8.0},{"not_picked":["Catalyst","Prepared"],"picked":"Riddle With Holes","floor":10.0},{"not_picked":["Dodge and Roll","Backflip"],"picked":"Corpse Explosion","floor":14.0},{"not_picked":["Adrenaline","After Image"],"picked":"Wraith Form v2","floor":16.0},{"not_picked":["Dagger Spray","Sucker Punch","Outmaneuver"],"picked":"SKIP","floor":18.0},{"not_picked":["Poisoned Stab","Prepared"],"picked":"Cloak And Dagger","floor":19.0},{"not_picked":["Quick Slash","Poisoned Stab","Bane"],"picked":"SKIP","floor":20.0},{"not_picked":["Dodge and Roll","Expertise"],"picked":"PiercingWail","floor":21.0},{"not_picked":["Leg Sweep","Outmaneuver+1"],"picked":"Night Terror","floor":22.0},{"not_picked":["Tactician","Deflect"],"picked":"Deadly Poison+1","floor":27.0},{"not_picked":["Reflex","Outmaneuver"],"picked":"Catalyst","floor":30.0},{"not_picked":["Adrenaline","Bullet Time"],"picked":"Phantasmal Killer","floor":33.0},{"not_picked":[],"picked":"Dodge and Roll+1","floor":35},{"not_picked":["Quick Slash"],"picked":"SKIP","floor":37}],"player_experience":3660760,"relics_obtained":[{"floor":7.0,"key":"Lantern"},{"floor":9.0,"key":"Kunai"},{"floor":26.0,"key":"Bottled Tornado"},{"floor":27.0,"key":"Torii"}],"event_choices":[{"damage_healed":0.0,"max_hp_gain":0.0,"max_hp_loss":0.0,"gold_gain":0.0,"event_name":"Shining Light","player_choice":"Entered Light","floor":2.0,"gold_loss":0.0,"damage_taken":20.0,"cards_upgraded":["Strike_G","Survivor"]},{"cards_removed":["Strike_G"],"damage_healed":0.0,"max_hp_gain":0.0,"max_hp_loss":0.0,"gold_gain":0.0,"event_name":"Purifier","player_choice":"Purged","floor":3.0,"gold_loss":0.0,"damage_taken":0.0},{"damage_healed":0.0,"max_hp_gain":0.0,"max_hp_loss":0.0,"gold_gain":0.0,"event_name":"Match and Keep!","player_choice":"1 cards matched","floor":12.0,"gold_loss":0.0,"damage_taken":0.0,"cards_obtained":["Neutralize"]},{"cards_removed":["Strike_G"],"damage_healed":0.0,"max_hp_gain":0.0,"max_hp_loss":0.0,"gold_gain":0.0,"event_name":"Beggar","player_choice":"Gave Gold","floor":24.0,"gold_loss":75.0,"damage_taken":0.0},{"damage_healed":0.0,"max_hp_gain":0.0,"max_hp_loss":0.0,"gold_gain":0.0,"event_name":"Forgotten Altar","player_choice":"Smashed Altar","floor":29.0,"gold_loss":0.0,"damage_taken":0.0,"cards_obtained":["Decay"]},{"damage_healed":0,"gold_gain":0,"player_choice":"Max HP","damage_taken":0,"max_hp_gain":0,"max_hp_loss":3,"event_name":"Winding Halls","floor":36,"gold_loss":0},{"damage_healed":0,"gold_gain":0,"player_choice":"Ignored","damage_taken":0,"max_hp_gain":0,"max_hp_loss":0,"event_name":"Tomb of Lord Red Mask","floor":39,"gold_loss":0}],"is_beta":false,"boss_relics":[{"not_picked":["Empty Cage","Ring of the Serpent"],"picked":"Cursed Key"},{"not_picked":["Philosopher\u0027s Stone","HoveringKite"],"picked":"Busted Crown"}],"items_purged_floors":[31],"is_endless":false,"potions_floor_spawned":[7,8,20,21,22,33,35],"killed_by":"Reptomancer","ascension_level":20}}