{"host":"sav7uxregyirlf69","time":1609428931,"event":{"mods":["AchievementEnabler","BaseMod","Colored Map","DeckTracker","Keyboard Shortcuts","Minty Spire (QoL Compilation)","READ ME - Guardian Mod","StSLib","SuperFastMode"],"gold_per_floor":[113,113,132,145,164,164,164,33,88,7,17,17,52,71,71,143,143,162,174,174,74,94,94,105,105,105,137,156,206,206,226,226,298,298,310,310,68,88,107,107,107],"floor_reached":40,"playtime":907,"items_purged":["Strike_B","Strike_B"],"score":780,"play_id":"2926da01-4b4c-46a2-888e-7e4c75a1fc09","local_time":"20210101003531","is_ascension_mode":true,"campfire_choices":[{"data":"Zap","floor":6,"key":"SMITH"},{"floor":12,"key":"REST"},{"data":"Barrage","floor":15,"key":"SMITH"},{"floor":23,"key":"REST"},{"data":"Coolheaded","floor":25,"key":"SMITH"},{"floor":30,"key":"REST"},{"data":"Dualcast","floor":32,"key":"SMITH"}],"circlet_count":0,"master_deck":["AscendersBane","Defend_B","Defend_B","Defend_B","Defend_B","Zap+1","Dualcast+1","Barrage+1","Electrodynamics","Cold Snap","Glacier","Rebound","Coolheaded+1","Ball Lightning","Machine Learning","Biased Cognition","Turbo","Creative AI+1","Defragment"],"relics":["Inserter","Bronze Scales","Bag of Preparation","Omamori","Empty Cage","Red Mask","Busted Crown","TheAbacus"],"acts_visited":["Exordium","TheCity","TheBeyond"],"potions_floor_usage":[14,24,31,33,39,40],"damage_taken":[{"damage":4.0,"enemies":"Jaw Worm","floor":1.0,"turns":4.0},{"damage":1,"enemies":"Cultist","floor":3,"turns":3},{"damage":4,"enemies":"2 Louse","floor":4,"turns":2},{"damage":21,"enemies":"Exordium Thugs","floor":5,"turns":4},{"damage":6,"enemies":"Blue Slaver","floor":11,"turns":4},{"damage":2,"enemies":"3 Sentries","floor":13,"turns":6},{"damage":5,"enemies":"Exordium Wildlife","floor":14,"turns":2},{"damage":16,"enemies":"Slime Boss","floor":16,"turns":8},{"damage":2,"enemies":"Chosen","floor":18,"turns":4},{"damage":11,"enemies":"Shell Parasite","floor":19,"turns":5},{"damage":9,"enemies":"Snecko","floor":22,"turns":5},{"damage":6,"enemies":"Shelled Parasite and Fungi","floor":24,"turns":4},{"damage":30,"enemies":"Masked Bandits","floor":27,"turns":4},{"damage":10,"enemies":"Snake Plant","floor":28,"turns":4},{"damage":12,"enemies":"Sentry and Sphere","floor":31,"turns":4},{"damage":53,"enemies":"Automaton","floor":33,"turns":10},{"damage":0,"enemies":"Orb Walker","floor":35,"turns":4},{"damage":0,"enemies":"3 Shapes","floor":38,"turns":4},{"damage":22,"enemies":"Transient","floor":39,"turns":6},{"damage":39,"enemies":"Nemesis","floor":40,"turns":2}],"seed_played":"6089616447650609108","potions_obtained":[{"floor":5,"key":"Ancient Potion"},{"floor":11,"key":"AttackPotion"},{"floor":16,"key":"FairyPotion"},{"floor":24,"key":"EssenceOfSteel"},{"floor":31,"key":"Regen Potion"},{"floor":33,"key":"PowerPotion"},{"floor":35,"key":"LiquidMemories"},{"floor":39,"key":"SpeedPotion"}],"is_trial":false,"path_per_floor":["M","?","M","M","M","R","?","$","T","$","M","R","E","M","R","B",null,"M","M","?","$","M","R","M","R","T","?","M","?","R","M","R","B",null,"M","?","$","M","M","E"],"character_chosen":"DEFECT","items_purchased":["PowerPotion","Coolheaded","Ball Lightning","TheAbacus","Defragment"],"campfire_rested":3,"item_purchase_floors":[8,10,10,37,37],"current_hp_per_floor":[60,60,59,55,34,34,34,34,34,34,28,49,47,42,42,26,60,58,47,47,47,38,59,53,53,53,23,13,13,34,22,22,21,59,59,59,59,59,37,0,0],"gold":107,"neow_bonus":"BOSS_RELIC","is_daily":false,"chose_seed":false,"campfire_upgraded":4,"win_rate":0.0,"timestamp":1609428931,"path_taken":["M","?","M","?","M","R","?","$","T","?","M","R","E","M","R","BOSS","M","M","?","$","M","R","M","R","T","?","M","?","R","?","R","BOSS","M","?","$","?","M","E"],"items_purchased_type":["Potion","Card","Card","Relic","Card"],"build_version":"2020-12-22","purchased_purges":2,"victory":false,"max_hp_per_floor":[71,71,71,71,71,71,71,71,71,71,71,71,71,71,71,71,71,71,71,71,71,71,71,71,71,71,71,71,71,71,71,71,71,71,71,71,71,71,71,71,71],"card_choices":[{"not_picked":["Go for the Eyes","Hologram"],"picked":"Barrage","floor":1.0},{"not_picked":["Redo","Turbo"],"picked":"Cold Snap","floor":3},{"not_picked":["Rebound","Chill"],"picked":"Glacier","floor":4},{"not_picked":["Auto Shields","Go for the Eyes"],"picked":"Rebound","floor":5},{"not_picked":["Stack","Force Field","Storm"],"picked":"SKIP","floor":11},{"not_picked":["Storm","Barrage"],"picked":"Machine Learning","floor":13},{"not_picked":["Rebound","Rip and Tear","Lockon"],"picked":"SKIP","floor":14},{"not_picked":["Amplify","Electrodynamics"],"picked":"Biased Cognition","floor":16},{"not_picked":["Coolheaded","Beam Cell"],"picked":"Turbo","floor":18},{"not_picked":["Coolheaded","Sunder","Cold Snap"],"picked":"SKIP","floor":19},{"not_picked":["Stack","Reprogram","Beam Cell"],"picked":"SKIP","floor":22},{"not_picked":["FTL","Force Field","Machine Learning"],"picked":"SKIP","floor":24},{"not_picked":["FTL","Force Field","Machine Learning"],"picked":"SKIP","floor":24},{"not_picked":["Coolheaded","Fusion","Rebound"],"picked":"SKIP","floor":28},{"not_picked":["Force Field","Rip and Tear","Leap"],"picked":"SKIP","floor":31},{"not_picked":["Meteor Strike","Reboot"],"picked":"Creative AI","floor":33},{"not_picked":["Steam"],"picked":"SKIP","floor":35},{"not_picked":["Rebound+1"],"picked":"SKIP","floor":38},{"not_picked":["Conserve Battery"],"picked":"SKIP","floor":39}],"player_experience":1083743,"relics_obtained":[{"floor":9,"key":"Bag of Preparation"},{"floor":13,"key":"Omamori"},{"floor":27,"key":"Red Mask"}],"event_choices":[{"damage_healed":0,"gold_gain":0,"player_choice":"1 cards matched","damage_taken":0,"max_hp_gain":0,"max_hp_loss":0,"event_name":"Match and Keep!","floor":2,"gold_loss":0,"cards_obtained":["Electrodynamics"]},{"damage_healed":0,"gold_gain":0,"player_choice":"Gave Potion","damage_taken":0,"relics_obtained":["Bronze Scales"],"max_hp_gain":0,"max_hp_loss":0,"event_name":"WeMeetAgain","floor":7,"gold_loss":0},{"damage_healed":0,"gold_gain":0,"player_choice":"Ignored","damage_taken":0,"max_hp_gain":0,"max_hp_loss":0,"event_name":"The Mausoleum","floor":20,"gold_loss":0},{"damage_healed":0,"gold_gain":0,"player_choice":"Fought Bandits","damage_taken":0,"max_hp_gain":0,"max_hp_loss":0,"event_name":"Masked Bandits","floor":27,"gold_loss":0},{"damage_healed":0,"gold_gain":100,"player_choice":"Bet on Murderer","damage_taken":0,"max_hp_gain":0,"max_hp_loss":0,"event_name":"The Joust","floor":29,"gold_loss":50},{"damage_healed":0,"gold_gain":0,"player_choice":"Upgraded","damage_taken":0,"max_hp_gain":0,"max_hp_loss":0,"event_name":"Upgrade Shrine","floor":36,"gold_loss":0,"cards_upgraded":["Creative AI"]}],"is_beta":false,"boss_relics":[{"not_picked":["Snecko Eye","Runic Dome"],"picked":"Empty Cage"},{"not_picked":["Black Star","Coffee Dripper"],"picked":"Busted Crown"}],"items_purged_floors":[8,21],"is_endless":false,"potions_floor_spawned":[5,11,13,16,24,28,31,33,35,39],"killed_by":"Nemesis","ascension_level":20}}