{"host":"6r341r9cz00j2qc1","time":1609377807,"event":{"mods":["BaseMod","Better Third Choice","Downfall","GungeonMod","Hermit","Lobotomy","LobotomyExtend","Minty Spire (QoL Compilation)","Shop Mod","StSLib"],"gold_per_floor":[110,110,126,138,162,162,162,162,185,4,18,28,28,91,91,91,91],"floor_reached":16,"playtime":873,"items_purged":[],"score":90,"play_id":"47c72768-8954-4f2a-a064-ed5790ab9ef2","local_time":"20201231022327","is_ascension_mode":false,"campfire_choices":[{"floor":6,"key":"REST"},{"data":"hermit:CursedWeapon","floor":8,"key":"SMITH"},{"floor":13,"key":"REST"},{"floor":15,"key":"REST"}],"circlet_count":0,"master_deck":["hermit:Strike_Hermit","hermit:Strike_Hermit","hermit:Strike_Hermit","hermit:Strike_Hermit","hermit:Defend_Hermit+1","hermit:Defend_Hermit+1","hermit:Defend_Hermit","hermit:Defend_Hermit","hermit:Snapshot","hermit:Covet","OSAHOGD","hermit:CursedWeapon+1","Bloodbath","hermit:Spite","DemoMod:Invincible","CherryBlossoms","hermit:Coalescence","Wellcheers"],"relics":["hermit:Momento","CogitoBucket","LetterFromLob","Ancient Tea Set","War Paint","DemoMod:Metronome"],"acts_visited":["Exordium"],"potions_floor_usage":[7,16],"damage_taken":[{"damage":7,"enemies":"Small Slimes","floor":1,"turns":4},{"damage":8,"enemies":"Jaw Worm","floor":3,"turns":4},{"damage":0,"enemies":"2 Louse","floor":4,"turns":2},{"damage":0,"enemies":"3 Sentries","floor":7,"turns":9},{"damage":9,"enemies":"Lots of Slimes","floor":11,"turns":4},{"damage":18,"enemies":"Red Slaver","floor":12,"turns":5},{"damage":81,"enemies":"The Guardian","floor":16,"turns":11}],"seed_played":"-7398430765102045930","potions_obtained":[{"floor":3,"key":"Strength Potion"},{"floor":11,"key":"EssenceOfSteel"},{"floor":12,"key":"SpeedPotion"}],"is_trial":false,"path_per_floor":["M","?","M","M","T","R","E","R","T","$","M","M","R","?","R","B"],"character_chosen":"HERMIT","items_purchased":["DemoMod:Invincible"],"campfire_rested":3,"item_purchase_floors":[10],"current_hp_per_floor":[68,43,35,35,35,57,60,60,60,60,52,36,58,58,75,0,0],"gold":91,"neow_bonus":"","is_daily":false,"chose_seed":false,"campfire_upgraded":1,"win_rate":0.0,"timestamp":1609377807,"path_taken":["M","?","M","M","?","R","E","R","T","$","M","M","R","?","R","BOSS"],"items_purchased_type":["Card"],"build_version":"2020-12-22","purchased_purges":0,"victory":false,"max_hp_per_floor":[75,75,75,75,75,75,75,75,75,75,75,75,75,75,75,75,75],"card_choices":[{"not_picked":["WallGazer","Murderer","FairyFestival"],"picked":"Singing Bowl","floor":1},{"not_picked":["WallGazer","VoidDream"],"picked":"OSAHOGD","floor":1},{"not_picked":["hermit:HoleUp","hermit:ShadowCloak"],"picked":"hermit:CursedWeapon","floor":1},{"not_picked":["FairyFestival","CrumblingArmor","SpiderBud"],"picked":"Singing Bowl","floor":3},{"not_picked":["hermit:Desperado","hermit:HoleUp","hermit:Snipe"],"picked":"SKIP","floor":3},{"not_picked":["CrumblingArmor","OldLady","WallGazer"],"picked":"Singing Bowl","floor":4},{"not_picked":["OldLady","CherryBlossoms"],"picked":"Bloodbath","floor":4},{"not_picked":["hermit:GhostlyPresence","hermit:LuckOfTheDraw"],"picked":"hermit:Spite","floor":4},{"not_picked":["NakedNest","SpiderBud","GalaxyChild"],"picked":"Singing Bowl","floor":11},{"not_picked":["UniverseFragment","MeatLantern"],"picked":"CherryBlossoms","floor":11},{"not_picked":["hermit:LowProfile","hermit:Dive"],"picked":"hermit:Coalescence","floor":11},{"not_picked":["NakedNest","Murderer"],"picked":"Wellcheers","floor":12},{"not_picked":["hermit:NoHoldsBarred","hermit:PistolWhip","hermit:Gestalt"],"picked":"SKIP","floor":12}],"player_experience":450633,"relics_obtained":[{"floor":1,"key":"LetterFromLob"},{"floor":5,"key":"War Paint"},{"floor":9,"key":"DemoMod:Metronome"}],"event_choices":[{"damage_healed":0,"gold_gain":0,"player_choice":"Relic ","damage_taken":25,"max_hp_gain":0,"max_hp_loss":0,"event_name":"betterThird:BetterScrap","floor":2,"gold_loss":0,"cards_obtained":["Berserk"]},{"damage_healed":0,"gold_gain":63,"player_choice":"Gained Gold","damage_taken":0,"max_hp_gain":0,"max_hp_loss":0,"event_name":"Golden Wing","floor":14,"gold_loss":0}],"is_beta":false,"boss_relics":[],"items_purged_floors":[],"is_endless":false,"potions_floor_spawned":[3,7,11,12],"killed_by":"The Guardian","ascension_level":0}}