{"host":"8fe8t8lklfw3hbpj","time":1609414108,"event":{"mods":["Abigail Mod","BaseMod","Friendly Minions","Koishi","Marisa£¨Ùöéë¡¡Øª×âÞÞ£©","Minty Spire (QoL Compilation)","StSLib","Td1madao Mod","The Cursed","WarShipGirlsR/??á´Ò³R mod"],"gold_per_floor":[114,2000,2000,1528,1548,1548,1581,1110,1137,1148,1163,1176,1199,1215,1215,1319,1319,1335,1349,1349,1349,865,865,880,880,880,894,913,948,960,995,995,1096,1096,1106,1106,1106,813,829,829,854,854,854,870,887,741,758,778,778,778,778,778,558,590,590,590],"floor_reached":55,"playtime":1826,"items_purged":["Strike_B","Strike_B","Defend_B"],"score":803,"play_id":"c8c3e155-bad0-4062-9bea-70c65d9a4729","local_time":"20201231202828","is_ascension_mode":true,"campfire_choices":[{"data":"Defragment","floor":6.0,"key":"SMITH"},{"data":"Defragment","floor":15.0,"key":"SMITH"},{"floor":23,"key":"RECALL"},{"data":"Defragment","floor":25,"key":"SMITH"},{"data":"Strike_B","floor":32,"key":"PURGE"},{"data":"Seek","floor":40,"key":"SMITH"},{"data":"Thunder Strike","floor":42,"key":"SMITH"},{"floor":49,"key":"REST"},{"data":"Lockon","floor":52,"key":"SMITH"}],"circlet_count":0,"master_deck":["Defend_B","Defend_B","Defend_B","Zap+1","Tempest+1","Defragment+1","Lockon+1","Ball Lightning","Defragment+1","Electrodynamics","Loop","Thunder Strike+1","Redo","Seek+1","Defragment+1","Ball Lightning","Capacitor","Capacitor+1","Leap+1","Defragment+1"],"relics":["Cracked Core","Eternal Feather","War Paint","Blood Vial","Omamori","Tiny Chest","Vajra","Runic Pyramid","Mummified Hand","Singing Bowl","Medical Kit","Peace Pipe","Ice Cream","Empty Cage","Kunai","Membership Card","Anchor","Bottled Tornado","Bottled Flame","Strawberry","Chemical X","FossilizedHelix","Happy Flower","HornCleat"],"acts_visited":["TheCity","TheBeyond","TheEnding"],"potions_floor_usage":[29,31,50,55],"damage_taken":[{"damage":0.0,"enemies":"Small Slimes","floor":1.0,"turns":3.0},{"damage":2.0,"enemies":"2 Louse","floor":2.0,"turns":2.0},{"damage":0.0,"enemies":"Cultist","floor":5.0,"turns":2.0},{"damage":28.0,"enemies":"Gremlin Nob","floor":7.0,"turns":4.0},{"damage":3.0,"enemies":"Red Slaver","floor":10.0,"turns":2.0},{"damage":10.0,"enemies":"Lots of Slimes","floor":11.0,"turns":2.0},{"damage":0.0,"enemies":"Exordium Thugs","floor":12.0,"turns":2.0},{"damage":14.0,"enemies":"2 Fungi Beasts","floor":14.0,"turns":3.0},{"damage":29.0,"enemies":"Hexaghost","floor":16.0,"turns":5.0},{"damage":25,"enemies":"Shell Parasite","floor":18,"turns":3},{"damage":0,"enemies":"Spheric Guardian","floor":19,"turns":3},{"damage":12,"enemies":"Centurion and Healer","floor":24,"turns":2},{"damage":0,"enemies":"Chosen and Byrds","floor":27,"turns":3},{"damage":0,"enemies":"Sentry and Sphere","floor":28,"turns":3},{"damage":22,"enemies":"Slavers","floor":29,"turns":2},{"damage":0,"enemies":"Snake Plant","floor":30,"turns":2},{"damage":19,"enemies":"Gremlin Leader","floor":31,"turns":2},{"damage":17,"enemies":"Champ","floor":33,"turns":6},{"damage":10,"enemies":"3 Darklings","floor":35,"turns":2},{"damage":5,"enemies":"Orb Walker","floor":39,"turns":2},{"damage":26,"enemies":"Reptomancer","floor":41,"turns":3},{"damage":2,"enemies":"Maw","floor":44,"turns":4},{"damage":42,"enemies":"Jaw Worm Horde","floor":45,"turns":3},{"damage":10,"enemies":"Sphere and 2 Shapes","floor":47,"turns":3},{"damage":20,"enemies":"Maw","floor":48,"turns":4},{"damage":52,"enemies":"Time Eater","floor":50,"turns":5},{"damage":35,"enemies":"Shield and Spear","floor":54,"turns":3},{"damage":79,"enemies":"The Heart","floor":55,"turns":5}],"seed_played":"-4495623857997547826","potions_obtained":[{"floor":2.0,"key":"Regen Potion"},{"floor":7.0,"key":"Swift Potion"},{"floor":12.0,"key":"DistilledChaos"},{"floor":16.0,"key":"PotionOfCapacity"},{"floor":24,"key":"SkillPotion"},{"floor":31,"key":"GamblersBrew"},{"floor":41,"key":"Ancient Potion"}],"is_trial":false,"path_per_floor":["M","M","?","$","M","R","E","$","T","M","M","M","T","M","R","B",null,"M","M","T","?","$","R","M","R","T","M","M","E","M","E","R","B",null,"M","?","T","$","M","R","E","R","T","M","M","$","M","M","R","B",null,"R","$","E","B"],"character_chosen":"DEFECT","items_purchased":["Defragment","Eternal Feather","Lockon","Defragment","Blood Vial","Omamori","Defragment","Singing Bowl","Medical Kit","Membership Card","Anchor","Strawberry","Chemical X","FossilizedHelix","Happy Flower"],"campfire_rested":1,"item_purchase_floors":[4,4,4,8,8,8,22,22,22,38,38,46,46,53,53],"current_hp_per_floor":[82,80,80,80,80,82,54,54,54,53,45,47,47,35,44,29,82,57,59,59,59,59,68,60,69,69,73,77,57,59,44,56,43,92,84,84,84,84,81,90,68,77,77,79,41,48,40,24,65,15,109,109,109,74,0,0],"gold":590,"neow_bonus":"TEN_PERCENT_HP_BONUS","is_daily":false,"chose_seed":false,"campfire_upgraded":6,"win_rate":0.0,"timestamp":1609414108,"path_taken":["M","M","?","?","M","R","E","$","T","?","M","?","?","M","R","BOSS","M","M","?","?","$","R","M","R","T","M","M","E","?","E","R","BOSS","M","?","?","$","M","R","E","R","T","?","M","$","M","?","R","BOSS","R","$","E","BOSS"],"items_purchased_type":["Card","Relic","Card","Card","Relic","Relic","Card","Relic","Relic","Relic","Relic","Relic","Relic","Relic","Relic"],"build_version":"2020-12-22","purchased_purges":3,"victory":false,"max_hp_per_floor":[82,82,82,82,82,82,82,82,82,82,82,82,82,82,82,82,82,82,82,82,82,82,82,84,84,84,86,88,88,88,90,90,92,92,94,94,94,94,94,94,96,96,96,98,100,107,107,109,109,109,109,109,109,109,109,109],"card_choices":[{"not_picked":["Rebound","Streamline","Steam Power"],"picked":"SKIP","floor":1.0},{"not_picked":["Steam","Fission"],"picked":"Tempest","floor":2.0},{"not_picked":["Scrape","Barrage","Stack"],"picked":"SKIP","floor":5.0},{"not_picked":["Creative AI","Sweeping Beam"],"picked":"Ball Lightning","floor":7.0},{"not_picked":["Steam","Streamline"],"picked":"Electrodynamics","floor":10.0},{"not_picked":["Auto Shields","Ball Lightning","Tempest"],"picked":"SKIP","floor":11.0},{"not_picked":["Streamline","Tempest"],"picked":"Loop","floor":12.0},{"not_picked":["Gash","FTL","Beam Cell"],"picked":"SKIP","floor":14.0},{"not_picked":["Buffer","Electrodynamics"],"picked":"Thunder Strike","floor":16.0},{"not_picked":["Stack+1","Redo","Darkness"],"picked":"SKIP","floor":18},{"not_picked":["Sunder","Biased Cognition"],"picked":"Redo","floor":19},{"not_picked":["White Noise+1","Turbo+1","Go for the Eyes"],"picked":"Singing Bowl","floor":24},{"not_picked":["Streamline","Gash","Go for the Eyes"],"picked":"Singing Bowl","floor":27},{"not_picked":["Sweeping Beam","Coolheaded","Blizzard"],"picked":"Singing Bowl","floor":28},{"not_picked":["Reinforced Body","Multi-Cast"],"picked":"Ball Lightning","floor":29},{"not_picked":["Conserve Battery","Hologram"],"picked":"Capacitor","floor":30},{"not_picked":["Static Discharge","BootSequence","Leap"],"picked":"Singing Bowl","floor":31},{"not_picked":["Fission","Machine Learning","All For One"],"picked":"Singing Bowl","floor":33},{"not_picked":["Streamline","Gash+1","Hello World"],"picked":"Singing Bowl","floor":35},{"not_picked":["Leap+1","Scrape+1"],"picked":"Capacitor+1","floor":39},{"not_picked":["Gash+1","Undo","Compile Driver"],"picked":"Singing Bowl","floor":41},{"not_picked":["Streamline+1","Double Energy+1","Creative AI"],"picked":"Singing Bowl","floor":44},{"not_picked":["Leap+1","Coolheaded+1","Barrage"],"picked":"Singing Bowl","floor":45},{"not_picked":["Storm","Rebound"],"picked":"Leap+1","floor":47},{"not_picked":["Streamline+1","Hologram","Undo"],"picked":"Singing Bowl","floor":48},{"not_picked":["Stack","Cold Snap"],"picked":"Defragment+1","floor":54}],"player_experience":170425,"relics_obtained":[{"floor":7.0,"key":"War Paint"},{"floor":9.0,"key":"Tiny Chest"},{"floor":13.0,"key":"Vajra"},{"floor":20,"key":"Mummified Hand"},{"floor":29,"key":"Peace Pipe"},{"floor":31,"key":"Ice Cream"},{"floor":37,"key":"Kunai"},{"floor":41,"key":"Bottled Tornado"},{"floor":43,"key":"Bottled Flame"},{"floor":54,"key":"HornCleat"}],"event_choices":[{"damage_healed":0,"gold_gain":0,"player_choice":"2 cards matched","damage_taken":0,"max_hp_gain":0,"max_hp_loss":0,"event_name":"Match and Keep!","floor":21,"gold_loss":0,"cards_obtained":["Seek","Parasite"]},{"damage_healed":0,"gold_gain":0,"player_choice":"Ignored","damage_taken":0,"max_hp_gain":0,"max_hp_loss":0,"event_name":"Tomb of Lord Red Mask","floor":36,"gold_loss":0}],"is_beta":false,"boss_relics":[{"not_picked":["Tiny House","Philosopher\u0027s Stone"],"picked":"Runic Pyramid"},{"not_picked":["Coffee Dripper","Runic Dome"],"picked":"Empty Cage"}],"items_purged_floors":[4,8,38],"is_endless":false,"potions_floor_spawned":[2,7,12,16,24,27,28,31,41,47],"killed_by":"The Heart","ascension_level":1}}