{"host":"ydujlihd8f5px9gp","time":1609453856,"event":{"mods":["AchievementEnabler","BaseMod","Block Reminder","Colored Map","Minty Spire (QoL Compilation)","ojb\u0027s Info Mod"],"gold_per_floor":[218,143,119,134,153,153,187,201,201,201,225,225,225,239,239,344,344,362,133,149,168,194,224,224,255,255,324,337,355,355,372,372,477,477,477,477],"floor_reached":35,"playtime":3517,"items_purged":["Darkness+1"],"score":399,"play_id":"cf6d3dad-64ec-42ea-a6bf-4ff364c99e6c","local_time":"20201231203056","is_ascension_mode":false,"campfire_choices":[{"data":"Storm","floor":6,"key":"SMITH"},{"data":"Amplify","floor":10,"key":"SMITH"},{"data":"Self Repair","floor":12,"key":"SMITH"},{"floor":15,"key":"REST"},{"data":"Machine Learning","floor":24,"key":"SMITH"},{"data":"Creative AI","floor":30,"key":"SMITH"},{"floor":32,"key":"REST"}],"circlet_count":0,"master_deck":["Strike_B","Strike_B","Strike_B","Defend_B","Defend_B","Defend_B","Zap","Dualcast","Hello World","Storm+1","Self Repair+1","Barrage","Amplify+1","Defragment","Creative AI+1","Chaos+1","Undo+1","Consume+1","Defragment","Machine Learning+1","Chill+1","Reboot"],"relics":["Cracked Core","Bronze Scales","Strawberry","Odd Mushroom","Astrolabe","PreservedInsect","Red Mask","White Beast Statue","Oddly Smooth Stone","Orichalcum","Eternal Feather","Busted Crown"],"acts_visited":["Exordium","TheCity","TheBeyond"],"potions_floor_usage":[22,22,22,23,25,28,31,33,33],"damage_taken":[{"damage":3,"enemies":"2 Louse","floor":1,"turns":3},{"damage":6,"enemies":"Jaw Worm","floor":4,"turns":3},{"damage":0,"enemies":"Small Slimes","floor":5,"turns":3},{"damage":30,"enemies":"Gremlin Nob","floor":7,"turns":4},{"damage":11,"enemies":"Blue Slaver","floor":8,"turns":4},{"damage":15,"enemies":"The Mushroom Lair","floor":11,"turns":4},{"damage":21,"enemies":"Exordium Wildlife","floor":14,"turns":3},{"damage":16,"enemies":"The Guardian","floor":16,"turns":10},{"damage":19,"enemies":"Shell Parasite","floor":18,"turns":6},{"damage":9,"enemies":"3 Byrds","floor":20,"turns":3},{"damage":43,"enemies":"Centurion and Healer","floor":21,"turns":10},{"damage":24,"enemies":"Masked Bandits","floor":22,"turns":3},{"damage":32,"enemies":"Gremlin Leader","floor":23,"turns":6},{"damage":13,"enemies":"Book of Stabbing","floor":25,"turns":3},{"damage":14,"enemies":"Sentry and Sphere","floor":28,"turns":4},{"damage":24,"enemies":"Snake Plant","floor":29,"turns":3},{"damage":24,"enemies":"3 Cultists","floor":31,"turns":4},{"damage":40,"enemies":"Champ","floor":33,"turns":7},{"damage":41,"enemies":"3 Shapes","floor":35,"turns":20}],"seed_played":"-7313921095570126284","potions_obtained":[{"floor":5,"key":"SteroidPotion"},{"floor":14,"key":"ColorlessPotion"},{"floor":16,"key":"PowerPotion"},{"floor":18,"key":"Explosive Potion"},{"floor":22,"key":"DistilledChaos"},{"floor":23,"key":"PowerPotion"},{"floor":25,"key":"Weak Potion"},{"floor":28,"key":"AttackPotion"},{"floor":29,"key":"GamblersBrew"},{"floor":31,"key":"FearPotion"},{"floor":33,"key":"EntropicBrew"}],"is_trial":false,"path_per_floor":["M","$","?","M","M","R","E","M","T","R","?","R","?","M","R","B",null,"M","$","M","M","?","E","R","E","T","T","M","M","R","M","R","B",null,"M"],"character_chosen":"DEFECT","items_purchased":["Storm","PreservedInsect"],"campfire_rested":2,"item_purchase_floors":[2,19],"current_hp_per_floor":[72,72,72,66,73,73,50,46,53,53,45,45,50,39,65,59,87,78,78,87,64,50,28,28,35,35,35,31,17,29,25,63,33,87,56,56],"gold":477,"neow_bonus":"HUNDRED_GOLD","is_daily":false,"chose_seed":false,"campfire_upgraded":5,"win_rate":0.0,"timestamp":1609453856,"path_taken":["M","$","?","M","M","R","E","M","T","R","?","R","?","?","R","BOSS","M","$","M","M","?","E","R","E","T","?","M","M","R","M","R","BOSS","M"],"items_purchased_type":["Card","Relic"],"build_version":"2020-12-22","purchased_purges":1,"victory":false,"max_hp_per_floor":[75,75,75,75,75,75,75,75,82,82,82,82,87,87,87,87,87,87,87,87,87,87,87,87,87,87,87,87,87,87,87,87,87,87,87,87],"card_choices":[{"not_picked":["Redo","Capacitor"],"picked":"Hello World","floor":1},{"not_picked":["Glacier","White Noise"],"picked":"Self Repair","floor":4},{"not_picked":["Sunder","Leap"],"picked":"Hello World","floor":5},{"not_picked":["Rebound","Gash"],"picked":"Barrage","floor":7},{"not_picked":["Coolheaded","Scrape"],"picked":"Amplify","floor":8},{"not_picked":["Conserve Battery","Compile Driver"],"picked":"Defragment","floor":14},{"not_picked":["Buffer","All For One"],"picked":"Creative AI","floor":16},{"not_picked":["Steam Power","Conserve Battery","Rip and Tear"],"picked":"SKIP","floor":18},{"not_picked":["Coolheaded+1","Turbo","Redo+1"],"picked":"SKIP","floor":20},{"not_picked":["Cold Snap","Rebound"],"picked":"Consume+1","floor":21},{"not_picked":["Seek","Cold Snap"],"picked":"Defragment","floor":22},{"not_picked":["Biased Cognition","Self Repair"],"picked":"Machine Learning","floor":23},{"not_picked":["Reinforced Body","Streamline+1","Steam"],"picked":"SKIP","floor":25},{"not_picked":["Sweeping Beam","Tempest","Reprogram"],"picked":"SKIP","floor":28},{"not_picked":["Stack+1","Steam","Sweeping Beam"],"picked":"SKIP","floor":29},{"not_picked":["Fission","Reprogram+1"],"picked":"Chill+1","floor":31},{"not_picked":["Rainbow","Biased Cognition"],"picked":"Reboot","floor":33}],"player_experience":83158,"relics_obtained":[{"floor":7,"key":"Bronze Scales"},{"floor":9,"key":"Strawberry"},{"floor":11,"key":"Odd Mushroom"},{"floor":22,"key":"Red Mask"},{"floor":23,"key":"White Beast Statue"},{"floor":25,"key":"Oddly Smooth Stone"},{"floor":26,"key":"Orichalcum"},{"floor":27,"key":"Eternal Feather"}],"event_choices":[{"damage_healed":0,"gold_gain":0,"player_choice":"Left Gold","damage_taken":0,"max_hp_gain":0,"max_hp_loss":0,"event_name":"World of Goop","floor":3,"gold_loss":24},{"damage_healed":0,"gold_gain":0,"player_choice":"Fought Mushrooms","damage_taken":0,"max_hp_gain":0,"max_hp_loss":0,"event_name":"Mushrooms","floor":11,"gold_loss":0},{"damage_healed":0,"gold_gain":0,"player_choice":"Donut","damage_taken":0,"max_hp_gain":5,"max_hp_loss":0,"event_name":"Big Fish","floor":13,"gold_loss":0},{"damage_healed":0,"gold_gain":0,"player_choice":"Fought Bandits","damage_taken":0,"max_hp_gain":0,"max_hp_loss":0,"event_name":"Masked Bandits","floor":22,"gold_loss":0}],"is_beta":false,"boss_relics":[{"not_picked":["SlaversCollar","Runic Pyramid"],"picked":"Astrolabe"},{"not_picked":["Cursed Key","Black Star"],"picked":"Busted Crown"}],"items_purged_floors":[19],"is_endless":false,"potions_floor_spawned":[5,14,16,18,21,22,23,25,28,29,31,33,35],"killed_by":"3 Shapes","ascension_level":0}}