{"host":"0cgp910o8339lr91","time":1609386382,"event":{"mods":["BaseMod","Colored Map","Filter the Spire","Minty Spire (QoL Compilation)","Relic Stats","Slay-I","ojb\u0027s Better Paths Mod","ojb\u0027s Info Mod"],"gold_per_floor":[99,99,99,99,99,99,99,99,99],"floor_reached":8,"playtime":538,"items_purged":[],"score":116,"play_id":"fe9833aa-0760-46df-b05a-1c8b77098f3d","local_time":"20201231044622","is_ascension_mode":true,"campfire_choices":[{"data":"Blade Dance","floor":7,"key":"SMITH"}],"circlet_count":0,"master_deck":["AscendersBane","Strike_G","Strike_G","Strike_G","Strike_G","Strike_G","Defend_G","Defend_G","Defend_G","Defend_G","Defend_G","Survivor","Neutralize","Blade Dance+1","Backstab","Blur"],"relics":["Ectoplasm","Golden Idol","Meat on the Bone"],"acts_visited":["Exordium"],"potions_floor_usage":[6],"damage_taken":[{"damage":4,"enemies":"Small Slimes","floor":1,"turns":4},{"damage":0,"enemies":"2 Louse","floor":2,"turns":3},{"damage":0,"enemies":"Cultist","floor":3,"turns":4},{"damage":0,"enemies":"Exordium Wildlife","floor":5,"turns":3},{"damage":40,"enemies":"Lagavulin","floor":6,"turns":8},{"damage":38,"enemies":"Gremlin Nob","floor":8,"turns":3}],"seed_played":"-6817291384937454138","potions_obtained":[{"floor":5,"key":"ColorlessPotion"},{"floor":6,"key":"Explosive Potion"}],"is_trial":false,"path_per_floor":["M","M","M","?","M","E","R","E"],"character_chosen":"THE_SILENT","items_purchased":[],"campfire_rested":0,"item_purchase_floors":[],"current_hp_per_floor":[55,55,55,55,55,15,15,0,0],"gold":99,"neow_bonus":"BOSS_RELIC","is_daily":false,"chose_seed":false,"campfire_upgraded":1,"win_rate":0.0,"timestamp":1609386382,"path_taken":["M","M","M","?","M","E","R","E"],"items_purchased_type":[],"build_version":"2020-12-22","purchased_purges":0,"victory":false,"max_hp_per_floor":[66,66,66,60,60,60,60,60,60],"relic_stats":{"counters":[6,25],"Golden Idol":11,"Ectoplasm":128,"obtain_stats":[{"Golden Idol":4,"Ectoplasm":0,"Ring of the Snake":0,"Meat on the Bone":6},{"Golden Idol":3,"Ectoplasm":0,"Ring of the Snake":0,"Meat on the Bone":5},{"Golden Idol":11,"Ectoplasm":0,"Ring of the Snake":0,"Meat on the Bone":22}],"Meat on the Bone":0},"card_choices":[{"not_picked":["Cloak And Dagger","Well Laid Plans"],"picked":"Blade Dance","floor":1},{"not_picked":["Heel Hook","Slice"],"picked":"Backstab","floor":2},{"not_picked":["Tactician","PiercingWail","Dodge and Roll"],"picked":"SKIP","floor":3},{"not_picked":["Distraction","Heel Hook"],"picked":"Blur","floor":5},{"not_picked":["All Out Attack","Finisher","Sucker Punch"],"picked":"SKIP","floor":6}],"player_experience":1278517,"relics_obtained":[{"floor":6,"key":"Meat on the Bone"}],"event_choices":[{"damage_healed":0,"gold_gain":0,"player_choice":"Lose Max HP","damage_taken":0,"relics_obtained":["Golden Idol"],"max_hp_gain":0,"max_hp_loss":6,"event_name":"Golden Idol","floor":4,"gold_loss":0}],"is_beta":false,"boss_relics":[],"items_purged_floors":[],"is_endless":false,"potions_floor_spawned":[5,6],"killed_by":"Gremlin Nob","ascension_level":20}}