{"host":"6ve8qn5s1am4lo6s","time":1609380583,"event":{"mods":["AchievementEnabler","BaseMod","Better Altar","Better Match","Better Note","Better Vampires","BetterRewards","CapriCore","Displayed Cursed Tome","Evolution","Koishi","Minty Spire (QoL Compilation)","Permanent Neow","Relic Stats","StSLib"],"gold_per_floor":[10,10,10,26,26,55,106,118,157,181,208,240,252,282,294,306,306],"floor_reached":16,"playtime":1152,"items_purged":[],"score":102,"play_id":"814499cd-05da-49c2-b289-4316b74100a4","local_time":"20201230210943","is_ascension_mode":false,"campfire_choices":[{"floor":8,"key":"RECALL"},{"data":"Koishi:HauntingSlash","floor":13,"key":"SMITH"},{"floor":15,"key":"REST"}],"circlet_count":0,"master_deck":["Koishi:BasicStrike","Koishi:BasicStrike","Koishi:BasicStrike","Koishi:BasicDefend","Koishi:BasicDefend","Koishi:BasicDefend","Koishi:BasicDefend","Koishi:Provoke","Koishi:HauntingSlash+1","Koishi:SpiritedAway","Koishi:PhantomStrike","Regret","Koishi:ApparitionsStalkTheNight","Koishi:RacingHeart","Koishi:Vanish+1","Koishi:MindStellarRelief+1"],"relics":["Koishi:ImaginaryFriend","EVO:Axolotl","Du-Vu Doll","Matryoshka","Regal Pillow","Koishi:BloodstainedWhiteRose","MawBank","Toxic Egg 2"],"acts_visited":["Exordium"],"potions_floor_usage":[16,16],"damage_taken":[{"damage":0,"enemies":"2 Louse","floor":1,"turns":4},{"damage":2,"enemies":"Cultist","floor":4,"turns":5},{"damage":37,"enemies":"Gremlin Nob","floor":6,"turns":5},{"damage":4,"enemies":"Jaw Worm","floor":10,"turns":3},{"damage":18,"enemies":"Exordium Wildlife","floor":11,"turns":4},{"damage":6,"enemies":"3 Louse","floor":12,"turns":4},{"damage":5,"enemies":"Looter","floor":14,"turns":2},{"damage":53,"enemies":"Hexaghost","floor":16,"turns":10}],"seed_played":"790672798002894507","potions_obtained":[{"floor":6,"key":"Dexterity Potion"},{"floor":10,"key":"Energy Potion"},{"floor":11,"key":"FearPotion"}],"is_trial":false,"path_per_floor":["M","$","?","M","?","E","T","R","T","M","M","M","R","M","R","B"],"character_chosen":"KOISHI","items_purchased":[],"campfire_rested":1,"item_purchase_floors":[],"current_hp_per_floor":[60,60,60,60,60,26,26,26,26,26,17,17,17,19,52,0,0],"gold":306,"neow_bonus":"ONE_RARE_RELIC","is_daily":false,"chose_seed":false,"campfire_upgraded":1,"win_rate":0.0,"timestamp":1609380583,"path_taken":["M","$","?","?","?","E","?","R","T","M","M","M","R","M","R","BOSS"],"items_purchased_type":[],"build_version":"2020-12-22","purchased_purges":0,"victory":false,"max_hp_per_floor":[60,60,60,60,60,60,60,60,60,60,60,60,60,60,60,60,60],"relic_stats":{"Regal Pillow":15,"counters":[8,37],"MawBank":108,"obtain_stats":[{"Du-Vu Doll":0,"Regal Pillow":6,"Matryoshka":5,"EVO:Axolotl":0,"Toxic Egg 2":9,"MawBank":7,"Koishi:BloodstainedWhiteRose":7,"Koishi:ImaginaryFriend":0},{"Du-Vu Doll":0,"Regal Pillow":3,"Matryoshka":2,"EVO:Axolotl":0,"Toxic Egg 2":3,"MawBank":3,"Koishi:BloodstainedWhiteRose":3,"Koishi:ImaginaryFriend":0},{"Du-Vu Doll":0,"Regal Pillow":14,"Matryoshka":9,"EVO:Axolotl":0,"Toxic Egg 2":14,"MawBank":14,"Koishi:BloodstainedWhiteRose":14,"Koishi:ImaginaryFriend":0}]},"card_choices":[{"not_picked":["Koishi:ReflexRadar","Koishi:FourthEye"],"picked":"Koishi:SpiritedAway","floor":1},{"not_picked":["Koishi:FreudianInstinct","Koishi:MassHysteria"],"picked":"Koishi:PhantomStrike","floor":4},{"not_picked":["Koishi:PhantomBarrier","Koishi:MindNumbingTerror"],"picked":"Koishi:ApparitionsStalkTheNight","floor":6},{"not_picked":["Koishi:ReleaseOfTheId+1","Koishi:LastRemote"],"picked":"Koishi:RacingHeart","floor":10},{"not_picked":["Koishi:YoukaiPolygraph","Koishi:SubterraneanRose+1"],"picked":"Koishi:Vanish+1","floor":11},{"not_picked":["Koishi:FleetingPhantom+1","Koishi:CatchAndRose+1"],"picked":"Koishi:MindStellarRelief+1","floor":12},{"not_picked":["Koishi:MindNumbingTerror","Koishi:IdleWhim+1","Koishi:PhantomStrike"],"picked":"SKIP","floor":14}],"player_experience":278366,"relics_obtained":[{"floor":6,"key":"Regal Pillow"},{"floor":7,"key":"Koishi:BloodstainedWhiteRose"},{"floor":7,"key":"MawBank"},{"floor":9,"key":"Toxic Egg 2"}],"event_choices":[{"cards_removed":["Koishi:BasicStrike"],"damage_healed":0,"gold_gain":0,"player_choice":"Card Removal","damage_taken":0,"max_hp_gain":0,"max_hp_loss":0,"event_name":"Wheel of Change","floor":3,"gold_loss":0},{"damage_healed":0,"gold_gain":0,"player_choice":"Box","damage_taken":0,"relics_obtained":["Matryoshka"],"max_hp_gain":0,"max_hp_loss":0,"event_name":"Big Fish","floor":5,"gold_loss":0,"cards_obtained":["Regret"]}],"is_beta":false,"boss_relics":[],"items_purged_floors":[],"is_endless":false,"potions_floor_spawned":[6,10,11],"killed_by":"Hexaghost","ascension_level":0}}