{"host":"fiyp7st036s1x8z1","time":1609390115,"event":{"mods":["BaseMod","Colored Map","Colored Powertips","Minty Spire (QoL Compilation)","Rare Cards Sparkle","Relic Stats","StSLib","[IsaacMod]ÒÔÈö¼âËþ"],"gold_per_floor":[111,126,210,210,210,257,282,282,306,306,231,231,131,164,164,266,275,303,303,146,146,71,71,82,91,114,124,124,151,174,213,213,300,309,328,328,74,86,20,64,64,90,90,133,133,133,143,186,186,186,186,186,186,8,52,52,52],"floor_reached":56,"playtime":2741,"items_purged":["Strike_B","Defend_B","Strike_B","Defend_B+1"],"score":2394,"play_id":"e912b87d-b40b-47e0-b22e-d032dd01280b","local_time":"20201231124835","is_ascension_mode":true,"campfire_choices":[{"data":"Recycle","floor":8.0,"key":"SMITH"},{"data":"EpicFetus","floor":10.0,"key":"SMITH"},{"data":"Coolheaded","floor":12.0,"key":"SMITH"},{"data":"Capacitor","floor":15.0,"key":"SMITH"},{"data":"Consume","floor":23.0,"key":"SMITH"},{"data":"Reboot","floor":28.0,"key":"SMITH"},{"data":"Coolheaded","floor":32.0,"key":"SMITH"},{"floor":41.0,"key":"RECALL"},{"floor":49.0,"key":"REST"},{"floor":53.0,"key":"REST"}],"circlet_count":0,"master_deck":["AscendersBane","Defend_B+1","Zap+1","Dualcast+1","EpicFetus+1","Recycle+1","Capacitor+1","Reboot+1","Coolheaded+1","Consume+1","Core Surge+1","CurseOfTheBell","Hologram+1","Biased Cognition+1","Undo+1","Coolheaded+1","Fission+1","Electrodynamics+1","Discovery+1","Capacitor+1","Seek+1","Core Surge+1","Coolheaded+1","White Noise"],"relics":["Cracked Core","HushsDoor","PillsDrop","CeramicFish","Blood Vial","DataDisk","BookofShadows","Void","GuppysCollar","TheAbacus","Centennial Puzzle","Pantograph","Fusion Hammer","Habit","Bag of Preparation","Mark of the Bloom","Nunchaku","Symbiotic Virus"],"acts_visited":["Exordium","TheCity","TheBeyond","TheEnding"],"potions_floor_usage":[],"damage_taken":[{"damage":0.0,"enemies":"2 Louse","floor":1.0,"turns":1.0},{"damage":0.0,"enemies":"Cultist","floor":2.0,"turns":1.0},{"damage":0.0,"enemies":"Lagavulin","floor":6.0,"turns":1.0},{"damage":4.0,"enemies":"Jaw Worm","floor":7.0,"turns":5.0},{"damage":13.0,"enemies":"Exordium Wildlife","floor":14.0,"turns":4.0},{"damage":24.0,"enemies":"Slime Boss","floor":16.0,"turns":9.0},{"damage":11.0,"enemies":"Spheric Guardian","floor":18.0,"turns":3.0},{"damage":2.0,"enemies":"Chosen","floor":24.0,"turns":4.0},{"damage":20.0,"enemies":"Snake Plant","floor":27.0,"turns":3.0},{"damage":3.0,"enemies":"Slavers","floor":29.0,"turns":6.0},{"damage":0.0,"enemies":"Sentry and Sphere","floor":30.0,"turns":4.0},{"damage":23.0,"enemies":"Gremlin Leader","floor":31.0,"turns":6.0},{"damage":0.0,"enemies":"Champ","floor":33.0,"turns":11.0},{"damage":0.0,"enemies":"Orb Walker","floor":35.0,"turns":4.0},{"damage":0.0,"enemies":"3 Shapes","floor":38.0,"turns":3.0},{"damage":12.0,"enemies":"Nemesis","floor":40.0,"turns":7.0},{"damage":0.0,"enemies":"Giant Head","floor":42.0,"turns":9.0},{"damage":2.0,"enemies":"Reptomancer","floor":44.0,"turns":5.0},{"damage":0.0,"enemies":"Maw","floor":47.0,"turns":6.0},{"damage":0.0,"enemies":"Nemesis","floor":48.0,"turns":5.0},{"damage":0.0,"enemies":"Donu and Deca","floor":50.0,"turns":4.0},{"damage":1.0,"enemies":"Awakened One","floor":51.0,"turns":7.0},{"damage":0,"enemies":"Shield and Spear","floor":55,"turns":5},{"damage":54,"enemies":"Delirium","floor":56,"turns":8}],"seed_played":"5800312190172833012","potions_obtained":[{"floor":2.0,"key":"EntropicBrew"},{"floor":6.0,"key":"Swift Potion"},{"floor":24.0,"key":"Weak Potion"},{"floor":29.0,"key":"CultistPotion"},{"floor":40.0,"key":"SpeedPotion"},{"floor":44.0,"key":"GamblersBrew"}],"is_trial":false,"path_per_floor":["M","M","?","?","?","E","M","R","T","R","$","R","$","M","R","B",null,"M","?","$","?","?","R","M","?","T","M","R","E","M","E","R","B",null,"M","?","$","M","$","E","R","E","T","E","$","?","M","E","R","B","B",null,"R","$","E","B"],"character_chosen":"DEFECT","items_purchased":["GuppysCollar","TheAbacus","Electrodynamics","Habit","Discovery","Capacitor","Swift Potion"],"campfire_rested":2,"item_purchase_floors":[17,20,34,37,37,39,54],"current_hp_per_floor":[64,64,49,49,49,49,45,45,45,45,45,45,45,37,37,15,41,32,32,32,32,32,32,37,42,47,34,34,38,44,31,31,44,40,40,40,40,35,35,36,36,38,38,38,38,38,38,38,38,38,37,37,37,37,37,0,0],"gold":52,"neow_bonus":"THREE_ENEMY_KILL","is_daily":false,"chose_seed":false,"campfire_upgraded":7,"win_rate":0.0,"timestamp":1609390115,"path_taken":["M","M","?","?","?","E","M","R","T","R","$","R","?","M","R","BOSS","BOSS","M","?","$","?","?","R","M","?","T","M","R","E","M","E","R","BOSS","M","?","$","M","?","E","R","E","T","E","?","?","M","E","R","BOSS","BOSS","R","$","E","BOSS"],"items_purchased_type":["Relic","Relic","Card","Relic","Card","Card","Potion"],"build_version":"2020-12-22","purchased_purges":4,"victory":false,"max_hp_per_floor":[71,71,71,71,64,64,64,64,64,64,64,64,64,67,67,67,49,49,49,49,49,49,49,49,49,49,44,44,44,44,44,44,44,40,40,40,40,35,35,38,38,38,38,38,38,38,41,41,41,41,41,41,41,41,41,41,41],"relic_stats":{"Blood Vial":16,"Centennial Puzzle":[15],"Mark of the Bloom":117,"Nunchaku":[1],"TheAbacus":[606],"counters":[24,121],"CeramicFish":144,"Pantograph":13,"Bag of Preparation":[12],"obtain_stats":[{"Mark of the Bloom":46,"Torii":42,"CeramicFish":6,"Bag of Preparation":44,"Ancient Tea Set":26,"Blood Vial":9,"Centennial Puzzle":29,"Nunchaku":48,"TheAbacus":20,"PillsDrop":0,"Pantograph":31,"Fusion Hammer":34,"Void":17,"Cracked Core":0,"KeepersGift":0,"BookofShadows":17,"NeowsBlessing":0,"Golden Idol":5,"Calling Bell":17,"Habit":37,"DataDisk":17,"Bloody Idol":21,"HushsDoor":0,"Symbiotic Virus":55,"GuppysCollar":17,"Meat on the Bone":40},{"Mark of the Bloom":18,"Torii":17,"CeramicFish":3,"Bag of Preparation":18,"Ancient Tea Set":8,"Blood Vial":4,"Centennial Puzzle":10,"Nunchaku":20,"TheAbacus":7,"PillsDrop":0,"Pantograph":12,"Fusion Hammer":13,"Void":6,"Cracked Core":0,"KeepersGift":0,"BookofShadows":6,"NeowsBlessing":0,"Golden Idol":2,"Calling Bell":6,"Habit":14,"DataDisk":6,"Bloody Idol":7,"HushsDoor":0,"Symbiotic Virus":23,"GuppysCollar":6,"Meat on the Bone":16},{"Mark of the Bloom":86,"Torii":81,"CeramicFish":3,"Bag of Preparation":86,"Ancient Tea Set":28,"Blood Vial":8,"Centennial Puzzle":37,"Nunchaku":97,"TheAbacus":24,"PillsDrop":0,"Pantograph":47,"Fusion Hammer":58,"Void":21,"Cracked Core":0,"KeepersGift":0,"BookofShadows":21,"NeowsBlessing":0,"Golden Idol":2,"Calling Bell":21,"Habit":62,"DataDisk":21,"Bloody Idol":24,"HushsDoor":0,"Symbiotic Virus":113,"GuppysCollar":21,"Meat on the Bone":72}]},"card_choices":[{"not_picked":[],"picked":"EpicFetus","floor":0.0},{"not_picked":["Barrage","Ball Lightning"],"picked":"Recycle","floor":1.0},{"not_picked":["Scrape","Force Field"],"picked":"Capacitor","floor":2.0},{"not_picked":["Darkness","Go for the Eyes"],"picked":"Coolheaded","floor":6.0},{"not_picked":["Beam Cell","Doom and Gloom","Cold Snap"],"picked":"SKIP","floor":7.0},{"not_picked":["Beam Cell","Doom and Gloom","Cold Snap"],"picked":"SKIP","floor":7.0},{"not_picked":["Cold Snap","BootSequence"],"picked":"Consume","floor":14.0},{"not_picked":["Seek","Multi-Cast"],"picked":"Core Surge","floor":16.0},{"not_picked":["Distribution+1","Self Repair"],"picked":"Hologram+1","floor":18.0},{"not_picked":["Barrage","Streamline+1","Compile Driver"],"picked":"SKIP","floor":24.0},{"not_picked":["Stack+1","Conserve Battery","Compile Driver"],"picked":"SKIP","floor":27.0},{"not_picked":["Storm+1","Sweeping Beam","Gash"],"picked":"SKIP","floor":29.0},{"not_picked":["Conserve Battery","Ball Lightning"],"picked":"Undo","floor":30.0},{"not_picked":["Streamline","Compile Driver"],"picked":"Coolheaded","floor":31.0},{"not_picked":["All For One","Machine Learning"],"picked":"Fission","floor":33.0},{"not_picked":["Cancel","Coolheaded","Gash+1"],"picked":"SKIP","floor":35.0},{"not_picked":["Go for the Eyes","Pulse+1","Leap"],"picked":"SKIP","floor":38.0},{"not_picked":["Conserve Battery","Self Repair"],"picked":"Seek","floor":40.0},{"not_picked":["Distribution","Ball Lightning","Conserve Battery"],"picked":"SKIP","floor":42.0},{"not_picked":["Ball Lightning+1","Seek"],"picked":"Core Surge","floor":44.0},{"not_picked":["Cold Snap+1","Hologram","Barrage"],"picked":"SKIP","floor":47.0},{"not_picked":["Stack","Cold Snap"],"picked":"Coolheaded+1","floor":48.0},{"not_picked":["Loop","Conserve Battery"],"picked":"White Noise","floor":55}],"player_experience":926227,"relics_obtained":[{"floor":6.0,"key":"CeramicFish"},{"floor":9.0,"key":"Blood Vial"},{"floor":17.0,"key":"DataDisk"},{"floor":17.0,"key":"BookofShadows"},{"floor":17.0,"key":"Void"},{"floor":26.0,"key":"Ancient Tea Set"},{"floor":29.0,"key":"Centennial Puzzle"},{"floor":31.0,"key":"Pantograph"},{"floor":40.0,"key":"Meat on the Bone"},{"floor":42.0,"key":"Torii"},{"floor":44.0,"key":"Bag of Preparation"},{"floor":48.0,"key":"Nunchaku"},{"floor":55,"key":"Symbiotic Virus"}],"event_choices":[{"damage_healed":0.0,"max_hp_gain":0.0,"max_hp_loss":0.0,"gold_gain":0.0,"cards_transformed":["Strike_B"],"event_name":"Living Wall","player_choice":"Change","floor":4.0,"gold_loss":0.0,"damage_taken":0.0,"cards_obtained":["Reboot"]},{"damage_healed":0.0,"max_hp_gain":0.0,"max_hp_loss":7.0,"gold_gain":0.0,"event_name":"Golden Idol","player_choice":"Lose Max HP","floor":5.0,"gold_loss":0.0,"damage_taken":0.0,"relics_obtained":["Golden Idol"]},{"damage_healed":0.0,"max_hp_gain":0.0,"max_hp_loss":0.0,"gold_gain":0.0,"event_name":"Forgotten Altar","player_choice":"Gave Idol","floor":21.0,"relics_lost":["Golden Idol"],"gold_loss":0.0,"damage_taken":0.0,"relics_obtained":["Bloody Idol"]},{"cards_removed":["Strike_B"],"damage_healed":0.0,"max_hp_gain":0.0,"max_hp_loss":0.0,"gold_gain":0.0,"event_name":"Beggar","player_choice":"Gave Gold","floor":22.0,"gold_loss":75.0,"damage_taken":0.0},{"damage_healed":0.0,"max_hp_gain":0.0,"max_hp_loss":0.0,"gold_gain":0.0,"event_name":"The Library","player_choice":"Read","floor":25.0,"gold_loss":0.0,"damage_taken":0.0,"cards_obtained":["Biased Cognition"]},{"cards_removed":["Defend_B"],"damage_healed":0.0,"max_hp_gain":0.0,"max_hp_loss":0.0,"gold_gain":0.0,"event_name":"Purifier","player_choice":"Purged","floor":36.0,"gold_loss":0.0,"damage_taken":0.0},{"damage_healed":0.0,"max_hp_gain":0.0,"max_hp_loss":0.0,"gold_gain":0.0,"event_name":"MindBloom","player_choice":"Upgrade","floor":46.0,"gold_loss":0.0,"damage_taken":0.0,"cards_upgraded":["Defend_B","Defend_B","Zap","Dualcast","Core Surge","Biased Cognition","Undo","Fission","Electrodynamics","Discovery","Capacitor","Seek","Core Surge"],"relics_obtained":["Mark of the Bloom"]}],"is_beta":false,"boss_relics":[{"not_picked":["SacredBark","FrozenCore"],"picked":"Calling Bell"},{"not_picked":[]},{"not_picked":["Nuclear Battery","Snecko Eye"],"picked":"Fusion Hammer"},{"not_picked":[]}],"items_purged_floors":[11,13,17,54],"is_endless":false,"potions_floor_spawned":[2,6,7,16,18,24,29,40,44],"killed_by":"Delirium","ascension_level":20}}