{"host":"tw8gm4p1o2j6gfl4","time":1609407209,"event":{"mods":["Aspiration","BaseMod","BetterRewards","Colored Map","Colored Powertips","Curses Come First","Downfall","Hermit","Hubris","Infinite Spire","Lobotomy","Luminous","Minty Spire (QoL Compilation)","Quick Restart","Replay The Spire","StSLib","SuperFastMode","The Cursed","The Jungle","The Marked","Trackpad","[IsaacMod]????"],"gold_per_floor":[99,99,99,99,99,99,99,132,57,70,70,84,103,88,103,205,205,130,145,160,179,14,14,14,14,14,14,14,14,27,44,57,159,159,159,174,188,288,336,21,21,31,31,31,51,61,96,21,33,138,138,138,138],"floor_reached":51,"playtime":2884,"items_purged":[],"score":727,"play_id":"e5418d20-8f32-4cf0-b843-d4073c065a6d","local_time":"20201231013329","is_ascension_mode":false,"campfire_choices":[{"floor":1.0,"key":"RECALL"},{"data":"Guardian:FloatingOrbs","floor":9.0,"key":"SMITH"},{"data":"Guardian:Defend_Guardian","floor":18.0,"key":"SMITH"},{"data":"Guardian:TwinSlam","floor":23.0,"key":"SMITH"},{"floor":26.0,"key":"REST"},{"floor":28.0,"key":"REST"},{"data":"Guardian:CurlUp","floor":35.0,"key":"SMITH"},{"data":"hubris:InfiniteBlow","floor":44,"key":"SMITH"},{"floor":48,"key":"REST"}],"circlet_count":0,"master_deck":["Guardian:Strike_Guardian","Guardian:Strike_Guardian","Guardian:Strike_Guardian","Guardian:Strike_Guardian","Guardian:Defend_Guardian","Guardian:Defend_Guardian","Guardian:Defend_Guardian","Guardian:Defend_Guardian+1","Guardian:CurlUp+1","Guardian:TwinSlam+1","Guardian:FloatingOrbs+1","Guardian:Recover","Guardian:BronzeOrb+1","Guardian:FastForward+1","Guardian:RollAttack","Guardian:TemporalStrike","Guardian:FierceBash+1","Guardian:Planning","Guardian:TemporalStrike+1","RitualDagger","infinitespire:FutureSight","infinitespire:Menacing","Guardian:ShieldCharger","hubris:NaturalOne","Guardian:VentSteam","Guardian:WalkerClaw","Guardian:Suspension","hubris:InfiniteBlow+1","Guardian:TimeSifter+1","Mayhem+1","Guardian:FloatingOrbs+1","Guardian:Gem_Red","Guardian:Gem_Fragmented","Guardian:Gem_Purple","Guardian:Reroute+1","Guardian:StasisStrike+1"],"relics":["Guardian:ModeShifter","HushsDoor","SteamSale","downfall:HeartsMalice","aspiration:FrozenJewel","Golden Egg","downfall:HeartBlessingRed","aspiration:PoetsPen_weak","downfall:HeartBlessingBlue","Lantern","Quantum Egg","hubris:Icosahedron","MagicMushroom","Toy Ornithopter","Black Star","AnarchistCookbook","BelialBook","Toolbox","trackpad:ByrdBGone","Unceasing Top","hubris:PeanutButter","PreservedInsect","downfall:HeartBlessingGreen","Fusion Hammer"],"acts_visited":["Exordium","TheCity","TheBeyond","Exordium"],"potions_floor_usage":[46,50,50],"damage_taken":[{"damage":0.0,"enemies":"Jaw Worm","floor":2.0,"turns":1.0},{"damage":0.0,"enemies":"Cultist","floor":3.0,"turns":1.0},{"damage":0.0,"enemies":"Small Slimes","floor":4.0,"turns":1.0},{"damage":17.0,"enemies":"Gremlin Nob","floor":8.0,"turns":5.0},{"damage":5.0,"enemies":"Exordium Wildlife","floor":10.0,"turns":4.0},{"damage":0.0,"enemies":"3 Louse","floor":12.0,"turns":3.0},{"damage":3.0,"enemies":"Exordium Thugs","floor":13.0,"turns":5.0},{"damage":0.0,"enemies":"downfall:FleeingMerchant","floor":14.0,"turns":4.0},{"damage":0.0,"enemies":"Large Slime","floor":15.0,"turns":6.0},{"damage":32.0,"enemies":"downfall:Ironclad","floor":16.0,"turns":8.0},{"damage":14.0,"enemies":"3 Byrds","floor":19.0,"turns":4.0},{"damage":7.0,"enemies":"3 Cultists","floor":20.0,"turns":4.0},{"damage":10.0,"enemies":"Snake Plant","floor":21.0,"turns":3.0},{"damage":13.0,"enemies":"downfall:FleeingMerchant","floor":22.0,"turns":4.0},{"damage":0.0,"enemies":"Cultist and Chosen","floor":30.0,"turns":2.0},{"damage":0.0,"enemies":"Chosen and Byrds","floor":31.0,"turns":4.0},{"damage":0.0,"enemies":"Snake Plant","floor":32.0,"turns":2.0},{"damage":19.0,"enemies":"downfall:Watcher","floor":33.0,"turns":6.0},{"damage":0.0,"enemies":"Orb Walker","floor":36.0,"turns":3.0},{"damage":0.0,"enemies":"3 Darklings","floor":37.0,"turns":2.0},{"damage":0.0,"enemies":"infinitespire:Three Voidlings","floor":38.0,"turns":2.0},{"damage":75.0,"enemies":"Nightmare_Alpha","floor":38.0,"turns":11.0},{"damage":0,"enemies":"downfall:FleeingMerchant","floor":40,"turns":3},{"damage":0,"enemies":"Sphere and 2 Shapes","floor":42,"turns":3},{"damage":0,"enemies":"4 Shapes","floor":45,"turns":3},{"damage":0,"enemies":"Jaw Worm Horde","floor":46,"turns":3},{"damage":0,"enemies":"R_Hoarder","floor":47,"turns":5},{"damage":0,"enemies":"Writhing Mass","floor":49,"turns":3},{"damage":12,"enemies":"downfall:Silent","floor":50,"turns":5}],"seed_played":"1892059605084170087","potions_obtained":[{"floor":8.0,"key":"Energy Potion"},{"floor":10.0,"key":"champ:CounterPotion"},{"floor":13.0,"key":"PowerPotion"},{"floor":20.0,"key":"champ:CounterPotion"},{"floor":31.0,"key":"Guardian:DefensiveModePotion"},{"floor":32.0,"key":"Adrenaline Potion"},{"floor":33.0,"key":"AttackPotion"},{"floor":42,"key":"SkillPotion"},{"floor":49,"key":"ColorlessPotion"},{"floor":50,"key":"Adrenaline Potion"}],"is_trial":false,"path_per_floor":["R","M","M","M","?","?","T","E","R","M","?","M","M","$","M","B",null,"R","M","M","M","$","R","T","?","R","?","R","AVR","M","M","M","B",null,"R","M","M","?","T","$","T","M","AVR","R","M","M","E","R","M","B",null],"character_chosen":"GUARDIAN","items_purchased":["Lantern","Guardian:Gem_Orange","Strength Potion","Guardian:TimeSifter","Toolbox","Mayhem","Guardian:Gem_Red","Reflective Coating"],"campfire_rested":3,"item_purchase_floors":[22,34,40,40,40,40,40,40],"current_hp_per_floor":[80,80,80,80,80,80,80,63,63,58,58,58,55,55,55,23,80,90,76,69,59,46,46,46,46,73,67,90,97,97,97,97,78,94,94,94,94,29,29,30,30,31,31,31,32,38,39,67,68,67,94,94,94],"gold":138,"neow_bonus":"THREE_ENEMY_KILL","is_daily":false,"chose_seed":false,"campfire_upgraded":5,"win_rate":0.0,"timestamp":1609407209,"path_taken":["R","M","M","M","?","?","T","E","R","M","?","M","M","$","M","BOSS","R","M","M","M","$","R","T","?","R","?","R","AVR","M","M","M","BOSS","R","M","M","?","?","$","T","?","AVR","R","M","M","E","R","M","BOSS"],"items_purchased_type":["Card","Card","Potion","Card","Relic","Card","Card","Potion"],"build_version":"2020-12-22","purchased_purges":0,"victory":false,"max_hp_per_floor":[80,80,80,80,80,80,80,80,80,80,80,80,80,80,80,80,80,90,90,90,90,90,90,90,90,90,90,90,97,97,97,97,97,94,94,94,94,94,94,94,94,94,94,94,94,94,94,94,94,94,94,94,94],"card_choices":[{"not_picked":["Guardian:RollAttack","Guardian:Incinerate"],"picked":"Guardian:FloatingOrbs","floor":2.0},{"not_picked":["Guardian:RollAttack","Guardian:VentSteam"],"picked":"Guardian:Recover","floor":3.0},{"not_picked":["Guardian:WalkerClaw","Guardian:Recover"],"picked":"Guardian:BronzeOrb","floor":4.0},{"not_picked":["Guardian:ChargeCore","Guardian:TemporalShield"],"picked":"Guardian:FastForward","floor":8.0},{"not_picked":["Guardian:VentSteam","Guardian:PrimingBeam"],"picked":"Guardian:RollAttack","floor":10.0},{"not_picked":["Guardian:Recover","Guardian:PrimingBeam"],"picked":"Guardian:Gem_Lightblue","floor":12.0},{"not_picked":["Guardian:RefractedBeam","Guardian:RevengeProtocol"],"picked":"Guardian:TemporalStrike","floor":13.0},{"not_picked":["Guardian:RollAttack","Guardian:DecasProtection"],"picked":"Guardian:Gem_Red","floor":14.0},{"not_picked":["Bomb","Guardian:AncientConstruct"],"picked":"Guardian:Gem_Red","floor":15.0},{"not_picked":["Guardian:ConstructionForm","Guardian:FastForward"],"picked":"Guardian:FierceBash","floor":16.0},{"not_picked":["Guardian:WalkerClaw","Guardian:Suspension"],"picked":"Guardian:Planning","floor":19.0},{"not_picked":["Guardian:PrimingBeam","Guardian:Incinerate+1"],"picked":"Guardian:TemporalStrike+1","floor":20.0},{"not_picked":["Guardian:Reroute+1","Guardian:VentSteam"],"picked":"Guardian:Gem_Lightblue","floor":21.0},{"not_picked":["Guardian:Gem_Green","Guardian:WalkerClaw+1"],"picked":"Guardian:Gem_Red","floor":22.0},{"not_picked":["Guardian:SentryBeam+1","Guardian:ShieldSpikes"],"picked":"Guardian:Gem_Crimson","floor":30.0},{"not_picked":["Guardian:RefractedBeam+1","Guardian:BronzeArmor"],"picked":"Guardian:Gem_Purple","floor":31.0},{"not_picked":["Guardian:PrimingBeam","Guardian:Gem_Lightblue"],"picked":"Guardian:ShieldCharger","floor":32.0},{"not_picked":["Guardian:BaubleBeam","Guardian:StasisField"],"picked":"Guardian:Gem_Orange","floor":33.0},{"not_picked":["Guardian:PolyBeam+1","Guardian:PrimingBeam"],"picked":"Guardian:VentSteam","floor":36.0},{"not_picked":["Guardian:TemporalStrike+1","Guardian:RollAttack"],"picked":"Guardian:WalkerClaw","floor":37.0},{"not_picked":["Guardian:PrimingBeam+1","Guardian:Gem_Cyan"],"picked":"Guardian:Suspension","floor":38},{"not_picked":["hubris:Fate","ReplayTheSpireMod:Haul"],"picked":"hubris:InfiniteBlow","floor":38},{"not_picked":["Guardian:MultiBeam","Guardian:Recover+1"],"picked":"Guardian:Gem_Blue","floor":40},{"not_picked":["Guardian:ArmoredProtocol","Guardian:Planning+1"],"picked":"Guardian:FloatingOrbs+1","floor":42},{"not_picked":["Guardian:PolyBeam","Guardian:Recover"],"picked":"Guardian:Gem_Red","floor":45},{"not_picked":["Guardian:Recover+1","Guardian:TimeBomb"],"picked":"Guardian:Gem_Fragmented","floor":46},{"not_picked":["Guardian:PrismaticBarrier","Guardian:FloatingOrbs"],"picked":"Guardian:Gem_Purple","floor":47},{"not_picked":["Guardian:TimeBomb","Guardian:RefractedBeam"],"picked":"Guardian:Reroute+1","floor":49},{"not_picked":["Guardian:HyperBeam_Guardian","Guardian:Gem_Synthetic"],"picked":"Guardian:StasisStrike","floor":50}],"player_experience":164451,"relics_obtained":[{"floor":6.0,"key":"aspiration:FrozenJewel"},{"floor":8.0,"key":"Golden Egg"},{"floor":24.0,"key":"Quantum Egg"},{"floor":38,"key":"AnarchistCookbook"},{"floor":39,"key":"BelialBook"},{"floor":41,"key":"trackpad:ByrdBGone"},{"floor":47,"key":"hubris:PeanutButter"},{"floor":47,"key":"PreservedInsect"}],"event_choices":[{"damage_healed":0.0,"max_hp_gain":0.0,"max_hp_loss":0.0,"gold_gain":0.0,"event_name":"NoteForYourself","player_choice":"Ignored","floor":5.0,"gold_loss":0.0,"damage_taken":0.0},{"damage_healed":0,"gold_gain":0,"player_choice":"Ignored","damage_taken":0,"max_hp_gain":0,"max_hp_loss":0,"event_name":"NoteForYourself","floor":38,"gold_loss":0}],"is_beta":false,"boss_relics":[{"not_picked":["aspiration:DefectSkillbook","aspiration:FutureDiary"],"picked":"aspiration:PoetsPen_weak"},{"not_picked":[]},{"not_picked":["Coffee Dripper","Guardian:StasisSlotReductionRelic"],"picked":"Black Star"},{"not_picked":[]},{"not_picked":["Painkiller Herb","aspiration:RitualDagger"],"picked":"Fusion Hammer"},{"not_picked":[]}],"items_purged_floors":[],"is_endless":true,"potions_floor_spawned":[8,10,13,15,20,31,32,33,38,42,45,49,50],"ascension_level":0}}