{"host":"m6aaltr68g9tvoay","time":1609393710,"event":{"mods":["AchievementEnabler","BaseMod","Colored Map","Minty Spire (QoL Compilation)","StSLib"],"gold_per_floor":[115,115,128,147,147,178,178,208,208,223,236,236,236,247,247,325,325,340,15,15,15,30,30,81,95,95,95,109,142,24,42,42,42,42],"floor_reached":33,"playtime":988,"items_purged":["Shame"],"score":526,"play_id":"cf108522-437e-410c-8c30-967c971d651a","local_time":"20201230214830","is_ascension_mode":true,"campfire_choices":[{"floor":7.0,"key":"REST"},{"floor":12.0,"key":"REST"},{"floor":15.0,"key":"REST"},{"data":"Whirlwind","floor":23,"key":"SMITH"},{"data":"Rampage","floor":27,"key":"SMITH"},{"floor":32,"key":"REST"}],"circlet_count":0,"master_deck":["AscendersBane","Strike_R+1","Strike_R+1","Strike_R+1","Strike_R+1","Defend_R+1","Defend_R+1","Defend_R+1","Defend_R+1","Bash","Rage","Bludgeon+1","Twin Strike","Flex","Feel No Pain","Ghostly Armor+1","Havoc+1","Flame Barrier+1","Double Tap+1","Clothesline","Whirlwind+1","Offering+1","Rampage+1","Juggernaut","Infernal Blade+1","Rage+1","Disarm+1"],"relics":["Burning Blood","NeowsBlessing","Sundial","Toxic Egg 2","Question Card","Mark of Pain","Centennial Puzzle","Ancient Tea Set","Bottled Tornado","Red Skull"],"acts_visited":["Exordium","TheCity"],"potions_floor_usage":[16,16,18,29,33,33],"damage_taken":[{"damage":0.0,"enemies":"2 Louse","floor":1.0,"turns":1.0},{"damage":0.0,"enemies":"Small Slimes","floor":3.0,"turns":1.0},{"damage":0.0,"enemies":"Cultist","floor":4.0,"turns":1.0},{"damage":54.0,"enemies":"Lagavulin","floor":6.0,"turns":6.0},{"damage":44.0,"enemies":"3 Sentries","floor":8.0,"turns":9.0},{"damage":1.0,"enemies":"2 Fungi Beasts","floor":10.0,"turns":3.0},{"damage":9.0,"enemies":"Blue Slaver","floor":11.0,"turns":6.0},{"damage":0.0,"enemies":"Large Slime","floor":14.0,"turns":4.0},{"damage":13,"enemies":"The Guardian","floor":16,"turns":9},{"damage":3,"enemies":"3 Byrds","floor":18,"turns":3},{"damage":14,"enemies":"Shell Parasite","floor":22,"turns":3},{"damage":6,"enemies":"3 Cultists","floor":25,"turns":3},{"damage":12,"enemies":"Cultist and Chosen","floor":28,"turns":5},{"damage":35,"enemies":"Book of Stabbing","floor":29,"turns":4},{"damage":0,"enemies":"Snake Plant","floor":31,"turns":1},{"damage":108,"enemies":"Automaton","floor":33,"turns":12}],"seed_played":"-7325236161555416497","potions_obtained":[{"floor":3.0,"key":"SteroidPotion"},{"floor":8.0,"key":"SteroidPotion"},{"floor":16,"key":"LiquidMemories"},{"floor":18,"key":"BlessingOfTheForge"},{"floor":28,"key":"Regen Potion"},{"floor":29,"key":"HeartOfIron"}],"is_trial":false,"path_per_floor":["M","?","M","M","?","E","R","E","T","M","M","R","?","M","R","B",null,"M","$","?","?","M","R","T","M","T","R","M","E","$","M","R","B"],"character_chosen":"IRONCLAD","items_purchased":["Whirlwind","Offering+1","LiquidBronze","Rage+1"],"campfire_rested":4,"item_purchase_floors":[19,19,19,30],"current_hp_per_floor":[74,74,75,75,75,27,49,11,11,16,13,35,35,41,63,56,70,73,73,73,73,65,65,65,65,65,65,59,30,30,36,58,0,0],"gold":42,"neow_bonus":"THREE_ENEMY_KILL","is_daily":false,"chose_seed":false,"campfire_upgraded":2,"win_rate":0.0,"timestamp":1609393710,"path_taken":["M","?","M","M","?","E","R","E","T","M","M","R","?","M","R","BOSS","M","$","?","?","M","R","?","M","T","R","M","E","$","M","R","BOSS"],"items_purchased_type":["Card","Card","Potion","Card"],"build_version":"2020-12-22","purchased_purges":1,"victory":false,"max_hp_per_floor":[75,75,75,75,75,75,75,75,75,75,75,75,75,75,75,75,75,75,75,75,75,75,75,75,75,75,75,75,75,75,75,75,75,75],"card_choices":[{"not_picked":["Clash","Battle Trance","Warcry"],"picked":"SKIP","floor":1.0},{"not_picked":["Anger","Pummel"],"picked":"Rage","floor":3.0},{"not_picked":["Clash","Heavy Blade"],"picked":"Bludgeon","floor":4.0},{"not_picked":["Sentinel","Perfected Strike"],"picked":"Flex","floor":6.0},{"not_picked":["Anger","Clothesline"],"picked":"Feel No Pain","floor":8.0},{"not_picked":["Perfected Strike","Cleave","Armaments+1"],"picked":"Ghostly Armor+1","floor":10.0},{"not_picked":["Perfected Strike","Pummel","Sever Soul"],"picked":"Havoc+1","floor":11.0},{"not_picked":["Dual Wield+1","Inflame","Bloodletting+1"],"picked":"Flame Barrier+1","floor":14.0},{"not_picked":["Corruption","Berserk","Brutality"],"picked":"Double Tap+1","floor":16},{"not_picked":["Havoc+1","Anger","Flex+1"],"picked":"Clothesline","floor":18},{"not_picked":["Whirlwind","Shrug It Off+1","Havoc+1","Reckless Charge"],"picked":"SKIP","floor":22},{"not_picked":["Thunderclap","Carnage","Twin Strike"],"picked":"Rampage","floor":25},{"not_picked":["Metallicize","Disarm+1","Pommel Strike"],"picked":"Juggernaut","floor":28},{"not_picked":["Inflame","Havoc+1","True Grit+1"],"picked":"Infernal Blade+1","floor":29},{"not_picked":["Iron Wave","Searing Blow","Anger"],"picked":"Disarm+1","floor":31}],"player_experience":1323050,"relics_obtained":[{"floor":6.0,"key":"Sundial"},{"floor":8.0,"key":"Toxic Egg 2"},{"floor":9.0,"key":"Question Card"},{"floor":24,"key":"Ancient Tea Set"},{"floor":26,"key":"Bottled Tornado"},{"floor":29,"key":"Red Skull"}],"event_choices":[{"damage_healed":0.0,"max_hp_gain":0.0,"max_hp_loss":0.0,"gold_gain":0.0,"event_name":"The Cleric","player_choice":"Leave","floor":2.0,"gold_loss":0.0,"damage_taken":0.0},{"damage_healed":0.0,"max_hp_gain":0.0,"max_hp_loss":0.0,"gold_gain":0.0,"cards_transformed":["Strike_R"],"event_name":"Living Wall","player_choice":"Change","floor":5.0,"gold_loss":0.0,"damage_taken":0.0,"cards_obtained":["Twin Strike"]},{"damage_healed":0.0,"max_hp_gain":0.0,"max_hp_loss":0.0,"gold_gain":0.0,"event_name":"Upgrade Shrine","player_choice":"Upgraded","floor":13.0,"gold_loss":0.0,"damage_taken":0.0,"cards_upgraded":["Bludgeon"]},{"damage_healed":0,"gold_gain":0,"player_choice":"Simplicity","damage_taken":0,"max_hp_gain":0,"max_hp_loss":0,"event_name":"Back to Basics","floor":20,"gold_loss":0,"cards_upgraded":["Strike_R","Strike_R","Strike_R","Strike_R","Defend_R","Defend_R","Defend_R","Defend_R"]},{"damage_healed":0,"gold_gain":0,"player_choice":"Stole Relic","damage_taken":0,"relics_obtained":["Centennial Puzzle"],"max_hp_gain":0,"max_hp_loss":0,"event_name":"Addict","floor":21,"gold_loss":0,"cards_obtained":["Shame"]}],"is_beta":false,"boss_relics":[{"not_picked":["Fusion Hammer","Runic Dome"],"picked":"Mark of Pain"}],"items_purged_floors":[30],"is_endless":false,"potions_floor_spawned":[3,8,14,16,18,28,29,31],"killed_by":"Automaton","ascension_level":18}}