{"host":"8jwif9mna8ud19ho","time":1609388685,"event":{"mods":["BaseMod","Better Vampires","Lobotomy","Marisa£¨ìFÓê¡¡Ä§ÀíÉ³£©","Minty Spire (QoL Compilation)","Reimu£¨²©ÀöÁéÃÎ£©","RumiaBox-Â¶Ã×æ«µÄÉñÃØºÐ×Ó","StSLib","¡¾ÒÅÎï¿¨ÅÆ¡¿REMEMod"],"gold_per_floor":[118,118,118,43,43,71,81,81,106,136,154,172,72,72,72,149,149,168,195,207,177,192,192,212,246,314,314,314,314,108,134,134,134,134],"floor_reached":33,"playtime":1561,"items_purged":["Strike_MRS","Strike_MRS","Strike_MRS"],"score":782,"play_id":"fa196dfa-a85c-455c-adcb-453650490689","local_time":"20201231122445","is_ascension_mode":true,"campfire_choices":[{"data":"OneTimeOff","floor":8.0,"key":"SMITH"},{"floor":15.0,"key":"REST"},{"data":"AbsoluteMagnitude","floor":23,"key":"SMITH"},{"data":"SprinkleStarSeal","floor":28,"key":"SMITH"},{"data":"OneTimeOff","floor":32,"key":"SMITH"}],"circlet_count":0,"master_deck":["AscendersBane","Defend_MRS","Defend_MRS","Defend_MRS","Defend_MRS","MasterSpark","UpSweep","MillisecondPulsars","OneTimeOff+1","PulseMagic","Variant","GrandCross","Yin","SprinkleStarSeal+1","AbsoluteMagnitude+1","MeteoricShower","EnergyRecoil+1","EnergyFlow","GalacticHalo","OneTimeOff+1","EnergyRecoil"],"relics":["MiniHakkero","REME_ComplimentaryCards","CogitoBucket","PlanX","Ccalipers","Centennial Puzzle","SoulBox","Pen Nib","MealTicket","Frozen Egg 2","Orichalcum"],"acts_visited":["Exordium","TheCity"],"potions_floor_usage":[],"damage_taken":[{"damage":9.0,"enemies":"Jaw Worm","floor":1.0,"turns":4.0},{"damage":40.0,"enemies":"3 Sentries","floor":6.0,"turns":14.0},{"damage":0.0,"enemies":"2 Louse","floor":7.0,"turns":4.0},{"damage":0.0,"enemies":"Gremlin Nob","floor":10.0,"turns":3.0},{"damage":0.0,"enemies":"Small Slimes","floor":11.0,"turns":3.0},{"damage":12.0,"enemies":"2 Fungi Beasts","floor":12.0,"turns":7.0},{"damage":0.0,"enemies":"Hexaghost","floor":16.0,"turns":9.0},{"damage":2.0,"enemies":"Shell Parasite","floor":18.0,"turns":4.0},{"damage":0.0,"enemies":"3 Byrds","floor":20.0,"turns":9.0},{"damage":19,"enemies":"Shelled Parasite and Fungi","floor":22,"turns":6},{"damage":7,"enemies":"Centurion and Healer","floor":24,"turns":7},{"damage":14,"enemies":"Book of Stabbing","floor":25,"turns":7},{"damage":17,"enemies":"Slavers","floor":31,"turns":9},{"damage":16,"enemies":"Automaton","floor":33,"turns":6}],"seed_played":"2211301131648906592","potions_obtained":[{"floor":6.0,"key":"Fire Potion"},{"floor":7.0,"key":"FearPotion"},{"floor":11.0,"key":"GamblersBrew"},{"floor":14.0,"key":"SneckoOil"},{"floor":14.0,"key":"Fire Potion"},{"floor":21,"key":"EntropicBrew"},{"floor":21,"key":"LiquidMemories"}],"is_trial":false,"path_per_floor":["M","?","T","$","?","E","M","R","T","E","M","M","$","?","R","B",null,"M","T","M","?","M","R","M","E","T","?","R","?","$","E","R","B"],"character_chosen":"MARISA","items_purchased":["OneTimeOff"],"campfire_rested":1,"item_purchase_floors":[30],"current_hp_per_floor":[54,54,54,54,54,14,14,14,14,14,14,2,2,2,23,23,58,56,56,56,56,37,37,30,16,16,16,16,16,31,14,14,0,0],"gold":134,"neow_bonus":"","is_daily":false,"chose_seed":false,"campfire_upgraded":4,"win_rate":0.0,"timestamp":1609388685,"path_taken":["M","?","?","$","?","E","?","R","T","E","M","M","$","?","R","BOSS","M","?","M","?","?","R","M","E","T","?","R","?","$","E","R","BOSS"],"items_purchased_type":["Card"],"build_version":"2020-12-22","purchased_purges":3,"victory":false,"max_hp_per_floor":[70,70,70,70,70,70,70,70,70,70,70,70,70,70,70,70,70,70,70,70,70,70,70,70,70,70,70,70,70,70,70,70,70,70],"card_choices":[{"not_picked":["UnstableBomb","Singularity"],"picked":"OneTimeOff","floor":1.0},{"not_picked":["CrumblingArmor","SnowQueen"],"picked":"Variant","floor":6.0},{"not_picked":["GravityBeat","NonDirectionalLaser"],"picked":"GrandCross","floor":6.0},{"not_picked":["Woodsman","Wellcheers"],"picked":"Yin","floor":7.0},{"not_picked":["AlicesGift","DC","DarkSpark"],"picked":"SKIP","floor":7.0},{"not_picked":["AlicesGift","DC","DarkSpark"],"picked":"SKIP","floor":7.0},{"not_picked":["DragonMeteor","MagicChant"],"picked":"SprinkleStarSeal","floor":10.0},{"not_picked":["Acceleration","PowerUp"],"picked":"AbsoluteMagnitude","floor":11.0},{"not_picked":["DragonMeteor","DarkMatter"],"picked":"MeteoricShower","floor":12.0},{"not_picked":["PowerUp","DoubleSpark"],"picked":"EnergyRecoil+1","floor":18.0},{"not_picked":["Orbital+1","PropBag","Occultation+1"],"picked":"SKIP","floor":20.0},{"not_picked":["DarkMatter","FairyDestructionRay"],"picked":"EnergyFlow","floor":22},{"not_picked":["LuminesStrike","NonDirectionalLaser","DoubleSpark"],"picked":"SKIP","floor":24},{"not_picked":["AlicesGift","SporeBomb","MagicChant"],"picked":"SKIP","floor":25},{"not_picked":["6A","Robbery"],"picked":"EnergyRecoil","floor":31}],"player_experience":1108160,"relics_obtained":[{"floor":3.0,"key":"PlanX"},{"floor":6.0,"key":"Ccalipers"},{"floor":10.0,"key":"Centennial Puzzle"},{"floor":19.0,"key":"Pen Nib"},{"floor":25,"key":"MealTicket"},{"floor":26,"key":"Frozen Egg 2"},{"floor":31,"key":"Orichalcum"}],"event_choices":[{"damage_healed":0.0,"max_hp_gain":0.0,"max_hp_loss":0.0,"gold_gain":0.0,"cards_transformed":["Strike_MRS"],"event_name":"Living Wall","player_choice":"Change","floor":2.0,"gold_loss":0.0,"damage_taken":0.0,"cards_obtained":["PulseMagic"]},{"damage_healed":0.0,"max_hp_gain":0.0,"max_hp_loss":0.0,"gold_gain":0.0,"event_name":"Liars Game","player_choice":"Ignored","floor":5.0,"gold_loss":0.0,"damage_taken":0.0},{"damage_healed":0.0,"max_hp_gain":0.0,"max_hp_loss":0.0,"gold_gain":0.0,"event_name":"Lab","player_choice":"Got Potions","floor":14.0,"gold_loss":0.0,"damage_taken":0.0},{"damage_healed":0,"gold_gain":0,"player_choice":"Bought 2 Potions","damage_taken":0,"max_hp_gain":0,"max_hp_loss":0,"event_name":"The Woman in Blue","floor":21,"gold_loss":0},{"damage_healed":0,"gold_gain":0,"player_choice":"Ignored","damage_taken":0,"max_hp_gain":0,"max_hp_loss":0,"event_name":"The Mausoleum","floor":27,"gold_loss":0},{"damage_healed":0,"gold_gain":0,"player_choice":"Read","damage_taken":0,"max_hp_gain":0,"max_hp_loss":0,"event_name":"The Library","floor":29,"gold_loss":0,"cards_obtained":["GalacticHalo"]}],"is_beta":false,"boss_relics":[{"not_picked":["BewitchedHakkero","RedLine:ReiMu"],"picked":"SoulBox"}],"items_purged_floors":[4,13,30],"is_endless":false,"potions_floor_spawned":[6,7,11,25],"killed_by":"Automaton","ascension_level":20}}