{"host":"n9qtmgye2hz5t4ok","time":1609378458,"event":{"mods":["Act Like it!","BaseMod","Colored Map","Colored Powertips","Downfall","Gensokyo","Infinite Spire","Koishi","Marisa????????","Minty Spire (QoL Compilation)","Quick Restart","Remilia??????","StSLib","The Disciple","The Jungle","The Servant 0.9.4"],"gold_per_floor":[69000,69000,68493,68493,67795,67827,67827,67853,67853,66808,66836,66870,66116,66143,66143,66238,66238,66256,66256,66256,66256,66256,66288,66320,66351,66351,66370,66405,66405,65696,65730,65730,65825,65825,65844,65336,65336,65395,65404,65435,65735,65762,65810,65840,65640,65670,65551,65551,65551,65551],"floor_reached":51,"playtime":5020,"items_purged":["Rainbow","Fission","Core Surge","Pain"],"score":1551,"play_id":"b4afd380-d251-42f6-9846-952448037d49","local_time":"20201231023418","daily_mods":["Shiny","Vintage","Heirloom","Flight","Elite Swarm"],"is_ascension_mode":true,"campfire_choices":[{"data":"infinitespire:TheBestDefense","floor":7,"key":"SMITH"},{"data":"Seek","floor":15,"key":"SMITH"},{"data":"White Noise","floor":32,"key":"SMITH"},{"data":"Seek","floor":49,"key":"SMITH"}],"circlet_count":0,"master_deck":["Hyperbeam","Machine Learning","Buffer","All For One+1","Multi-Cast+1","Thunder Strike+1","Electrodynamics","Seek+1","Echo Form","Reboot","Biased Cognition","Amplify+1","Creative AI","infinitespire:TheBestDefense+1","Capacitor","White Noise+1","Barrage","Reboot","Secret Weapon","Loop","Seek+1","Biased Cognition","Amplify","BootSequence","Thinking Ahead","Electrodynamics","White Noise","BootSequence+1"],"relics":["Unceasing Top","champ:DeflectingBracers","infinitespire:Joker Card","Emotion Chip","Cauldron","infinitespire:Freezer","Meat on the Bone","Guardian:GemstoneGun","Ornamental Fan","infinitespire:ShieldingShard","Toolbox","Pocketwatch","Boot","Orichalcum","Sundial","ClockworkSouvenir","Juzu Bracelet","sneckomod:SneckoTalon","Lantern","Black Star","infinitespire:CheckeredPen","infinitespire:CursedDice","infinitespire:Lucky Rock","Whetstone","Pear","Letter Opener","Ancient Tea Set","Mummified Hand","War Paint","Blood Vial","hexamod:BolsterEngine","Peace Pipe","Smiling Mask","Strawberry","infinitespire:Cupcake","infinitespire:Eraser","infinitespire:WardingShard","Membership Card","CeramicFish","champ:DuelingGlove","WarpedTongs","Bag of Preparation","Akabeko","CaptainsWheel","infinitespire:Beetle Shell","sneckomod:BlankCard","Centennial Puzzle","Prayer Wheel","Anchor","TheAbacus","Omamori","Ginger","Nunchaku"],"acts_visited":["Exordium","TheCity","TheBeyond"],"potions_floor_usage":[5,11,24],"damage_taken":[{"damage":0,"enemies":"Cultist","floor":1,"turns":2},{"damage":9,"enemies":"3 Sentries","floor":6,"turns":2},{"damage":1,"enemies":"Lagavulin","floor":8,"turns":5},{"damage":0,"enemies":"Gremlin Nob","floor":11,"turns":4},{"damage":0,"enemies":"3 Sentries","floor":12,"turns":3},{"damage":0,"enemies":"Lagavulin","floor":14,"turns":4},{"damage":3,"enemies":"The Guardian","floor":16,"turns":9},{"damage":9,"enemies":"2 Thieves","floor":18,"turns":2},{"damage":0,"enemies":"Slavers","floor":23,"turns":2},{"damage":0,"enemies":"Gremlin Leader","floor":24,"turns":4},{"damage":0,"enemies":"Book of Stabbing","floor":25,"turns":4},{"damage":0,"enemies":"Chosen","floor":27,"turns":2},{"damage":0,"enemies":"Slavers","floor":28,"turns":2},{"damage":0,"enemies":"Book of Stabbing","floor":31,"turns":3},{"damage":0,"enemies":"Automaton","floor":33,"turns":5},{"damage":0,"enemies":"3 Shapes","floor":35,"turns":2},{"damage":0,"enemies":"infinitespire:Three Voidlings","floor":37,"turns":2},{"damage":0,"enemies":"Mind Bloom Boss Battle","floor":38,"turns":2},{"damage":0,"enemies":"Giant Head","floor":40,"turns":2},{"damage":0,"enemies":"Reptomancer","floor":42,"turns":2},{"damage":0,"enemies":"Nemesis","floor":44,"turns":1},{"damage":0,"enemies":"Reptomancer","floor":46,"turns":1},{"damage":0,"enemies":"Donu and Deca","floor":50,"turns":3}],"seed_played":"-4924434935951772724","potions_obtained":[{"floor":1,"key":"EssenceOfSteel"},{"floor":5,"key":"PowerPotion"},{"floor":5,"key":"Fruit Juice"},{"floor":5,"key":"FairyPotion"},{"floor":11,"key":"LiquidBronze"},{"floor":18,"key":"PotionOfCapacity"},{"floor":28,"key":"FearPotion"}],"is_trial":true,"path_per_floor":["M","?","?","?","$","E","R","E","T","$","E","E","$","E","R","B",null,"M","?","?","AVR","?","E","E","E","T","M","E","?","$","E","R","B",null,"M","$","?","?","?","E","?","E","T","E","$","E","?","?","R","B",null],"character_chosen":"DEFECT","items_purchased":["Emotion Chip","Cauldron","Capacitor","White Noise","Barrage","Ornamental Fan","infinitespire:ShieldingShard","Toolbox","Secret Weapon","Loop","Leap","Orichalcum","Sundial","ClockworkSouvenir","LiquidMemories","BootSequence","hexamod:BolsterEngine","Peace Pipe","Thinking Ahead","infinitespire:WardingShard","Membership Card","CeramicFish","White Noise","Anchor","TheAbacus"],"campfire_rested":0,"item_purchase_floors":[5,5,5,5,5,10,10,10,10,10,10,13,13,13,13,30,30,30,30,36,36,36,36,45,45],"current_hp_per_floor":[75,75,75,85,90,81,81,80,80,80,80,80,80,80,80,77,90,81,81,81,81,81,81,81,91,91,91,91,91,91,100,100,102,107,107,107,107,107,107,107,107,107,107,107,107,107,107,107,107,107],"gold":65551,"neow_bonus":"","is_daily":false,"chose_seed":false,"campfire_upgraded":4,"win_rate":0.0,"timestamp":1609378458,"path_taken":["M","?","?","?","$","E","R","E","T","$","E","E","$","E","R","BOSS","M","?","?","AVR","?","E","E","E","T","M","E","?","$","E","R","BOSS","M","$","?","?","?","E","?","E","T","E","$","E","?","?","R","BOSS"],"items_purchased_type":["Relic","Relic","Card","Card","Card","Relic","Relic","Relic","Card","Card","Card","Relic","Relic","Relic","Potion","Card","Relic","Relic","Card","Relic","Relic","Relic","Card","Relic","Relic"],"build_version":"2020-12-22","purchased_purges":4,"victory":true,"max_hp_per_floor":[75,75,75,85,90,90,90,90,90,90,90,90,90,90,90,90,90,90,90,90,90,90,90,90,100,100,100,100,100,100,107,107,107,107,107,107,107,107,107,107,107,107,107,107,107,107,107,107,107,107],"card_choices":[{"not_picked":["infinitespire:Starlight","infinitespire:FinalStrike"],"picked":"infinitespire:TheBestDefense","floor":3},{"not_picked":["Hyperbeam","All For One","Multi-Cast"],"picked":"SKIP","floor":6},{"not_picked":["Buffer","All For One"],"picked":"Reboot","floor":8},{"not_picked":["Thunder Strike","All For One"],"picked":"Seek","floor":11},{"not_picked":["Rainbow","Buffer"],"picked":"Biased Cognition","floor":12},{"not_picked":["Fission","Rainbow"],"picked":"Amplify","floor":14},{"not_picked":["Seek","Meteor Strike","Creative AI"],"picked":"SKIP","floor":23},{"not_picked":["Amplify","Echo Form","Creative AI"],"picked":"SKIP","floor":24},{"not_picked":["Thunder Strike","Rainbow","Hyperbeam"],"picked":"SKIP","floor":25},{"not_picked":["Fission","Amplify","Core Surge"],"picked":"SKIP","floor":28},{"not_picked":["Multi-Cast","Echo Form","Thunder Strike"],"picked":"SKIP","floor":31},{"not_picked":["Thunder Strike","Core Surge"],"picked":"Electrodynamics","floor":33},{"not_picked":["Compile Driver","Conserve Battery+1"],"picked":"BootSequence+1","floor":38},{"not_picked":["All For One","Multi-Cast","Echo Form"],"picked":"SKIP","floor":40},{"not_picked":["Core Surge","Rainbow","Biased Cognition"],"picked":"SKIP","floor":42},{"not_picked":["Reboot","Thunder Strike","All For One"],"picked":"SKIP","floor":44},{"not_picked":["Thunder Strike","Echo Form","Rainbow"],"picked":"SKIP","floor":46}],"player_experience":93017,"relics_obtained":[{"floor":1,"key":"infinitespire:Joker Card"},{"floor":6,"key":"infinitespire:Freezer"},{"floor":8,"key":"Meat on the Bone"},{"floor":9,"key":"Guardian:GemstoneGun"},{"floor":11,"key":"Pocketwatch"},{"floor":12,"key":"Boot"},{"floor":14,"key":"Juzu Bracelet"},{"floor":18,"key":"Lantern"},{"floor":23,"key":"infinitespire:CheckeredPen"},{"floor":23,"key":"infinitespire:CursedDice"},{"floor":24,"key":"infinitespire:Lucky Rock"},{"floor":24,"key":"Whetstone"},{"floor":25,"key":"Pear"},{"floor":25,"key":"Letter Opener"},{"floor":26,"key":"Ancient Tea Set"},{"floor":27,"key":"Mummified Hand"},{"floor":28,"key":"War Paint"},{"floor":28,"key":"Blood Vial"},{"floor":31,"key":"Smiling Mask"},{"floor":31,"key":"Strawberry"},{"floor":35,"key":"infinitespire:Eraser"},{"floor":38,"key":"champ:DuelingGlove"},{"floor":40,"key":"Bag of Preparation"},{"floor":40,"key":"Akabeko"},{"floor":42,"key":"CaptainsWheel"},{"floor":42,"key":"infinitespire:Beetle Shell"},{"floor":43,"key":"sneckomod:BlankCard"},{"floor":44,"key":"Centennial Puzzle"},{"floor":44,"key":"Prayer Wheel"},{"floor":46,"key":"Omamori"},{"floor":46,"key":"Ginger"}],"event_choices":[{"cards_removed":["Meteor Strike"],"damage_healed":0,"gold_gain":0,"player_choice":"Offered Rare","damage_taken":0,"max_hp_gain":10,"max_hp_loss":0,"event_name":"Bonfire Elementals","floor":4,"gold_loss":0},{"damage_healed":0,"gold_gain":0,"player_choice":"Got Potions","damage_taken":0,"max_hp_gain":0,"max_hp_loss":0,"event_name":"Lab","floor":19,"gold_loss":0},{"damage_healed":0,"gold_gain":0,"player_choice":"Ignored","damage_taken":0,"max_hp_gain":0,"max_hp_loss":0,"event_name":"Beggar","floor":20,"gold_loss":0},{"damage_healed":0,"gold_gain":0,"player_choice":"Ignored","damage_taken":0,"max_hp_gain":0,"max_hp_loss":0,"event_name":"Vampires","floor":22,"gold_loss":0},{"cards_removed":["Leap"],"damage_healed":0,"gold_gain":0,"player_choice":"Purged","damage_taken":0,"max_hp_gain":0,"max_hp_loss":0,"event_name":"Purifier","floor":29,"gold_loss":0},{"damage_healed":0,"gold_gain":0,"player_choice":"Fight","damage_taken":0,"max_hp_gain":0,"max_hp_loss":0,"event_name":"MindBloom","floor":38,"gold_loss":0},{"damage_healed":0,"gold_gain":0,"player_choice":"Rummage","damage_taken":0,"relics_obtained":["WarpedTongs"],"max_hp_gain":0,"max_hp_loss":0,"event_name":"Accursed Blacksmith","floor":39,"gold_loss":0,"cards_obtained":["Pain"]},{"damage_healed":0,"gold_gain":300,"player_choice":"Gold","damage_taken":0,"max_hp_gain":0,"max_hp_loss":0,"event_name":"Wheel of Change","floor":41,"gold_loss":0},{"damage_healed":0,"gold_gain":0,"player_choice":"Paid Gold","damage_taken":0,"relics_obtained":["Nunchaku"],"max_hp_gain":0,"max_hp_loss":0,"event_name":"WeMeetAgain","floor":47,"gold_loss":119},{"damage_healed":0,"gold_gain":0,"player_choice":"Ignored","damage_taken":0,"max_hp_gain":0,"max_hp_loss":0,"event_name":"Tomb of Lord Red Mask","floor":48,"gold_loss":0}],"is_beta":false,"boss_relics":[{"not_picked":["Cursed Key","SlaversCollar"],"picked":"sneckomod:SneckoTalon"},{"not_picked":["Runic Pyramid","Nuclear Battery"],"picked":"infinitespire:Cupcake"}],"items_purged_floors":[5,10,13,45],"is_endless":false,"potions_floor_spawned":[1,11,18,28,31,37,38,42],"ascension_level":1}}