{"host":"iv4l93feeza0hr07","time":1609415527,"event":{"mods":["2.2 Compatiblity","AchievementEnabler","Act Like it!","BaseMod","BetterRewards","Colored Map","Colored Powertips","Conspire","Downfall","Duelist Mod","GifTheSpireLib","GungeonMod","Hallownest","Hubris","Infinite Spire","LagranYue(???·?)","Mimic Mod","Minty Spire (QoL Compilation)","Quick Restart","Replay The Spire","StSLib","The Bug Knight","The Jungle","The Wild Card","Yuri Mod"],"gold_per_floor":[125,139,151,151,151,151,251,17,2,2,0,0,18,33,48,150,150,150,162,172,191,191,208,246,246,246,246,262,279,20,72,84,201,301,301,500,515,535,551,551,584,584,594,594,594,496,496,530,530,530,530],"floor_reached":50,"playtime":4099,"items_purged":["Pain"],"score":612,"play_id":"05f79307-8a1b-4762-a112-e50db253b8c8","local_time":"20201231035207","is_ascension_mode":false,"campfire_choices":[{"data":"theDuelist:YamataDragon","floor":1,"key":"SMITH"},{"data":"Apotheosis","floor":10,"key":"SMITH"},{"data":"theDuelist:CyberDragonCore","floor":12,"key":"SMITH"},{"floor":26,"key":"REST"},{"data":"ReplayTheSpireMod:Echoes of Time","floor":35,"key":"SMITH"},{"floor":44,"key":"REST"},{"floor":47,"key":"REST"},{"floor":49,"key":"RECALL"}],"circlet_count":0,"master_deck":["theDuelist:BusterDrake+1","theDuelist:Raigeki+1","theDuelist:ArmageddonDragonEmp+1","theDuelist:CyberDragonCore+1","theDuelist:BabyDragon","theDuelist:CastleWalls","theDuelist:CastleWalls","theDuelist:CaveDragon","theDuelist:CaveDragon","theDuelist:LesserDragon","theDuelist:LesserDragon","theDuelist:Sparks","theDuelist:Sparks","theDuelist:YamataDragon+1","theDuelist:EvilMind","Hallucinations","theDuelist:Kabazauls","Apotheosis+1","theDuelist:CyberDragonCore+1","theDuelist:WhiteHornDragon","theDuelist:LightningDarts","theDuelist:StardustDragon+1","theDuelist:GravityLash","theDuelist:GravityLash+1","theDuelist:BlackBrachios","theDuelist:WhiteHornDragon","theDuelist:MythicWaterDragon","theDuelist:VoidOgreDragon","theDuelist:CyberTwinDragon","theDuelist:BlackBrutdrago","theDuelist:FireDarts","theDuelist:TailSwipe","Doubt","hubris:MerchantsHand","theDuelist:GravityLash","theDuelist:ScrapFactory","ReplayTheSpireMod:Echoes of Time+1","theDuelist:DragonRavine","theDuelist:Mountain","infinitespire:Execution","theDuelist:TrihornedDragon","theDuelist:Kabazauls","theDuelist:CyberEndDragon","theDuelist:GiantRex+1"],"relics":["theDuelist:MillenniumPuzzle","theDuelist:CardPoolRelic","theDuelist:CardPoolBasicRelic","theDuelist:BoosterPackPoolRelic","theDuelist:CardPoolAddRelic","theDuelist:CardPoolMinusRelic","theDuelist:CardPoolSaveRelic","theDuelist:CardPoolOptionsRelic","LagranYue:RandomDrawCardRelic","ReplayTheSpireMod:Ring of Addiction","Chameleon Ring","Potion Belt","Ring of Hypnosis","hubris:Towel","theDuelist:MillenniumCoin","conspire:SlowCooker","infinitespire:ShieldingShard","theDuelist:YugiMirror","Pantograph","Enchiridion","Pen Nib","hubris:Spice","Replay:Towering Pillar of Hats","DemoMod:AgedBell","Replay:Grab Bag","Replay:Bronze Core","Replay:Wanted Poster","ReplayTheSpireMod:SealedPack","hubris:Backtick","Calipers","theDuelist:MillenniumStone","WarpedTongs","Torii","Mummified Hand"],"acts_visited":["Exordium","TheCity","TheBeyond"],"potions_floor_usage":[16,16,16,23,28,29,31,33,33,33,39,48,50,50],"damage_taken":[{"damage":0,"enemies":"Cultist","floor":2,"turns":2},{"damage":6,"enemies":"Jaw Worm","floor":3,"turns":2},{"damage":0,"enemies":"downfall:FleeingMerchant","floor":8,"turns":4},{"damage":7,"enemies":"downfall:FleeingMerchant","floor":9,"turns":4},{"damage":0,"enemies":"downfall:FleeingMerchant","floor":11,"turns":4},{"damage":0,"enemies":"2 Louse","floor":13,"turns":1},{"damage":7,"enemies":"Blue Slaver","floor":14,"turns":3},{"damage":13,"enemies":"Gremlin Gang","floor":15,"turns":4},{"damage":29,"enemies":"downfall:Silent","floor":16,"turns":9},{"damage":0,"enemies":"conspire:FuzzyDice","floor":19,"turns":4},{"damage":15,"enemies":"Shell Parasite","floor":20,"turns":4},{"damage":17,"enemies":"Snake Plant","floor":21,"turns":4},{"damage":20,"enemies":"Cultist and Chosen","floor":23,"turns":6},{"damage":7,"enemies":"Chosen and Byrds","floor":24,"turns":6},{"damage":0,"enemies":"Chosen and Byrds","floor":28,"turns":5},{"damage":8,"enemies":"Shelled Parasite and Fungi","floor":29,"turns":6},{"damage":7,"enemies":"downfall:FleeingMerchant","floor":30,"turns":5},{"damage":6,"enemies":"downfall:FleeingMerchant","floor":31,"turns":11},{"damage":7,"enemies":"3 Cultists","floor":32,"turns":5},{"damage":1,"enemies":"downfall:Ironclad","floor":33,"turns":8},{"damage":0,"enemies":"downfall:FleeingMerchant","floor":36,"turns":3},{"damage":14,"enemies":"3 Darklings","floor":37,"turns":3},{"damage":7,"enemies":"3 Shapes","floor":38,"turns":5},{"damage":26,"enemies":"Maw","floor":39,"turns":7},{"damage":0,"enemies":"4 Shapes","floor":41,"turns":6},{"damage":23,"enemies":"4 Shapes","floor":43,"turns":3},{"damage":0,"enemies":"HollowMod:StalkingDevout","floor":48,"turns":7},{"damage":73,"enemies":"downfall:Defect","floor":50,"turns":7}],"seed_played":"8525626869334280795","potions_obtained":[{"floor":4,"key":"ColorlessPotion"},{"floor":4,"key":"EssenceOfSteel"},{"floor":4,"key":"LiquidMemories"},{"floor":13,"key":"theDuelist:WaterBottle"},{"floor":14,"key":"theDuelist:SummonFuryPotion"},{"floor":15,"key":"Energy Potion"},{"floor":21,"key":"Adrenaline Potion"},{"floor":28,"key":"Languid Potion"},{"floor":32,"key":"LiquidBronze"},{"floor":33,"key":"champ:CounterPotion"},{"floor":39,"key":"GamblersBrew"}],"is_trial":false,"path_per_floor":["R","M","M","?","?","?","T","$","$","R","$","R","M","M","M","B",null,"R_BF","M","M","M","?","M","MIM","?","R","?","M","M","$","?","M","B",null,"R","$","M","M","M","?","MIM","AVR","M","R","?","$","R","E","R","B"],"character_chosen":"THE_DUELIST","items_purchased":["Apotheosis","theDuelist:BusterDrake","Pen Nib","DemoMod:LeadSkinPotion","DemoMod:LeadSkinPotion","theDuelist:MillenniumStone","theDuelist:WhiteBottle","Weak Potion"],"campfire_rested":3,"item_purchase_floors":[8,8,30,30,30,36,46,46],"current_hp_per_floor":[88,88,82,82,82,82,82,82,75,75,75,75,75,68,55,26,82,82,82,65,48,48,28,21,5,28,28,28,20,13,15,8,32,84,84,72,56,49,23,23,31,31,8,30,20,20,42,42,42,0,0],"gold":530,"neow_bonus":"TEN_PERCENT_HP_BONUS","is_daily":false,"chose_seed":false,"campfire_upgraded":4,"win_rate":0.0,"timestamp":1609415527,"path_taken":["R","M","M","?","?","?","T","?","$","R","$","R","M","?","M","BOSS","R_BF","M","M","M","?","?","MIM","?","R","?","M","M","$","?","M","BOSS","R","$","M","M","M","?","MIM","AVR","M","R","?","$","R","E","R","BOSS"],"items_purchased_type":["Card","Card","Relic","Undefined","Undefined","Relic","Potion","Potion"],"build_version":"2020-12-22","purchased_purges":1,"victory":false,"max_hp_per_floor":[88,88,88,88,88,88,88,86,86,86,84,84,84,82,82,82,82,82,82,80,80,80,78,78,78,78,76,76,76,76,84,84,84,84,84,72,70,70,70,70,78,78,76,76,76,74,74,66,66,66,66],"card_choices":[{"not_picked":["theDuelist:Pyrorex","theDuelist:GalaxyTyranno","theDuelist:BlackStego","theDuelist:BlackBrachios","theDuelist:Beatraptor"],"picked":"SKIP","floor":2},{"not_picked":["theDuelist:SpiralSpearStrike","theDuelist:Earthquake","theDuelist:Dracocension","theDuelist:SuperStridentBlaze"],"picked":"theDuelist:EvilMind","floor":3},{"not_picked":["theDuelist:MadFlameKaiju","theDuelist:GalaxyTyranno","theDuelist:BlackTyranno","theDuelist:Beatraptor"],"picked":"theDuelist:Kabazauls","floor":8},{"not_picked":["theDuelist:BigFire","theDuelist:Hinotama","theDuelist:LightningDarts","theDuelist:RainbowOverdragon"],"picked":"theDuelist:Raigeki","floor":9},{"not_picked":["theDuelist:ViceDragon","theDuelist:BusterDrake","theDuelist:Earthquake","theDuelist:CyberValley"],"picked":"theDuelist:CyberDragonCore","floor":11},{"not_picked":["theDuelist:TyrantWing","theDuelist:TotemDragon","theDuelist:AutorokketDragon","theDuelist:Berserking"],"picked":"theDuelist:WhiteHornDragon","floor":13},{"not_picked":["theDuelist:BattleguardKing","theDuelist:BlockGolem","theDuelist:LabyrinthWall","theDuelist:StrayLambs"],"picked":"theDuelist:LightningDarts","floor":14},{"not_picked":["theDuelist:MadSwordBeast","theDuelist:FrostflameDragon","theDuelist:Pyrorex","theDuelist:Earthquake","theDuelist:AquaDolphin"],"picked":"SKIP","floor":15},{"not_picked":["theDuelist:SliferSky","theDuelist:BusterBladerDDS","theDuelist:BlasterDragonInfernos","theDuelist:BerserkScales"],"picked":"theDuelist:ArmageddonDragonEmp","floor":16},{"not_picked":["theDuelist:MetalDragon","theDuelist:DragonZombie+1","theDuelist:CyberDragonNachster","theDuelist:DoomkaiserDragon"],"picked":"theDuelist:StardustDragon+1","floor":19},{"not_picked":["theDuelist:TrihornedDragon","theDuelist:AmuletDragon","theDuelist:GaiaDragonChamp+1","theDuelist:GalaxyTyranno"],"picked":"theDuelist:GravityLash","floor":20},{"not_picked":["theDuelist:EvilMind","theDuelist:LightningDarts"],"picked":"theDuelist:GravityLash+1","floor":21},{"not_picked":["theDuelist:Sabersaurus","theDuelist:GiantRex","theDuelist:GalaxyTyranno","theDuelist:BlackPtera"],"picked":"theDuelist:BlackBrachios","floor":23},{"not_picked":["theDuelist:SnowdustDragon+1","theDuelist:SnowDragon","theDuelist:HorusServant","theDuelist:BarrelDragon"],"picked":"theDuelist:MythicWaterDragon","floor":24},{"not_picked":["theDuelist:GiantRex+1","theDuelist:AtomicScrapDragon"],"picked":"theDuelist:VoidOgreDragon","floor":28},{"not_picked":["theDuelist:Kabazauls","theDuelist:BlackPtera","theDuelist:BlackBrachios+1","theDuelist:BarrelDragon"],"picked":"theDuelist:CyberTwinDragon","floor":29},{"not_picked":["theDuelist:CyberEltanin","theDuelist:BusterDrake","theDuelist:RedHeadedOni","theDuelist:ExploderDragonwing+1"],"picked":"theDuelist:BlackBrutdrago","floor":30},{"not_picked":["theDuelist:YamataDragon+1","theDuelist:Pyrorex","theDuelist:BlackPtera","theDuelist:Beatraptor"],"picked":"theDuelist:FireDarts","floor":32},{"not_picked":["theDuelist:SeismicShockwave","theDuelist:Lancephorhynchus","theDuelist:DefensiveTactics","theDuelist:CyberDragonInfinity+1"],"picked":"theDuelist:TailSwipe","floor":33},{"not_picked":["sneckomod:TailWhip","champ:Execute"],"picked":"hubris:MerchantsHand","floor":34},{"not_picked":["theDuelist:ArmedProtectorDragon","theDuelist:ChimeratechOverdragon"],"picked":"theDuelist:GravityLash","floor":34},{"not_picked":["Replay:SS_forest_2","expansioncontent:GoopSpray"],"picked":"theDuelist:ScrapFactory","floor":34},{"not_picked":["infinitespire:Gouge","infinitespire:Menacing"],"picked":"ReplayTheSpireMod:Echoes of Time","floor":34},{"not_picked":["theDuelist:YamataDragon+1","theDuelist:BusterBlader+1","theDuelist:TornadoDragon","theDuelist:SilverWing"],"picked":"theDuelist:CyberDragonCore","floor":36},{"not_picked":["theDuelist:BusterBlader","theDuelist:FrostflameDragon","theDuelist:DragonPiper+1","theDuelist:Earthquake+1","theDuelist:StarlightRoad+1"],"picked":"SKIP","floor":37},{"not_picked":["theDuelist:Vandalgyon","theDuelist:CyberLaserDragon+1","theDuelist:CyberDragonSieger"],"picked":"theDuelist:DragonRavine","floor":38},{"not_picked":["theDuelist:BattleguardKing","theDuelist:BigFire+1","theDuelist:BigKoala","theDuelist:DarkCreator+1","theDuelist:HaneHane+1"],"picked":"SKIP","floor":39},{"not_picked":["theDuelist:WhiteHowling","theDuelist:JurassicImpact+1","theDuelist:CyberLaserDragon","theDuelist:SurvivalFittest"],"picked":"theDuelist:Mountain","floor":41},{"not_picked":["theDuelist:Kabazauls","theDuelist:BlackPtera","theDuelist:CyberTwinDragon","theDuelist:BarrelDragon+1"],"picked":"theDuelist:TrihornedDragon","floor":43},{"not_picked":["theDuelist:Hydrogeddon","theDuelist:DarkHorus","theDuelist:BlackPtera+1","theDuelist:BlizzardDragon"],"picked":"theDuelist:Kabazauls","floor":45},{"not_picked":["theDuelist:CyberEltanin+1","theDuelist:FiendSkull","theDuelist:WhiteHornDragon","theDuelist:BlueDuston"],"picked":"theDuelist:CyberEndDragon","floor":45},{"not_picked":["theDuelist:DarkDriceratops+1","theDuelist:Carboneddon","theDuelist:BlackVeloci","theDuelist:BlackPtera+1"],"picked":"theDuelist:GiantRex+1","floor":48}],"player_experience":145953,"relics_obtained":[{"floor":4,"key":"ReplayTheSpireMod:Ring of Addiction"},{"floor":4,"key":"Chameleon Ring"},{"floor":4,"key":"Potion Belt"},{"floor":4,"key":"Ring of Hypnosis"},{"floor":7,"key":"theDuelist:MillenniumCoin"},{"floor":24,"key":"theDuelist:YugiMirror"},{"floor":24,"key":"Pantograph"},{"floor":25,"key":"Enchiridion"},{"floor":31,"key":"hubris:Spice"},{"floor":31,"key":"Replay:Towering Pillar of Hats"},{"floor":31,"key":"DemoMod:AgedBell"},{"floor":41,"key":"Torii"},{"floor":41,"key":"hubris:Spice"},{"floor":48,"key":"hubris:Spice"}],"event_choices":[{"damage_healed":0,"gold_gain":0,"player_choice":"Leave","duelist":true,"damage_taken":0,"max_hp_gain":0,"max_hp_loss":0,"event_name":"Relic Duplicator","floor":6,"gold_loss":0},{"damage_healed":0,"gold_gain":0,"player_choice":"Leave","duelist":true,"damage_taken":0,"max_hp_gain":0,"max_hp_loss":0,"event_name":"Relic Duplicator","floor":22,"gold_loss":0},{"damage_healed":0,"gold_gain":0,"player_choice":"Fight","duelist":true,"damage_taken":0,"max_hp_gain":0,"max_hp_loss":0,"event_name":"Battle City","floor":31,"gold_loss":0},{"damage_healed":0,"gold_gain":0,"player_choice":"Rummage","damage_taken":0,"relics_obtained":["WarpedTongs"],"max_hp_gain":0,"max_hp_loss":0,"event_name":"Accursed Blacksmith","floor":40,"gold_loss":0,"cards_obtained":["Pain"]}],"is_beta":false,"boss_relics":[{"not_picked":["Snecko Eye","HoveringKite"],"picked":"conspire:SlowCooker"},{"not_picked":["ReplayTheSpireMod:DimensionalGlitch","hubris:TerracottaHorce"],"picked":"Replay:Grab Bag"},{"not_picked":["infinitespire:Cupcake","Replay:Fungal Core"],"picked":"Replay:Bronze Core"},{"not_picked":["Electric Blood","Velvet Choker"],"picked":"Replay:Wanted Poster"},{"not_picked":["Inserter","Replay:Drink Me"],"picked":"ReplayTheSpireMod:SealedPack"},{"not_picked":["Kintsugi","conspire:RunicOctahedron"],"picked":"hubris:Backtick"}],"items_purged_floors":[42],"is_endless":false,"potions_floor_spawned":[13,14,15,21,28,32,33,39],"killed_by":"downfall:Defect","ascension_level":0}}