{"host":"8g198xe1n7br41jb","time":1609452956,"event":{"mods":["BaseMod","Downfall","Minty Spire (QoL Compilation)","StSLib","SuperFastMode"],"gold_per_floor":[99,118,130,115,115,115,115,130,130,280,312,222,238,238,255,352,352,352,365,213,213,228,228,228,238,238,265,265,265,204,270,310,310,310],"floor_reached":32,"playtime":1933,"items_purged":["Slimebound:Icky","hexamod:Strike","hexamod:Defend"],"score":304,"play_id":"1a3a4167-d98d-4574-99e9-f04e70e78dd1","local_time":"20201231231556","is_ascension_mode":true,"campfire_choices":[{"data":"hexamod:Sear","floor":1.0,"key":"SMITH"},{"data":"hexamod:HeatCrush","floor":6,"key":"SMITH"},{"data":"hexamod:Hexaguard","floor":9,"key":"SMITH"},{"data":"hexamod:HeatShield","floor":18,"key":"SMITH"},{"data":"hexamod:ChargedBarrage","floor":29,"key":"SMITH"}],"circlet_count":0,"master_deck":["hexamod:Strike","hexamod:Strike","hexamod:Strike","hexamod:Defend","hexamod:Defend","hexamod:Defend","hexamod:Sear+1","hexamod:Float","hexamod:Hexaguard+1","hexamod:HeatCrush+1","hexamod:Firestarter","hexamod:DynamicBlow","hexamod:ExtraCrispy","hexamod:ThermalTransfer","Parasite","hexamod:HeatShield+1","hexamod:TimeOfNeed","hexamod:SuperheatedStrike+1","hexamod:ChargedBarrage+1"],"relics":["hexamod:SpiritBrand","Question Card","Happy Flower","Busted Crown","Nilry\u0027s Codex","Nunchaku","MealTicket","downfall:KnowingSkull","Membership Card","Lantern","Bird Faced Urn","Bag of Marbles"],"acts_visited":["Exordium","TheCity"],"potions_floor_usage":[27,27,27],"damage_taken":[{"damage":7.0,"enemies":"Jaw Worm","floor":2.0,"turns":4.0},{"damage":9.0,"enemies":"2 Louse","floor":3.0,"turns":3.0},{"damage":0.0,"enemies":"downfall:FleeingMerchant","floor":4.0,"turns":4.0},{"damage":6,"enemies":"Small Slimes","floor":8,"turns":2},{"damage":3,"enemies":"3 Sentries","floor":11,"turns":7},{"damage":4,"enemies":"downfall:FleeingMerchant","floor":12,"turns":4},{"damage":2,"enemies":"Blue Slaver","floor":13,"turns":3},{"damage":8,"enemies":"3 Louse","floor":15,"turns":4},{"damage":29,"enemies":"downfall:Watcher","floor":16,"turns":9},{"damage":0,"enemies":"Shell Parasite","floor":19,"turns":5},{"damage":4,"enemies":"downfall:FleeingMerchant","floor":20,"turns":4},{"damage":0,"enemies":"Chosen","floor":21,"turns":1},{"damage":0,"enemies":"Snecko","floor":22,"turns":4},{"damage":7,"enemies":"Centurion and Healer","floor":25,"turns":5},{"damage":21,"enemies":"Slavers","floor":27,"turns":7},{"damage":22,"enemies":"downfall:FleeingMerchant","floor":30,"turns":3},{"damage":10,"enemies":"Book of Stabbing","floor":31,"turns":5},{"damage":25,"enemies":"Sentry and Sphere","floor":32,"turns":3}],"seed_played":"-8967835578255228783","potions_obtained":[{"floor":8,"key":"DuplicationPotion"},{"floor":13,"key":"Fire Potion"},{"floor":15,"key":"Fire Potion"},{"floor":22,"key":"Guardian:BlockOnCardUsePotion"},{"floor":31,"key":"sneckomod:MuddlingPotion"}],"is_trial":false,"path_per_floor":["R","M","M","$","?","R","T","M","R","?","E","$","M","?","M","B",null,"R","M","$","M","M","?","T","M","?","E","?","R","$","E","M"],"character_chosen":"THE_SPIRIT","items_purchased":["hexamod:ChargedBarrage","Membership Card","Lantern","Bird Faced Urn"],"campfire_rested":0,"item_purchase_floors":[20,30,30,30],"current_hp_per_floor":[63,56,47,47,47,47,47,41,41,41,38,34,32,53,45,16,84,84,84,80,80,80,64,64,57,57,36,29,29,22,16,0,0,0],"gold":310,"neow_bonus":"TWENTY_PERCENT_HP_BONUS","is_daily":false,"chose_seed":false,"campfire_upgraded":5,"win_rate":0.0,"timestamp":1609452956,"path_taken":["R","M","M","$","?","R","T","M","R","?","E","$","M","?","M","BOSS","R","M","$","M","M","?","T","M","?","E","?","R","$","E","M"],"items_purchased_type":["Card","Relic","Relic","Relic"],"build_version":"2020-12-22","purchased_purges":3,"victory":false,"max_hp_per_floor":[84,84,84,84,84,84,84,84,84,84,84,84,84,84,84,84,84,84,84,84,84,84,84,84,84,84,84,84,84,84,84,84,84,84],"card_choices":[{"not_picked":["hexamod:SwordOfDarkness","hexamod:HauntingEcho"],"picked":"hexamod:Hexaguard","floor":2.0},{"not_picked":["hexamod:Hexaguard","hexamod:BacktrackSmack"],"picked":"hexamod:HeatCrush","floor":3.0},{"not_picked":["hexamod:ThermalTransfer","hexamod:FastForward"],"picked":"hexamod:Firestarter","floor":4},{"not_picked":["hexamod:Rewind","hexamod:CrushingStance","hexamod:AdvancingGuard"],"picked":"hexamod:DynamicBlow","floor":8},{"not_picked":["hexamod:NightmareGuise","hexamod:Hexaguard","hexamod:GhostLash"],"picked":"hexamod:ExtraCrispy","floor":11},{"not_picked":["hexamod:BurningTouch","hexamod:GhostLash","hexamod:UnleashSpirits","hexamod:ShieldOfDarkness"],"picked":"SKIP","floor":12},{"not_picked":["hexamod:Hexaguard","hexamod:GhostOfSpireFuture","hexamod:Rewind"],"picked":"hexamod:ThermalTransfer","floor":13},{"not_picked":["hexamod:GhostShield","hexamod:ExtraCrispy","hexamod:EtherealExpedition"],"picked":"hexamod:HeatShield","floor":15},{"not_picked":["hexamod:GiftsFromTheDead","hexamod:UnlimitedPower","hexamod:EmpoweringStance"],"picked":"hexamod:TimeOfNeed","floor":16},{"not_picked":["hexamod:ThermalTransfer"],"picked":"hexamod:SuperheatedStrike+1","floor":19},{"not_picked":["hexamod:GhostShield","hexamod:SwordOfDarkness"],"picked":"SKIP","floor":20},{"not_picked":["hexamod:GhostShield","hexamod:HauntingEcho"],"picked":"SKIP","floor":21},{"not_picked":["hexamod:GhostOfSpireFuture","hexamod:InspiringFlames"],"picked":"SKIP","floor":22},{"not_picked":["hexamod:TurnItUp","hexamod:AdvancingGuard"],"picked":"SKIP","floor":25},{"not_picked":["hexamod:GhostShield+1","hexamod:Firestarter"],"picked":"SKIP","floor":27},{"not_picked":["hexamod:ChargedBarrage","hexamod:SpectralSpark"],"picked":"SKIP","floor":30},{"not_picked":["hexamod:ThirdSeal","hexamod:Haunt+1"],"picked":"SKIP","floor":31}],"player_experience":1195282,"relics_obtained":[{"floor":7,"key":"Question Card"},{"floor":11,"key":"Happy Flower"},{"floor":23,"key":"Nilry\u0027s Codex"},{"floor":24,"key":"Nunchaku"},{"floor":27,"key":"MealTicket"},{"floor":31,"key":"Bag of Marbles"}],"event_choices":[{"damage_healed":21,"gold_gain":0,"player_choice":"Healed and dodged fight","damage_taken":0,"max_hp_gain":0,"max_hp_loss":0,"event_name":"Mushrooms","floor":14,"gold_loss":0,"cards_obtained":["Parasite"]}],"is_beta":false,"boss_relics":[{"not_picked":["Cursed Key","Black Star"],"picked":"Busted Crown"}],"items_purged_floors":[12,20,30],"is_endless":false,"potions_floor_spawned":[8,13,15,22,31],"killed_by":"Sentry and Sphere","ascension_level":2}}