{"host":"f5n4tidiz2n5sooh","time":1609392584,"event":{"mods":["BaseMod","Bestiary","Colored Map","Minty Spire (QoL Compilation)","Relic Stats","StSLib"],"gold_per_floor":[115,5,5,5,20,50,50,89,89,14,14,34,34,57,57,57,57],"floor_reached":16,"playtime":582,"items_purged":["Strike_G"],"score":266,"play_id":"c4fa2b65-622b-431d-be88-1fca83ad91f9","local_time":"20201230232944","is_ascension_mode":true,"campfire_choices":[{"data":"Dagger Spray","floor":11,"key":"SMITH"},{"data":"Crippling Poison","floor":13,"key":"SMITH"},{"data":"Deadly Poison","floor":15,"key":"SMITH"}],"circlet_count":0,"master_deck":["AscendersBane","Strike_G","Strike_G","Strike_G","Strike_G","Defend_G","Defend_G","Defend_G","Defend_G","Defend_G","Survivor","Neutralize","Deadly Poison+1","Dagger Spray+1","Backflip","Quick Slash","After Image","Crippling Poison+1","Backflip"],"relics":["Ring of the Snake","NeowsBlessing","Ornamental Fan","Sundial","Golden Idol","Bag of Preparation","Bottled Flame"],"acts_visited":["Exordium"],"potions_floor_usage":[8,16],"damage_taken":[{"damage":0,"enemies":"Small Slimes","floor":1,"turns":1},{"damage":0,"enemies":"2 Louse","floor":5,"turns":1},{"damage":0,"enemies":"Gremlin Nob","floor":6,"turns":1},{"damage":63,"enemies":"3 Sentries","floor":8,"turns":20},{"damage":12,"enemies":"Jaw Worm","floor":12,"turns":3},{"damage":0,"enemies":"Blue Slaver","floor":14,"turns":4},{"damage":22,"enemies":"Hexaghost","floor":16,"turns":11}],"seed_played":"8512171429578433073","potions_obtained":[{"floor":5,"key":"Regen Potion"},{"floor":8,"key":"FairyPotion"},{"floor":14,"key":"GhostInAJar"}],"is_trial":false,"path_per_floor":["M","$","?","?","M","E","?","E","T","$","R","M","R","M","R","B"],"character_chosen":"THE_SILENT","items_purchased":["Dagger Spray","Backflip"],"campfire_rested":0,"item_purchase_floors":[2,2],"current_hp_per_floor":[59,59,64,53,53,53,53,5,5,5,5,19,19,19,19,0,0],"gold":57,"neow_bonus":"THREE_ENEMY_KILL","is_daily":false,"chose_seed":false,"campfire_upgraded":3,"win_rate":0.0,"timestamp":1609392584,"path_taken":["M","$","?","?","M","E","?","E","T","?","R","M","R","M","R","BOSS"],"items_purchased_type":["Card","Card"],"build_version":"2020-12-22","purchased_purges":1,"victory":false,"max_hp_per_floor":[66,66,71,71,71,71,64,64,64,64,64,64,64,64,64,64,64],"relic_stats":{"counters":[7,41],"Ornamental Fan":[32],"Sundial":[6],"Golden Idol":17,"Bag of Preparation":[6],"obtain_stats":[{"Bottled Flame":9,"NeowsBlessing":0,"Ornamental Fan":4,"Sundial":6,"Golden Idol":7,"Bag of Preparation":8,"Ring of the Snake":0},{"Bottled Flame":4,"NeowsBlessing":0,"Ornamental Fan":1,"Sundial":3,"Golden Idol":3,"Bag of Preparation":4,"Ring of the Snake":0},{"Bottled Flame":23,"NeowsBlessing":0,"Ornamental Fan":1,"Sundial":3,"Golden Idol":3,"Bag of Preparation":23,"Ring of the Snake":0}],"Ring of the Snake":[14]},"card_choices":[{"not_picked":["Acrobatics","Cloak And Dagger"],"picked":"Deadly Poison","floor":1},{"not_picked":["Dagger Spray","Backflip"],"picked":"Quick Slash","floor":5},{"not_picked":["Underhanded Strike","Cloak And Dagger","Quick Slash"],"picked":"SKIP","floor":6},{"not_picked":["Infinite Blades","Choke"],"picked":"After Image","floor":8},{"not_picked":["Underhanded Strike","Acrobatics"],"picked":"Crippling Poison","floor":12},{"not_picked":["Distraction","Dagger Throw"],"picked":"Backflip","floor":14}],"player_experience":1953115,"relics_obtained":[{"floor":6,"key":"Sundial"},{"floor":8,"key":"Bag of Preparation"},{"floor":9,"key":"Bottled Flame"}],"event_choices":[{"damage_healed":0,"gold_gain":0,"player_choice":"Donut","damage_taken":0,"max_hp_gain":5,"max_hp_loss":0,"event_name":"Big Fish","floor":3,"gold_loss":0},{"damage_healed":0,"gold_gain":0,"player_choice":"Success","damage_taken":11,"relics_obtained":["Ornamental Fan"],"max_hp_gain":0,"max_hp_loss":0,"event_name":"Scrap Ooze","floor":4,"gold_loss":0},{"damage_healed":0,"gold_gain":0,"player_choice":"Lose Max HP","damage_taken":0,"relics_obtained":["Golden Idol"],"max_hp_gain":0,"max_hp_loss":7,"event_name":"Golden Idol","floor":7,"gold_loss":0}],"is_beta":false,"boss_relics":[],"items_purged_floors":[10],"is_endless":false,"potions_floor_spawned":[5,8,14],"killed_by":"Hexaghost","ascension_level":20}}