{"host":"novohdx135h0xyrr","time":1609451028,"event":{"mods":["BaseMod","Colored Map","Colored Powertips","Highlight Path","Minty Spire (QoL Compilation)"],"gold_per_floor":[17,17,17,17,30,30,40,40,66,66,93,93,93,112,112,208,208,218,133,133,143,68,68,100,100,100,100,135,148,158,158,158,255,255,273,173,173,44,344,373,373,401,401,40,40,54,54,65,65,65,65],"floor_reached":50,"playtime":3780,"items_purged":["Defend_P","Defend_P","Strike_P"],"score":522,"play_id":"f284f373-218f-460c-93a3-cad537919a63","local_time":"20201231134348","is_ascension_mode":false,"campfire_choices":[{"data":"BattleHymn","floor":6.0,"key":"SMITH"},{"data":"Eruption","floor":8.0,"key":"SMITH"},{"data":"SandsOfTime","floor":10.0,"key":"SMITH"},{"data":"Vigilance","floor":12.0,"key":"SMITH"},{"data":"ClearTheMind","floor":15.0,"key":"SMITH"},{"data":"Evaluate","floor":23.0,"key":"SMITH"},{"data":"Defend_P","floor":25.0,"key":"PURGE"},{"floor":32.0,"key":"RECALL"},{"floor":41,"key":"REST"},{"data":"SandsOfTime","floor":45,"key":"SMITH"},{"floor":47,"key":"REST"},{"data":"Crescendo","floor":49,"key":"SMITH"}],"circlet_count":0,"master_deck":["Strike_P","Strike_P","Defend_P","Eruption+1","Vigilance+1","BattleHymn+1","SandsOfTime+1","Evaluate+1","ClearTheMind+1","EmptyFist","ReachHeaven","Crescendo+1","SandsOfTime+1","FlyingSleeves+1"],"relics":["PureWater","Peace Pipe","Gambling Chip","Centennial Puzzle","Odd Mushroom","Busted Crown","Boot","Tiny Chest","Ornamental Fan","Lizard Tail","VioletLotus","Old Coin","Bottled Lightning","Ancient Tea Set","Question Card","Strange Spoon"],"acts_visited":["Exordium","TheCity","TheBeyond"],"potions_floor_usage":[40],"damage_taken":[{"damage":0.0,"enemies":"Cultist","floor":1.0,"turns":4.0},{"damage":4.0,"enemies":"Small Slimes","floor":5.0,"turns":3.0},{"damage":1.0,"enemies":"Jaw Worm","floor":7.0,"turns":4.0},{"damage":8.0,"enemies":"The Mushroom Lair","floor":11.0,"turns":4.0},{"damage":0.0,"enemies":"Large Slime","floor":14.0,"turns":2.0},{"damage":18.0,"enemies":"The Guardian","floor":16.0,"turns":6.0},{"damage":10.0,"enemies":"2 Thieves","floor":18.0,"turns":3.0},{"damage":0.0,"enemies":"3 Byrds","floor":21.0,"turns":3.0},{"damage":5.0,"enemies":"Gremlin Leader","floor":24.0,"turns":5.0},{"damage":8.0,"enemies":"Slavers","floor":28.0,"turns":4.0},{"damage":2.0,"enemies":"3 Cultists","floor":29.0,"turns":3.0},{"damage":1.0,"enemies":"Shelled Parasite and Fungi","floor":30.0,"turns":3.0},{"damage":31.0,"enemies":"Champ","floor":33.0,"turns":7.0},{"damage":5.0,"enemies":"3 Shapes","floor":35.0,"turns":3.0},{"damage":26,"enemies":"Giant Head","floor":40,"turns":6},{"damage":80,"enemies":"Reptomancer","floor":42,"turns":6},{"damage":7,"enemies":"3 Darklings","floor":46,"turns":3},{"damage":2,"enemies":"Jaw Worm Horde","floor":48,"turns":3},{"damage":59,"enemies":"Time Eater","floor":50,"turns":6}],"seed_played":"378217856042495343","potions_obtained":[{"floor":1.0,"key":"FearPotion"},{"floor":11.0,"key":"DistilledChaos"},{"floor":18.0,"key":"ColorlessPotion"},{"floor":33.0,"key":"Fire Potion"}],"is_trial":false,"path_per_floor":["M","$","?","?","M","R","M","R","T","R","?","R","?","M","R","B",null,"M","?","?","M","$","R","E","R","T","?","E","M","M","T","R","B",null,"M","$","?","$","T","E","R","E","T","$","R","M","R","M","R","B"],"character_chosen":"WATCHER","items_purchased":["ReachHeaven","Crescendo","SandsOfTime","Strange Spoon"],"campfire_rested":2,"item_purchase_floors":[38,38,44,44],"current_hp_per_floor":[72,72,69,69,65,65,64,64,64,64,56,56,56,56,56,38,72,62,62,62,62,62,62,57,57,57,57,49,47,46,46,46,15,72,67,67,67,67,67,41,62,36,36,36,36,29,50,48,48,0,0],"gold":65,"neow_bonus":"ONE_RARE_RELIC","is_daily":false,"chose_seed":false,"campfire_upgraded":8,"win_rate":0.0,"timestamp":1609451028,"path_taken":["M","?","?","?","?","R","M","R","T","R","?","R","?","M","R","BOSS","M","?","?","?","$","R","E","R","T","?","E","M","M","?","R","BOSS","M","$","?","$","?","E","R","E","T","$","R","M","R","M","R","BOSS"],"items_purchased_type":["Card","Card","Card","Relic"],"build_version":"2020-12-22","purchased_purges":3,"victory":false,"max_hp_per_floor":[72,72,72,72,72,72,72,72,72,72,72,72,72,72,72,72,72,72,72,72,72,72,72,72,72,72,72,72,72,72,72,72,72,72,72,72,72,72,72,72,72,72,72,72,72,72,72,72,72,72,72],"card_choices":[{"not_picked":["SignatureMove","Perseverance"],"picked":"BattleHymn","floor":1.0},{"not_picked":["ReachHeaven","Crescendo"],"picked":"SandsOfTime","floor":5.0},{"not_picked":["EmptyFist","Wallop"],"picked":"Evaluate","floor":7.0},{"not_picked":["PathToVictory","Evaluate"],"picked":"ClearTheMind","floor":14.0},{"not_picked":["BowlingBash"],"picked":"SKIP","floor":18.0},{"not_picked":["Consecrate"],"picked":"SKIP","floor":21.0},{"not_picked":["BowlingBash"],"picked":"SKIP","floor":24.0},{"not_picked":["WreathOfFlame+1"],"picked":"SKIP","floor":28.0},{"not_picked":[],"picked":"EmptyFist","floor":29.0},{"not_picked":["BowlingBash"],"picked":"SKIP","floor":30.0},{"not_picked":["Consecrate"],"picked":"SKIP","floor":35.0},{"not_picked":["Protect+1"],"picked":"SKIP","floor":40},{"not_picked":["Consecrate+1"],"picked":"SKIP","floor":42},{"not_picked":["EmptyBody+1"],"picked":"FlyingSleeves+1","floor":46},{"not_picked":["Fasting2","Meditate"],"picked":"SKIP","floor":48}],"player_experience":154030,"relics_obtained":[{"floor":9.0,"key":"Centennial Puzzle"},{"floor":11.0,"key":"Odd Mushroom"},{"floor":24.0,"key":"Tiny Chest"},{"floor":26.0,"key":"Ornamental Fan"},{"floor":28.0,"key":"Lizard Tail"},{"floor":39,"key":"Old Coin"},{"floor":40,"key":"Bottled Lightning"},{"floor":42,"key":"Ancient Tea Set"},{"floor":43,"key":"Question Card"}],"event_choices":[{"damage_healed":0.0,"max_hp_gain":0.0,"max_hp_loss":0.0,"gold_gain":0.0,"event_name":"Scrap Ooze","player_choice":"Success","floor":3.0,"gold_loss":0.0,"damage_taken":3.0,"relics_obtained":["Gambling Chip"]},{"cards_removed":["Strike_P"],"damage_healed":0.0,"max_hp_gain":0.0,"max_hp_loss":0.0,"gold_gain":0.0,"event_name":"Bonfire Elementals","player_choice":"Offered Basic","floor":4.0,"gold_loss":0.0,"damage_taken":0.0},{"damage_healed":0.0,"max_hp_gain":0.0,"max_hp_loss":0.0,"gold_gain":0.0,"event_name":"Mushrooms","player_choice":"Fought Mushrooms","floor":11.0,"gold_loss":0.0,"damage_taken":0.0},{"damage_healed":0.0,"max_hp_gain":0.0,"max_hp_loss":0.0,"gold_gain":0.0,"event_name":"Liars Game","player_choice":"Ignored","floor":13.0,"gold_loss":0.0,"damage_taken":0.0},{"damage_healed":0.0,"max_hp_gain":0.0,"max_hp_loss":0.0,"gold_gain":0.0,"event_name":"Addict","player_choice":"Obtained Relic","floor":19.0,"gold_loss":85.0,"damage_taken":0.0,"relics_obtained":["Boot"]},{"damage_healed":0.0,"max_hp_gain":0.0,"max_hp_loss":0.0,"gold_gain":0.0,"event_name":"NoteForYourself","player_choice":"Ignored","floor":20.0,"gold_loss":0.0,"damage_taken":0.0},{"damage_healed":0.0,"max_hp_gain":0.0,"max_hp_loss":0.0,"gold_gain":0.0,"event_name":"Ghosts","player_choice":"Ignored","floor":27.0,"gold_loss":0.0,"damage_taken":0.0},{"damage_healed":0.0,"max_hp_gain":0.0,"max_hp_loss":0.0,"gold_gain":0.0,"event_name":"SensoryStone","player_choice":"Memory 1","floor":37.0,"gold_loss":0.0,"damage_taken":0.0}],"is_beta":false,"boss_relics":[{"not_picked":["Coffee Dripper","Astrolabe"],"picked":"Busted Crown"},{"not_picked":["SacredBark","Cursed Key"],"picked":"VioletLotus"}],"items_purged_floors":[22,36,44],"is_endless":false,"potions_floor_spawned":[1,11,18,21,33],"killed_by":"Time Eater","ascension_level":0}}