{"host":"zh52cun1g5egmafn","time":1609425158,"event":{"mods":["BaseMod","DeckTracker","Highlight Path","Minty Spire (QoL Compilation)"],"gold_per_floor":[113,4,79,79,4,4,18,44,68,78,92,123,23,37,37,134,134,145,62,62,78,94,94,94,94,94,113,113,132,161,174,174,269,269,287,287,307,360,378,110,120,138,138,157,157,177,27,37,37,37],"floor_reached":51,"playtime":2884,"items_purged":["Strike_G","Strike_G","Strike_G","Strike_G"],"score":708,"play_id":"451dca1a-6d70-486e-b369-52c5427da517","local_time":"20201231233238","is_ascension_mode":false,"campfire_choices":[{"data":"After Image","floor":6.0,"key":"SMITH"},{"data":"Neutralize","floor":15.0,"key":"SMITH"},{"data":"A Thousand Cuts","floor":23.0,"key":"SMITH"},{"data":"Terror","floor":25.0,"key":"SMITH"},{"data":"Choke","floor":28.0,"key":"SMITH"},{"data":"Blade Dance","floor":32.0,"key":"SMITH"},{"data":"Calculated Gamble","floor":45.0,"key":"SMITH"},{"data":"Blade Dance","floor":49,"key":"SMITH"}],"circlet_count":3,"master_deck":["Defend_G","Defend_G","Defend_G","Defend_G","Survivor","Neutralize+1","Caltrops","Backstab","After Image+1","Acrobatics","Calculated Gamble+1","Prepared","Backflip","Backflip","Infinite Blades","Infinite Blades","A Thousand Cuts+1","Blade Dance+1","Infinite Blades","Blade Dance+1","Footwork","Terror+1","Choke+1","Envenom","After Image","Wraith Form v2+1","Escape Plan","PiercingWail+1","Tactician+1"],"relics":["Ring of the Snake","NeowsBlessing","Circlet","Question Card","Omamori","Mummified Hand","Runic Pyramid","Happy Flower","Regal Pillow","Calling Bell","Dream Catcher","Frozen Egg 2","Bird Faced Urn","Pocketwatch","Pen Nib","Gremlin Horn"],"acts_visited":["Exordium","TheCity","TheBeyond"],"potions_floor_usage":[],"damage_taken":[{"damage":0.0,"enemies":"2 Louse","floor":1.0,"turns":1.0},{"damage":0.0,"enemies":"Jaw Worm","floor":7.0,"turns":1.0},{"damage":0.0,"enemies":"3 Sentries","floor":8.0,"turns":1.0},{"damage":0.0,"enemies":"Cultist","floor":10.0,"turns":5.0},{"damage":0.0,"enemies":"2 Fungi Beasts","floor":11.0,"turns":5.0},{"damage":6.0,"enemies":"Lagavulin","floor":12.0,"turns":8.0},{"damage":0.0,"enemies":"Red Slaver","floor":14.0,"turns":4.0},{"damage":32.0,"enemies":"Slime Boss","floor":16.0,"turns":16.0},{"damage":9.0,"enemies":"Spheric Guardian","floor":18.0,"turns":6.0},{"damage":0.0,"enemies":"Shell Parasite","floor":21.0,"turns":5.0},{"damage":2.0,"enemies":"Centurion and Healer","floor":22.0,"turns":6.0},{"damage":0.0,"enemies":"3 Cultists","floor":27.0,"turns":4.0},{"damage":0.0,"enemies":"Cultist and Chosen","floor":29.0,"turns":5.0},{"damage":3.0,"enemies":"Book of Stabbing","floor":30.0,"turns":4.0},{"damage":0.0,"enemies":"Snecko","floor":31.0,"turns":4.0},{"damage":29.0,"enemies":"Collector","floor":33.0,"turns":7.0},{"damage":12.0,"enemies":"3 Darklings","floor":35.0,"turns":5.0},{"damage":0.0,"enemies":"Orb Walker","floor":37.0,"turns":3.0},{"damage":16.0,"enemies":"2 Orb Walkers","floor":38.0,"turns":4.0},{"damage":3.0,"enemies":"4 Shapes","floor":39.0,"turns":3.0},{"damage":0.0,"enemies":"3 Darklings","floor":41.0,"turns":4.0},{"damage":0.0,"enemies":"Jaw Worm Horde","floor":42.0,"turns":4.0},{"damage":0.0,"enemies":"Spire Growth","floor":44.0,"turns":4.0},{"damage":11,"enemies":"Writhing Mass","floor":46,"turns":5},{"damage":0,"enemies":"4 Shapes","floor":48,"turns":3},{"damage":32,"enemies":"Awakened One","floor":50,"turns":9}],"seed_played":"8718231786914730967","potions_obtained":[{"floor":1.0,"key":"Fruit Juice"},{"floor":8.0,"key":"Fire Potion"},{"floor":10.0,"key":"FearPotion"},{"floor":11.0,"key":"SteroidPotion"},{"floor":16.0,"key":"Strength Potion"},{"floor":22.0,"key":"DuplicationPotion"},{"floor":29.0,"key":"PowerPotion"},{"floor":30.0,"key":"Dexterity Potion"},{"floor":37.0,"key":"Weak Potion"},{"floor":42.0,"key":"Explosive Potion"},{"floor":46,"key":"Ancient Potion"},{"floor":48,"key":"LiquidBronze"}],"is_trial":false,"path_per_floor":["M","$","?","?","$","R","M","E","T","M","M","E","$","M","R","B",null,"M","$","?","M","M","R","?","R","T","M","R","M","E","M","R","B",null,"M","?","M","?","M","$","M","M","T","M","R","M","$","M","R","B",null],"character_chosen":"THE_SILENT","items_purchased":["Caltrops","Backstab","Infinite Blades","Blade Dance","Pen Nib"],"campfire_rested":0,"item_purchase_floors":[2,2,19,19,40],"current_hp_per_floor":[75,75,64,64,64,64,64,64,64,64,64,58,58,58,58,26,75,66,66,66,66,64,64,64,64,64,64,64,64,61,61,61,32,75,75,75,75,69,75,75,75,75,75,75,75,64,64,75,75,57],"gold":37,"neow_bonus":"THREE_ENEMY_KILL","is_daily":false,"chose_seed":false,"campfire_upgraded":8,"win_rate":0.0,"timestamp":1609425158,"path_taken":["M","$","?","?","$","R","M","E","T","M","M","E","$","M","R","BOSS","M","$","?","M","M","R","?","R","T","M","R","?","E","M","R","BOSS","M","?","?","?","M","$","M","M","T","M","R","M","$","M","R","BOSS"],"items_purchased_type":["Card","Card","Card","Card","Relic"],"build_version":"2020-12-22","purchased_purges":4,"victory":true,"max_hp_per_floor":[75,75,75,75,75,75,75,75,75,75,75,75,75,75,75,75,75,75,75,75,75,75,75,75,75,75,75,75,75,75,75,75,75,75,75,75,75,75,75,75,75,75,75,75,75,75,75,75,75,75],"card_choices":[{"not_picked":["Catalyst","Finisher","Sucker Punch"],"picked":"SKIP","floor":1.0},{"not_picked":["Dodge and Roll","Masterful Stab"],"picked":"Calculated Gamble","floor":7.0},{"not_picked":["Sucker Punch","Underhanded Strike"],"picked":"Prepared","floor":8.0},{"not_picked":["Unload","All Out Attack","Backstab"],"picked":"Backflip","floor":10.0},{"not_picked":["Eviscerate","Deflect","Noxious Fumes"],"picked":"Backflip","floor":11.0},{"not_picked":["Deflect","Underhanded Strike","Bane"],"picked":"Infinite Blades","floor":12.0},{"not_picked":["Deflect","Sucker Punch","Outmaneuver"],"picked":"Infinite Blades","floor":14.0},{"not_picked":["Doppelganger","Phantasmal Killer","Die Die Die"],"picked":"A Thousand Cuts","floor":16.0},{"not_picked":["Endless Agony","Deflect","Masterful Stab"],"picked":"Blade Dance","floor":18.0},{"not_picked":["Poisoned Stab","Adrenaline","Dagger Spray+1","Endless Agony"],"picked":"SKIP","floor":21.0},{"not_picked":["Finisher","Dagger Spray","Masterful Stab"],"picked":"Terror","floor":22.0},{"not_picked":["Flying Knee","Bane","Finisher"],"picked":"Choke","floor":27.0},{"not_picked":["Dodge and Roll+1","Slice","Deflect","Dagger Spray"],"picked":"SKIP","floor":29.0},{"not_picked":["Calculated Gamble","All Out Attack","Sucker Punch","Outmaneuver"],"picked":"SKIP","floor":30.0},{"not_picked":["Slice","Choke","Quick Slash+1"],"picked":"Envenom","floor":31.0},{"not_picked":["A Thousand Cuts","Die Die Die","Adrenaline"],"picked":"After Image","floor":33.0},{"not_picked":["Dodge and Roll+1","Deflect+1","Sucker Punch+1","Endless Agony+1"],"picked":"SKIP","floor":35.0},{"not_picked":["Quick Slash+1","Dagger Spray+1","Dagger Throw+1"],"picked":"Wraith Form v2+1","floor":37.0},{"not_picked":["Caltrops+1","Quick Slash+1","Prepared+1","Dagger Spray"],"picked":"SKIP","floor":39.0},{"not_picked":["PiercingWail+1","Calculated Gamble+1","Blade Dance"],"picked":"Escape Plan","floor":41.0},{"not_picked":["Leg Sweep+1","Dagger Spray+1","Slice","Bane+1"],"picked":"SKIP","floor":42.0},{"not_picked":["Flying Knee","Crippling Poison","Deadly Poison"],"picked":"PiercingWail+1","floor":44.0},{"not_picked":["Bouncing Flask+1","Deflect","Sucker Punch+1"],"picked":"Tactician+1","floor":46},{"not_picked":["Calculated Gamble+1","Reflex+1","Noxious Fumes+1","Blade Dance"],"picked":"SKIP","floor":48}],"player_experience":116802,"relics_obtained":[{"floor":8.0,"key":"ats:Originium"},{"floor":8.0,"key":"Question Card"},{"floor":9.0,"key":"Omamori"},{"floor":12.0,"key":"ats:Originium"},{"floor":12.0,"key":"Mummified Hand"},{"floor":26.0,"key":"Happy Flower"},{"floor":30.0,"key":"ats:Originium"},{"floor":30.0,"key":"Regal Pillow"},{"floor":34.0,"key":"Dream Catcher"},{"floor":34.0,"key":"Frozen Egg 2"},{"floor":34.0,"key":"Bird Faced Urn"},{"floor":38.0,"key":"Pocketwatch"},{"floor":43.0,"key":"Gremlin Horn"}],"event_choices":[{"damage_healed":0.0,"max_hp_gain":0.0,"max_hp_loss":0.0,"gold_gain":75.0,"event_name":"World of Goop","player_choice":"Gather Gold","floor":3.0,"gold_loss":0.0,"damage_taken":11.0},{"damage_healed":0.0,"max_hp_gain":0.0,"max_hp_loss":0.0,"gold_gain":0.0,"event_name":"Match and Keep!","player_choice":"2 cards matched","floor":4.0,"gold_loss":0.0,"damage_taken":0.0,"cards_obtained":["After Image","Acrobatics"]},{"damage_healed":0.0,"max_hp_gain":0.0,"max_hp_loss":0.0,"gold_gain":0.0,"event_name":"The Library","player_choice":"Read","floor":20.0,"gold_loss":0.0,"damage_taken":0.0,"cards_obtained":["Footwork"]},{"cards_removed":["Strike_G"],"damage_healed":0.0,"max_hp_gain":0.0,"max_hp_loss":0.0,"gold_gain":0.0,"event_name":"Bonfire Elementals","player_choice":"Offered Basic","floor":24.0,"gold_loss":0.0,"damage_taken":0.0},{"cards_removed":["Defend_G"],"damage_healed":0.0,"max_hp_gain":0.0,"max_hp_loss":0.0,"gold_gain":0.0,"event_name":"Purifier","player_choice":"Purged","floor":36.0,"gold_loss":0.0,"damage_taken":0.0},{"damage_healed":0.0,"max_hp_gain":0.0,"max_hp_loss":0.0,"gold_gain":0.0,"event_name":"Mysterious Sphere","player_choice":"Fight","floor":38.0,"gold_loss":0.0,"damage_taken":0.0}],"is_beta":false,"boss_relics":[{"not_picked":["Sozu","Black Star"],"picked":"Runic Pyramid"},{"not_picked":["Fusion Hammer","HoveringKite"],"picked":"Calling Bell"}],"items_purged_floors":[5,13,40,47],"is_endless":false,"potions_floor_spawned":[1,8,10,11,16,22,29,30,37,42,46,48],"ascension_level":0}}