{"host":"w2hto19w79vb5o6z","time":1609388003,"event":{"mods":["BaseMod","Better Match","Better Vampires","ChefMod","GifTheSpireLib","Hermit","Highlight Path","JesterMod","Marisa????????","Minty Spire (QoL Compilation)","Railgun Mod","Relic Filter","Robot Space Explorer","StSLib","The Blackbeard","The Bladedancer","The Bug Knight","The Dragon Tamer","The Marked","The Poker Player","The Servant 0.9.4","The Wild Card","TheArtist"],"gold_per_floor":[118,130,130,130,55,55,55,55],"floor_reached":7,"playtime":487,"items_purged":["chefmod:Strike"],"score":39,"play_id":"6699b676-18bb-4d2c-807d-d3fe713b8d6a","local_time":"20201230231323","is_ascension_mode":false,"campfire_choices":[{"data":"chefmod:TodaysSpecial","floor":6,"key":"SMITH"}],"circlet_count":0,"master_deck":["chefmod:Strike","chefmod:Strike","chefmod:Strike","chefmod:Defend","chefmod:Defend","chefmod:Defend","chefmod:QuickThaw","chefmod:TodaysSpecial+1","chefmod:FreshProduce","chefmod:BaoBuns"],"relics":["chefmod:TrustyPot","Golden Idol"],"acts_visited":["Exordium"],"potions_floor_usage":[],"damage_taken":[{"damage":0,"enemies":"Cultist","floor":1,"turns":4},{"damage":4,"enemies":"2 Louse","floor":2,"turns":3},{"damage":30,"enemies":"3 Sentries","floor":7,"turns":8}],"seed_played":"-3696223351858669608","potions_obtained":[{"floor":2,"key":"BlessingOfTheForge"}],"is_trial":false,"path_per_floor":["M","M","?","?","$","R","E"],"character_chosen":"THE_CHEF","items_purchased":[],"campfire_rested":0,"item_purchase_floors":[],"current_hp_per_floor":[83,79,79,59,59,59,29,29],"gold":55,"neow_bonus":"TEN_PERCENT_HP_BONUS","is_daily":false,"chose_seed":false,"campfire_upgraded":1,"win_rate":0.0,"timestamp":1609388003,"path_taken":["M","M","?","?","$","R","E"],"items_purchased_type":[],"build_version":"2020-12-22","purchased_purges":1,"victory":false,"max_hp_per_floor":[83,83,83,83,83,83,83,83],"card_choices":[{"not_picked":["chefmod:BleedOut","chefmod:FireUp"],"picked":"chefmod:FreshProduce","floor":1},{"not_picked":["chefmod:ZaruSoba","chefmod:IcePick"],"picked":"chefmod:BaoBuns","floor":2}],"player_experience":218907,"relics_obtained":[],"event_choices":[{"cards_removed":["chefmod:Strike"],"damage_healed":0,"gold_gain":0,"player_choice":"Forget","damage_taken":0,"max_hp_gain":0,"max_hp_loss":0,"event_name":"Living Wall","floor":3,"gold_loss":0},{"damage_healed":0,"gold_gain":0,"player_choice":"Take Damage","damage_taken":20,"relics_obtained":["Golden Idol"],"max_hp_gain":0,"max_hp_loss":0,"event_name":"Golden Idol","floor":4,"gold_loss":0}],"is_beta":false,"boss_relics":[],"items_purged_floors":[5],"is_endless":false,"potions_floor_spawned":[2],"killed_by":"3 Sentries","ascension_level":0}}