{"host":"bbcqjedmotowk2e9","time":1609411880,"event":{"mods":["AchievementEnabler","Aspiration","BaseMod","Colored Powertips","Energized Spire","GifTheSpireLib","Halation","Hubris","Hyrulean Relics","Infinite Spire","Marisa????????","Minty Spire (QoL Compilation)","Permanent Neow","Quick Restart","Relic Stats","Replay The Spire","Spires And Sneckos","StSLib","Stuff the Spire","Synergy Search","The Disciple"],"gold_per_floor":[112,112,37,50,50,50,65,65,112,140,3,22,22,39,39,135,135,154,154,5,5,19,19,143,143,143,143,143,160,176,190,190,291,291,310,329,339,339,339,339],"floor_reached":39,"playtime":1203,"items_purged":["Strike_G","StuffTheSpire:ClusterCrunch"],"score":596,"play_id":"2e1c00d7-4d8e-49a4-98a1-3b8d97cb4eb7","local_time":"20201231135120","is_ascension_mode":true,"campfire_choices":[{"data":"Sadistic Nature","floor":6.0,"key":"SMITH"},{"floor":13.0,"key":"REST"},{"floor":15.0,"key":"REST"},{"floor":23.0,"key":"REST"},{"floor":27.0,"key":"REST"},{"floor":32.0,"key":"REST"}],"circlet_count":0,"master_deck":["Survivor","Neutralize","Sadistic Nature+1","Poisoned Stab","Terror+1","ReplayTheSpireMod:Exploit Weakness","Catalyst","Corpse Explosion","Deadly Poison","Corpse Explosion","After Image","Envenom","Burst","Accuracy","Deflect","Distraction","Expertise","StuffTheSpire:Sprint","Dagger Spray+1","Bane+1","Replay:Poison Smokescreen","Deadly Poison+1","A Thousand Cuts","Toxin Wave+1","StuffTheSpire:Python"],"relics":["SpiresAndSneckos:StoneHearth","halation:PinkSoulGem","infinitespire:Cubic Diamond","aspiration:Lifesprig","StuffTheSpire:TintedRock","Pandora\u0027s Box","StuffTheSpire:BottledEssence","Dream Catcher","halation:Risk","StuffTheSpire:Barrel","halation:PenCase","halation:Yufonium","hubris:Towel"],"acts_visited":["Exordium","TheCity","TheBeyond"],"potions_floor_usage":[36,37,37],"damage_taken":[{"damage":2.0,"enemies":"Jaw Worm","floor":1.0,"turns":4.0},{"damage":3.0,"enemies":"Small Slimes","floor":4.0,"turns":3.0},{"damage":0.0,"enemies":"Cultist","floor":7.0,"turns":2.0},{"damage":41.0,"enemies":"Lagavulin","floor":10.0,"turns":8.0},{"damage":8.0,"enemies":"Blue Slaver","floor":12.0,"turns":3.0},{"damage":0.0,"enemies":"Exordium Wildlife","floor":14.0,"turns":2.0},{"damage":12.0,"enemies":"Slime Boss","floor":16.0,"turns":5.0},{"damage":8.0,"enemies":"Chosen","floor":18.0,"turns":3.0},{"damage":10.0,"enemies":"2 Thieves","floor":22.0,"turns":3.0},{"damage":20.0,"enemies":"Replay:Snechameleon","floor":24.0,"turns":6.0},{"damage":24.0,"enemies":"Snake Plant","floor":29.0,"turns":4.0},{"damage":0.0,"enemies":"Shelled Parasite and Fungi","floor":30.0,"turns":2.0},{"damage":9.0,"enemies":"Centurion and Healer","floor":31.0,"turns":3.0},{"damage":29.0,"enemies":"Champ","floor":33.0,"turns":7.0},{"damage":1,"enemies":"3 Shapes","floor":35,"turns":4},{"damage":8,"enemies":"Orb Walker","floor":36,"turns":2},{"damage":45,"enemies":"Jaw Worm Horde","floor":37,"turns":3},{"damage":8,"enemies":"4 Shapes","floor":39,"turns":1}],"seed_played":"1716623149135371819","potions_obtained":[{"floor":4.0,"key":"LifebloodPotion"},{"floor":7.0,"key":"DistilledChaos"},{"floor":22.0,"key":"FearPotion"},{"floor":29.0,"key":"Explosive Potion"},{"floor":31.0,"key":"DuplicationPotion"},{"floor":36,"key":"LifebloodPotion"}],"is_trial":false,"path_per_floor":["M","?","$","M","?","R","M","?","T","E","$","M","R","M","R","B",null,"M","?","$","?","M","R","E","AVR","T","R","T","M","M","M","R","B",null,"M","M","M","?","M"],"character_chosen":"THE_SILENT","items_purchased":["Corpse Explosion","StuffTheSpire:BottledEssence"],"campfire_rested":5,"item_purchase_floors":[11,20],"current_hp_per_floor":[61,61,61,58,58,58,58,58,58,17,17,9,27,27,45,33,56,48,51,51,39,29,50,30,30,30,51,51,27,27,18,39,10,56,55,47,2,2,0,0],"gold":339,"neow_bonus":"RANDOM_COLORLESS_2","is_daily":false,"chose_seed":false,"campfire_upgraded":1,"win_rate":0.0,"timestamp":1609411880,"path_taken":["M","?","$","M","?","R","?","?","T","E","?","M","R","M","R","BOSS","M","?","$","?","M","R","E","AVR","T","R","?","M","?","M","R","BOSS","M","M","?","?","M"],"items_purchased_type":["Card","Relic"],"build_version":"2020-12-22","purchased_purges":2,"victory":false,"max_hp_per_floor":[63,63,63,63,63,63,63,63,63,63,63,63,63,63,63,63,63,63,66,66,71,71,71,71,71,71,71,71,71,71,71,71,71,71,71,71,71,71,71,71],"relic_stats":{"Dream Catcher":2,"counters":[18,65],"Pandora\u0027s Box":["StuffTheSpire:ClusterCrunch","After Image","Envenom","Burst","Accuracy","Deflect","Distraction","Expertise","StuffTheSpire:Sprint"],"obtain_stats":[{"StuffTheSpire:TintedRock":10,"aspiration:Lifesprig":9,"StuffTheSpire:Barrel":26,"halation:Yufonium":34,"infinitespire:Cubic Diamond":8,"StuffTheSpire:BottledEssence":20,"SpiresAndSneckos:StoneHearth":8,"hubris:Towel":38,"Dream Catcher":24,"halation:PenCase":28,"Pandora\u0027s Box":17,"halation:PinkSoulGem":2,"Ring of the Snake":0,"halation:Risk":25},{"StuffTheSpire:TintedRock":4,"aspiration:Lifesprig":3,"StuffTheSpire:Barrel":10,"halation:Yufonium":14,"infinitespire:Cubic Diamond":3,"StuffTheSpire:BottledEssence":8,"SpiresAndSneckos:StoneHearth":3,"hubris:Towel":17,"Dream Catcher":10,"halation:PenCase":10,"Pandora\u0027s Box":7,"halation:PinkSoulGem":1,"Ring of the Snake":0,"halation:Risk":10},{"StuffTheSpire:TintedRock":17,"aspiration:Lifesprig":9,"StuffTheSpire:Barrel":39,"halation:Yufonium":55,"infinitespire:Cubic Diamond":9,"StuffTheSpire:BottledEssence":30,"SpiresAndSneckos:StoneHearth":9,"hubris:Towel":64,"Dream Catcher":39,"halation:PenCase":39,"Pandora\u0027s Box":27,"halation:PinkSoulGem":4,"Ring of the Snake":0,"halation:Risk":39}]},"card_choices":[{"not_picked":["Thinking Ahead","Master of Strategy"],"picked":"Sadistic Nature","floor":0.0},{"not_picked":["Deadly Poison","Dash"],"picked":"Poisoned Stab","floor":1.0},{"not_picked":["Quick Slash","StuffTheSpire:BumpUp"],"picked":"Terror","floor":4.0},{"not_picked":["Well Laid Plans","StuffTheSpire:BumpUp"],"picked":"ReplayTheSpireMod:Exploit Weakness","floor":7.0},{"not_picked":["Escape Plan","Dagger Throw"],"picked":"Catalyst","floor":10.0},{"not_picked":["hubris:SlightOfHand","Slice","Outmaneuver"],"picked":"SKIP","floor":12.0},{"not_picked":["Cloak And Dagger","PiercingWail"],"picked":"Deadly Poison","floor":14.0},{"not_picked":["Glass Knife","Die Die Die"],"picked":"Corpse Explosion","floor":16.0},{"not_picked":["StuffTheSpire:BumpUp","Cloak And Dagger","Flying Knee+1"],"picked":"SKIP","floor":18.0},{"not_picked":["StuffTheSpire:DoubleShiv","hubris:SlightOfHand"],"picked":"Dagger Spray+1","floor":22.0},{"not_picked":["Envenom","Flying Knee"],"picked":"Bane+1","floor":24.0},{"not_picked":["Backflip","Well Laid Plans+1"],"picked":"Replay:Poison Smokescreen","floor":27.0},{"not_picked":["StuffTheSpire:BumpUp+1","Poisoned Stab+1"],"picked":"Deadly Poison+1","floor":29.0},{"not_picked":["StuffTheSpire:BumpUp","Flechettes+1","Cloak And Dagger+1"],"picked":"SKIP","floor":30.0},{"not_picked":["StuffTheSpire:DoubleShiv","Underhanded Strike+1","Prepared"],"picked":"SKIP","floor":31.0},{"not_picked":["StuffTheSpire:DoubleShiv","Quick Slash"],"picked":"A Thousand Cuts","floor":32.0},{"not_picked":["Predator","Caltrops+1"],"picked":"Toxin Wave+1","floor":35},{"not_picked":["hubris:SlightOfHand","All Out Attack","Underhanded Strike"],"picked":"SKIP","floor":36},{"not_picked":["StuffTheSpire:Shiver","Caltrops"],"picked":"StuffTheSpire:Python","floor":37}],"player_experience":574129,"relics_obtained":[{"floor":9.0,"key":"aspiration:Lifesprig"},{"floor":10.0,"key":"StuffTheSpire:TintedRock"},{"floor":24.0,"key":"Dream Catcher"},{"floor":26.0,"key":"StuffTheSpire:Barrel"},{"floor":28.0,"key":"halation:PenCase"}],"event_choices":[{"damage_healed":0.0,"max_hp_gain":0.0,"max_hp_loss":0.0,"gold_gain":0.0,"event_name":"Accursed Blacksmith","player_choice":"Forge","floor":5.0,"gold_loss":0.0,"damage_taken":0.0,"cards_upgraded":["Terror"]},{"damage_healed":0.0,"max_hp_gain":5.0,"max_hp_loss":0.0,"gold_gain":0.0,"event_name":"Forgotten Altar","player_choice":"Shed Blood","floor":21.0,"gold_loss":0.0,"damage_taken":17.0}],"is_beta":false,"boss_relics":[{"not_picked":["Coffee Dripper","halation:PlatinumPhoenix"],"picked":"Pandora\u0027s Box"},{"not_picked":["aspiration:MarisaSkillbook","Replay:Wanted Poster"],"picked":"halation:Yufonium"}],"items_purged_floors":[3,25],"is_endless":false,"potions_floor_spawned":[4,7,22,29,31,36],"killed_by":"4 Shapes","ascension_level":8}}