{"host":"hig8qfi5vzbgudte","time":1609398832,"event":{"mods":["BaseMod","Colored Map","Downfall","Hermit","Hubris","Jorbs\u0027s Wanderer Trilogy","Minty Spire (QoL Compilation)","Quick Restart","StSLib","The Cursed","The Hierophant","The Marked"],"gold_per_floor":[218,318,22,22,22,53,53,64,64,64,76,91,108,119,119,119,119],"floor_reached":16,"playtime":1319,"items_purged":[],"score":102,"play_id":"8b73471f-fb8c-40d5-b289-883f4a256408","local_time":"20201231011352","is_ascension_mode":false,"campfire_choices":[{"floor":7,"key":"REST"},{"floor":10,"key":"REST"},{"floor":15,"key":"REST"}],"circlet_count":0,"master_deck":["hermit:GhostlyPresence","theMarked:Strike","theMarked:Strike","theMarked:Strike","theMarked:Strike","theMarked:Strike","theMarked:Defend","theMarked:Defend","theMarked:Defend","theMarked:SoldierOfQuellstein","theMarked:Aftermath","Pain","hubris:Sniper","TheCursedMod:CircleOfAbyss","TheCursedMod:AbyssShockwave","Purity","stsjorbsmod:Panic","expansioncontent:GoopSpray"],"relics":["theMarked:ArtifactOfAir","PrismaticShard","Orichalcum","WarpedTongs","theMarked:Gun","Kunai"],"acts_visited":["Exordium"],"potions_floor_usage":[],"damage_taken":[{"damage":4,"enemies":"Small Slimes","floor":1,"turns":5},{"damage":38,"enemies":"Lagavulin","floor":6,"turns":7},{"damage":4,"enemies":"Cultist","floor":8,"turns":3},{"damage":8,"enemies":"2 Louse","floor":11,"turns":3},{"damage":8,"enemies":"Large Slime","floor":12,"turns":5},{"damage":0,"enemies":"3 Louse","floor":13,"turns":2},{"damage":4,"enemies":"Red Slaver","floor":14,"turns":5},{"damage":69,"enemies":"The Guardian","floor":16,"turns":8}],"seed_played":"-8412317176622775696","potions_obtained":[{"floor":8,"key":"PowerPotion"},{"floor":11,"key":"hexamod:EctoCoolerPotion"},{"floor":12,"key":"LiquidBronze"}],"is_trial":false,"path_per_floor":["M","?","$","?","?","E","R","M","T","R","M","M","M","M","R","B"],"character_chosen":"THE_DEFAULT","items_purchased":["PrismaticShard","Orichalcum"],"campfire_rested":3,"item_purchase_floors":[3,3],"current_hp_per_floor":[66,66,66,59,59,21,42,38,38,59,51,43,43,39,59,0,0],"gold":119,"neow_bonus":"HUNDRED_GOLD","is_daily":false,"chose_seed":false,"campfire_upgraded":0,"win_rate":0.0,"timestamp":1609398832,"path_taken":["M","?","?","?","?","E","R","M","T","R","?","M","M","M","R","BOSS"],"items_purchased_type":["Relic","Relic"],"build_version":"2020-12-22","purchased_purges":0,"victory":false,"max_hp_per_floor":[70,70,70,70,70,70,70,70,70,70,70,70,70,67,67,67,67],"card_choices":[{"not_picked":["theMarked:Static","theMarked:ResourceFulStrike"],"picked":"theMarked:Aftermath","floor":1},{"not_picked":["Fusion","Ball Lightning"],"picked":"hubris:Sniper","floor":6},{"not_picked":["champ:FanOfKnives","sneckomod:SoulRoll"],"picked":"TheCursedMod:CircleOfAbyss","floor":8},{"not_picked":["champ:FanOfKnives","Armaments"],"picked":"TheCursedMod:AbyssShockwave","floor":11},{"not_picked":["sneckomod:UnknownCommonSkill","Slimebound:SlimeBrawl"],"picked":"Purity","floor":12},{"not_picked":["TheCursedMod:SaltUponWound","theMarked:WastefulDefense"],"picked":"stsjorbsmod:Panic","floor":13},{"not_picked":["stsjorbsmod:Panic","champ:TornadoPunch"],"picked":"expansioncontent:GoopSpray","floor":14}],"player_experience":25654,"relics_obtained":[{"floor":6,"key":"theMarked:Gun"},{"floor":9,"key":"Kunai"}],"event_choices":[{"damage_healed":0,"gold_gain":100,"player_choice":"Gold","damage_taken":0,"max_hp_gain":0,"max_hp_loss":0,"event_name":"Wheel of Change","floor":2,"gold_loss":0},{"cards_removed":["theMarked:Defend"],"damage_healed":0,"gold_gain":0,"player_choice":"Card Removal","damage_taken":7,"max_hp_gain":0,"max_hp_loss":0,"event_name":"Golden Wing","floor":4,"gold_loss":0},{"damage_healed":0,"gold_gain":0,"player_choice":"Rummage","damage_taken":0,"relics_obtained":["WarpedTongs"],"max_hp_gain":0,"max_hp_loss":0,"event_name":"Accursed Blacksmith","floor":5,"gold_loss":0,"cards_obtained":["Pain"]}],"is_beta":false,"boss_relics":[],"items_purged_floors":[],"is_endless":false,"potions_floor_spawned":[8,11,12],"killed_by":"The Guardian","ascension_level":0}}