{"host":"baiuyraednrljtmn","time":1609431569,"event":{"mods":["BaseMod","Colored Map","Colored Powertips","DeckTracker","Keyboard Shortcuts","Minty Spire (QoL Compilation)","Relic Stats","StSLib","SuperFastMode","everything is the same but u backflip on backflip"],"gold_per_floor":[113,32,109,109,123,154,154,154,154],"floor_reached":8,"playtime":200,"items_purged":[],"score":158,"play_id":"4811fbf0-2d66-4843-bab7-d6b78f612703","local_time":"20210101011929","is_ascension_mode":true,"campfire_choices":[{"data":"Crippling Poison","floor":7,"key":"SMITH"}],"circlet_count":0,"master_deck":["AscendersBane","Strike_G","Strike_G","Strike_G","Strike_G","Defend_G","Defend_G","Defend_G","Defend_G","Defend_G","Survivor","Neutralize","Underhanded Strike","Well Laid Plans","Crippling Poison+1","Blade Dance"],"relics":["Ring of the Snake","NeowsBlessing","Art of War"],"acts_visited":["Exordium"],"potions_floor_usage":[],"damage_taken":[{"damage":0,"enemies":"Jaw Worm","floor":1,"turns":1},{"damage":0,"enemies":"Cultist","floor":5,"turns":1},{"damage":0,"enemies":"Lagavulin","floor":6,"turns":1},{"damage":62,"enemies":"Gremlin Nob","floor":8,"turns":4}],"seed_played":"1826084620716574699","potions_obtained":[],"is_trial":false,"path_per_floor":["M","$","?","?","M","E","R","E"],"character_chosen":"THE_SILENT","items_purchased":["Well Laid Plans"],"campfire_rested":0,"item_purchase_floors":[2],"current_hp_per_floor":[59,59,59,59,59,59,59,0,0],"gold":154,"neow_bonus":"THREE_ENEMY_KILL","is_daily":false,"chose_seed":false,"campfire_upgraded":1,"win_rate":0.0,"timestamp":1609431569,"path_taken":["M","$","?","?","M","E","R","E"],"items_purchased_type":["Card"],"build_version":"2020-12-22","purchased_purges":0,"victory":false,"max_hp_per_floor":[66,66,66,66,66,66,66,66,66],"relic_stats":{"counters":[4,7],"Art of War":[0],"obtain_stats":[{"NeowsBlessing":0,"Art of War":6,"Ring of the Snake":0},{"NeowsBlessing":0,"Art of War":3,"Ring of the Snake":0},{"NeowsBlessing":0,"Art of War":3,"Ring of the Snake":0}],"Ring of the Snake":[8]},"card_choices":[{"not_picked":["Well Laid Plans","Bane"],"picked":"Underhanded Strike","floor":1},{"not_picked":["Acrobatics","Flechettes"],"picked":"Crippling Poison","floor":5},{"not_picked":["Outmaneuver","Predator"],"picked":"Blade Dance","floor":6}],"player_experience":1399839,"relics_obtained":[{"floor":6,"key":"Art of War"}],"event_choices":[{"damage_healed":0,"gold_gain":77,"player_choice":"Gained Gold","damage_taken":0,"max_hp_gain":0,"max_hp_loss":0,"event_name":"Golden Wing","floor":3,"gold_loss":0},{"cards_removed":["Strike_G"],"damage_healed":0,"gold_gain":0,"player_choice":"Forget","damage_taken":0,"max_hp_gain":0,"max_hp_loss":0,"event_name":"Living Wall","floor":4,"gold_loss":0}],"is_beta":false,"boss_relics":[],"items_purged_floors":[],"is_endless":false,"potions_floor_spawned":[],"killed_by":"Gremlin Nob","ascension_level":20}}