{"host":"j49z5jz0n7e8vjox","time":1609432266,"event":{"mods":["AchievementEnabler","BaseMod","Bestiary","Colored Map","Colored Powertips","DeckTracker","Minty Spire (QoL Compilation)","UnlockEverythingMod"],"gold_per_floor":[117,132,143,13,27,27,56,56,108,143,160,85,85,85,85,157,157,168,168,248,3,17,43,62,62,62],"floor_reached":25,"playtime":6915,"items_purged":["Strike_R"],"score":512,"play_id":"4ff35abf-6153-4176-874b-267df0409ae1","local_time":"20201231103106","is_ascension_mode":true,"campfire_choices":[{"floor":6,"key":"REST"},{"floor":8,"key":"REST"},{"floor":13,"key":"REST"},{"floor":15,"key":"REST"}],"circlet_count":0,"master_deck":["AscendersBane","Strike_R","Strike_R","Strike_R","Defend_R","Defend_R","Defend_R","Defend_R","Bash","Apotheosis+1","Pummel","Warcry","Demon Form","Flex+1","Flex","Pummel","Pummel","Limit Break","Writhe","Flame Barrier"],"relics":["Burning Blood","Mummified Hand","Tiny Chest","Bag of Marbles","Busted Crown","War Paint","Mercury Hourglass","Frozen Eye","StoneCalendar"],"acts_visited":["TheCity"],"potions_floor_usage":[10,11,23,25],"damage_taken":[{"damage":6,"enemies":"2 Louse","floor":1,"turns":5},{"damage":2,"enemies":"Small Slimes","floor":2,"turns":5},{"damage":5,"enemies":"Jaw Worm","floor":3,"turns":6},{"damage":40,"enemies":"Gremlin Gang","floor":5,"turns":7},{"damage":32,"enemies":"Gremlin Nob","floor":7,"turns":4},{"damage":16,"enemies":"Lagavulin","floor":10,"turns":7},{"damage":24,"enemies":"Lots of Slimes","floor":11,"turns":6},{"damage":38,"enemies":"Hexaghost","floor":16,"turns":6},{"damage":17,"enemies":"Spheric Guardian","floor":18,"turns":4},{"damage":10,"enemies":"Chosen","floor":22,"turns":4},{"damage":0,"enemies":"Gremlin Leader","floor":23,"turns":3},{"damage":44,"enemies":"Shelled Parasite and Fungi","floor":24,"turns":6},{"damage":32,"enemies":"Book of Stabbing","floor":25,"turns":3}],"seed_played":"-3095008936529289463","potions_obtained":[{"floor":7,"key":"Swift Potion"},{"floor":10,"key":"SkillPotion"},{"floor":11,"key":"Fruit Juice"},{"floor":16,"key":"AttackPotion"},{"floor":23,"key":"Fire Potion"}],"is_trial":false,"path_per_floor":["M","M","M","$","M","R","E","R","T","E","M","?","R","?","R","B",null,"M","?","T","$","M","E","M","E"],"character_chosen":"IRONCLAD","items_purchased":["Flex","Flame Barrier","Frozen Eye"],"campfire_rested":4,"item_purchase_floors":[4,21,21],"current_hp_per_floor":[50,54,55,55,21,43,17,39,39,29,11,11,33,33,55,23,62,51,51,51,51,47,53,15,0,0],"gold":62,"neow_bonus":"RANDOM_COLORLESS_2","is_daily":false,"chose_seed":false,"campfire_upgraded":0,"win_rate":0.0,"timestamp":1609432266,"path_taken":["M","M","M","$","M","R","E","R","T","E","M","?","R","?","R","BOSS","M","?","?","?","?","E","?","E"],"items_purchased_type":["Card","Card","Relic"],"build_version":"2020-12-22","purchased_purges":1,"victory":false,"max_hp_per_floor":[75,75,75,75,75,75,75,75,75,75,75,75,75,75,75,75,75,75,75,75,75,75,75,75,80,80],"card_choices":[{"not_picked":["Sadistic Nature","Metamorphosis"],"picked":"Apotheosis","floor":0},{"not_picked":["Armaments","Shrug It Off"],"picked":"Pummel","floor":1},{"not_picked":["Power Through","Twin Strike"],"picked":"Warcry","floor":2},{"not_picked":["Cleave","Clash"],"picked":"Demon Form","floor":3},{"not_picked":["Havoc","Metallicize","Anger"],"picked":"SKIP","floor":5},{"not_picked":["Thunderclap","Perfected Strike"],"picked":"Flex","floor":7},{"not_picked":["Thunderclap","Whirlwind"],"picked":"Pummel","floor":10},{"not_picked":["Entrench","Clothesline"],"picked":"Pummel","floor":11},{"not_picked":["Brutality","Juggernaut"],"picked":"Limit Break","floor":16},{"not_picked":["Havoc"],"picked":"SKIP","floor":18},{"not_picked":["Clash+1"],"picked":"SKIP","floor":22},{"not_picked":["Rupture"],"picked":"SKIP","floor":23},{"not_picked":["Wild Strike"],"picked":"SKIP","floor":24}],"player_experience":736602,"relics_obtained":[{"floor":7,"key":"Mummified Hand"},{"floor":9,"key":"Tiny Chest"},{"floor":10,"key":"Bag of Marbles"},{"floor":20,"key":"Mercury Hourglass"},{"floor":23,"key":"StoneCalendar"}],"event_choices":[{"cards_removed":["Strike_R"],"damage_healed":0,"gold_gain":0,"player_choice":"Card Removal","damage_taken":0,"max_hp_gain":0,"max_hp_loss":0,"event_name":"The Cleric","floor":12,"gold_loss":75},{"damage_healed":0,"gold_gain":0,"player_choice":"Fled","damage_taken":0,"max_hp_gain":0,"max_hp_loss":0,"event_name":"Scrap Ooze","floor":14,"gold_loss":0},{"damage_healed":0,"gold_gain":0,"player_choice":"Opened","damage_taken":0,"relics_obtained":["War Paint"],"max_hp_gain":0,"max_hp_loss":0,"event_name":"The Mausoleum","floor":19,"gold_loss":0,"cards_obtained":["Writhe"]}],"is_beta":false,"boss_relics":[{"not_picked":["SlaversCollar","Snecko Eye"],"picked":"Busted Crown"}],"items_purged_floors":[4],"is_endless":false,"potions_floor_spawned":[7,10,11,16,23],"killed_by":"Book of Stabbing","ascension_level":20}}