{"host":"x3q4ieql2tr7v8o6","time":1609415960,"event":{"mods":["BaseMod","Better Altar","Better Note","Better Sensory Stone","Better Skull","Better Third Choice","Colored Map","Minty Spire (QoL Compilation)","StSLib"],"gold_per_floor":[116,135,135,246,16,16,47,47,47,59,59,91,91,91,91,180,180,198,198,198],"floor_reached":19,"playtime":596,"items_purged":["Regret"],"score":294,"play_id":"412552de-b120-4ff7-98aa-f52daa226a3b","local_time":"20201231115920","is_ascension_mode":true,"campfire_choices":[{"data":"Transmutation","floor":6,"key":"SMITH"},{"data":"Barricade","floor":8,"key":"SMITH"},{"floor":11,"key":"REST"},{"data":"Evolve","floor":15,"key":"SMITH"}],"circlet_count":0,"master_deck":["AscendersBane","Strike_R","Strike_R","Strike_R","Strike_R","Strike_R","Defend_R+1","Defend_R+1","Defend_R","Defend_R","Bash","Writhe","Transmutation+1","Twin Strike","Evolve+1","Barricade+1","Carnage","Anger","Feed","Injury","Reaper","Battle Trance"],"relics":["Burning Blood","Ginger","HandDrill","Dream Catcher","War Paint","Mango","Golden Idol","Gremlin Horn","Runic Pyramid"],"acts_visited":["Exordium","TheCity"],"potions_floor_usage":[],"damage_taken":[{"damage":12,"enemies":"2 Louse","floor":1,"turns":6},{"damage":11,"enemies":"Small Slimes","floor":2,"turns":4},{"damage":32,"enemies":"3 Sentries","floor":7,"turns":8},{"damage":6,"enemies":"Cultist","floor":10,"turns":4},{"damage":9,"enemies":"Lagavulin","floor":12,"turns":8},{"damage":37,"enemies":"Hexaghost","floor":16,"turns":10},{"damage":0,"enemies":"2 Thieves","floor":18,"turns":1},{"damage":93,"enemies":"Spheric Guardian","floor":19,"turns":9}],"seed_played":"1388061204112802751","potions_obtained":[{"floor":1,"key":"Strength Potion"},{"floor":10,"key":"Dexterity Potion"},{"floor":16,"key":"Strength Potion"}],"is_trial":false,"path_per_floor":["M","M","?","?","$","R","E","R","T","M","R","E","?","?","R","B",null,"M","M"],"character_chosen":"IRONCLAD","items_purchased":["HandDrill"],"campfire_rested":1,"item_purchase_floors":[5],"current_hp_per_floor":[62,57,57,50,50,50,24,24,24,24,46,57,57,57,57,30,77,83,0,0],"gold":198,"neow_bonus":"RANDOM_COLORLESS_2","is_daily":false,"chose_seed":false,"campfire_upgraded":3,"win_rate":0.0,"timestamp":1609415960,"path_taken":["M","M","?","?","$","R","E","R","T","?","R","E","?","?","R","BOSS","M","?"],"items_purchased_type":["Relic"],"build_version":"2020-12-22","purchased_purges":1,"victory":false,"max_hp_per_floor":[75,75,75,75,75,75,75,75,75,75,75,89,89,89,89,93,93,93,93,93],"card_choices":[{"not_picked":["Chrysalis","Secret Weapon"],"picked":"Transmutation","floor":0},{"not_picked":["Flex","Ghostly Armor"],"picked":"Twin Strike","floor":1},{"not_picked":["Hemokinesis","Searing Blow"],"picked":"Evolve","floor":2},{"not_picked":["Warcry","Power Through"],"picked":"Barricade","floor":7},{"not_picked":["Sentinel","Warcry"],"picked":"Carnage","floor":10},{"not_picked":["Headbutt","Sever Soul"],"picked":"Anger","floor":11},{"not_picked":["Iron Wave","Thunderclap"],"picked":"Feed","floor":12},{"not_picked":["Bludgeon","Feed"],"picked":"Reaper","floor":16},{"not_picked":["Wild Strike","Heavy Blade"],"picked":"Battle Trance","floor":18}],"player_experience":692967,"relics_obtained":[{"floor":7,"key":"Dream Catcher"},{"floor":9,"key":"War Paint"},{"floor":12,"key":"Mango"}],"event_choices":[{"damage_healed":0,"gold_gain":0,"player_choice":"Box","damage_taken":0,"relics_obtained":["Ginger"],"max_hp_gain":0,"max_hp_loss":0,"event_name":"Big Fish","floor":3,"gold_loss":0,"cards_obtained":["Regret"]},{"damage_healed":0,"gold_gain":111,"player_choice":"GO ","damage_taken":8,"relics_obtained":[],"max_hp_gain":0,"max_hp_loss":0,"event_name":"betterSkull:BetterSkull","floor":4,"gold_loss":0,"cards_upgraded":[]},{"damage_healed":0,"gold_gain":0,"player_choice":"Take Wound","damage_taken":0,"relics_obtained":["Golden Idol"],"max_hp_gain":0,"max_hp_loss":0,"event_name":"Golden Idol","floor":13,"gold_loss":0,"cards_obtained":["Injury"]},{"damage_healed":0,"gold_gain":0,"player_choice":"Gave Potion","damage_taken":0,"relics_obtained":["Gremlin Horn"],"max_hp_gain":0,"max_hp_loss":0,"event_name":"WeMeetAgain","floor":14,"gold_loss":0}],"is_beta":false,"boss_relics":[{"not_picked":["Tiny House","Ectoplasm"],"picked":"Runic Pyramid"}],"items_purged_floors":[5],"is_endless":false,"potions_floor_spawned":[1,10,16],"killed_by":"Spheric Guardian","ascension_level":14}}