{"host":"71akxjf7cjo3bhmj","time":1609383702,"event":{"mods":["AchievementEnabler","BaseMod","Colored Powertips","Minty Spire (QoL Compilation)"],"gold_per_floor":[116,191,191,191,208,242,254,254,254,254,297,312,350,53,53,182,182,205,223,148,148,148,148],"floor_reached":22,"playtime":1640,"items_purged":["Strike_R"],"score":227,"play_id":"cd0129d9-b951-42aa-8b4c-a6c9b4ee35ac","local_time":"20201231040142","is_ascension_mode":false,"campfire_choices":[{"floor":15,"key":"REST"}],"circlet_count":0,"master_deck":["Strike_R","Strike_R","Strike_R","Defend_R","Defend_R","Defend_R","Defend_R","Bash","Iron Wave+1","Battle Trance","Seeing Red","Shrug It Off","Body Slam","Armaments","Iron Wave","Impervious","Shrug It Off"],"relics":["Burning Blood","NeowsBlessing","InkBottle","Golden Idol","Anchor","Lantern","Turnip","SlaversCollar"],"acts_visited":["Exordium","TheCity"],"potions_floor_usage":[11,13,16,16,16,22],"damage_taken":[{"damage":0,"enemies":"Small Slimes","floor":1,"turns":1},{"damage":0,"enemies":"Jaw Worm","floor":5,"turns":1},{"damage":0,"enemies":"Lagavulin","floor":6,"turns":1},{"damage":0,"enemies":"Cultist","floor":7,"turns":3},{"damage":28,"enemies":"3 Sentries","floor":11,"turns":11},{"damage":0,"enemies":"2 Fungi Beasts","floor":12,"turns":5},{"damage":22,"enemies":"Gremlin Nob","floor":13,"turns":4},{"damage":12,"enemies":"The Guardian","floor":16,"turns":15},{"damage":11,"enemies":"Chosen","floor":18,"turns":11},{"damage":0,"enemies":"Shell Parasite","floor":19,"turns":14},{"damage":69,"enemies":"Cultist and Chosen","floor":22,"turns":11}],"seed_played":"-9185419560437020980","potions_obtained":[{"floor":7,"key":"SteroidPotion"},{"floor":12,"key":"Fire Potion"},{"floor":13,"key":"Weak Potion"},{"floor":18,"key":"Strength Potion"}],"is_trial":false,"path_per_floor":["M","?","?","?","M","E","M","?","T","T","E","M","E","$","R","B",null,"M","M","?","?","M"],"character_chosen":"IRONCLAD","items_purchased":["Armaments","LiquidBronze","Iron Wave","SkillPotion"],"campfire_rested":1,"item_purchase_floors":[14,14,14,14],"current_hp_per_floor":[80,69,74,74,80,85,85,64,64,64,42,48,32,32,57,51,85,80,85,85,85,16,16],"gold":148,"neow_bonus":"THREE_ENEMY_KILL","is_daily":false,"chose_seed":false,"campfire_upgraded":0,"win_rate":0.0,"timestamp":1609383702,"path_taken":["M","?","?","?","?","E","M","?","T","?","E","M","E","?","R","BOSS","M","M","?","?","M"],"items_purchased_type":["Card","Potion","Card","Potion"],"build_version":"2020-12-22","purchased_purges":1,"victory":false,"max_hp_per_floor":[80,80,85,85,85,85,85,85,85,85,85,85,85,85,85,85,85,85,85,85,85,85,85],"card_choices":[{"not_picked":["Twin Strike","Pummel"],"picked":"Iron Wave","floor":1},{"not_picked":["Pummel","Evolve","Feel No Pain"],"picked":"SKIP","floor":5},{"not_picked":["Pummel","Evolve","Feel No Pain"],"picked":"SKIP","floor":5},{"not_picked":["Thunderclap","Dropkick","Perfected Strike"],"picked":"SKIP","floor":6},{"not_picked":["Inflame","Searing Blow"],"picked":"Battle Trance","floor":7},{"not_picked":["Cleave","Evolve"],"picked":"Seeing Red","floor":11},{"not_picked":["Twin Strike","Warcry"],"picked":"Shrug It Off","floor":12},{"not_picked":["Headbutt","Reaper"],"picked":"Body Slam","floor":13},{"not_picked":["Immolate","Bludgeon"],"picked":"Impervious","floor":16},{"not_picked":["True Grit+1","Shockwave+1","Dark Embrace"],"picked":"SKIP","floor":18},{"not_picked":["Rupture","Havoc+1"],"picked":"Shrug It Off","floor":19}],"player_experience":123615,"relics_obtained":[{"floor":6,"key":"InkBottle"},{"floor":9,"key":"Anchor"},{"floor":11,"key":"Lantern"},{"floor":13,"key":"Turnip"}],"event_choices":[{"damage_healed":0,"gold_gain":75,"player_choice":"Gather Gold","damage_taken":11,"max_hp_gain":0,"max_hp_loss":0,"event_name":"World of Goop","floor":2,"gold_loss":0},{"damage_healed":0,"gold_gain":0,"player_choice":"Donut","damage_taken":0,"max_hp_gain":5,"max_hp_loss":0,"event_name":"Big Fish","floor":3,"gold_loss":0},{"damage_healed":0,"gold_gain":0,"player_choice":"Upgraded","damage_taken":0,"max_hp_gain":0,"max_hp_loss":0,"event_name":"Upgrade Shrine","floor":4,"gold_loss":0,"cards_upgraded":["Iron Wave"]},{"damage_healed":0,"gold_gain":0,"player_choice":"Take Damage","damage_taken":21,"relics_obtained":["Golden Idol"],"max_hp_gain":0,"max_hp_loss":0,"event_name":"Golden Idol","floor":8,"gold_loss":0},{"cards_removed":["Strike_R"],"damage_healed":0,"gold_gain":0,"player_choice":"Gave Gold","damage_taken":0,"max_hp_gain":0,"max_hp_loss":0,"event_name":"Beggar","floor":20,"gold_loss":75},{"damage_healed":0,"gold_gain":0,"player_choice":"Ignored","damage_taken":0,"max_hp_gain":0,"max_hp_loss":0,"event_name":"Ghosts","floor":21,"gold_loss":0}],"is_beta":false,"boss_relics":[{"not_picked":["Philosopher\u0027s Stone","Runic Pyramid"],"picked":"SlaversCollar"}],"items_purged_floors":[14],"is_endless":false,"potions_floor_spawned":[7,12,13,18],"killed_by":"Cultist and Chosen","ascension_level":0}}