{"host":"xj2wyr3bqqv4irjd","time":1609425354,"event":{"mods":["Act Like it!","BaseMod","Colored Map","Colored Powertips","Downfall","Highlight Path","Lobotomy","Marisa£®ÏF”Í°°ƒß¿Ì…≥£©","Minty Spire (QoL Compilation)","Quick Restart","Rare Cards Sparkle","Replay The Spire","StSLib"],"gold_per_floor":[112,37,52,70,83,116,116,149,149,166,166,166],"floor_reached":11,"playtime":555,"items_purged":["Strike_R"],"score":128,"play_id":"5880678f-379a-42a1-bf78-7ac5ea547353","local_time":"20201231223554","is_ascension_mode":true,"campfire_choices":[{"data":"Dropkick","floor":7.0,"key":"SMITH"}],"circlet_count":0,"master_deck":["AscendersBane","Strike_R","Strike_R","Strike_R","Defend_R","Defend_R","Defend_R","Defend_R","Bash","Dropkick+1","Bloodletting","Second Wind"],"relics":["Burning Blood","White Beast Statue","Tiny Chest","Potion Belt"],"acts_visited":["Exordium"],"potions_floor_usage":[],"damage_taken":[{"damage":12.0,"enemies":"Jaw Worm","floor":1.0,"turns":5.0},{"damage":4.0,"enemies":"Small Slimes","floor":3.0,"turns":3.0},{"damage":0.0,"enemies":"Cultist","floor":4.0,"turns":3.0},{"damage":0.0,"enemies":"Large Slime","floor":5.0,"turns":6.0},{"damage":32.0,"enemies":"Lagavulin","floor":6.0,"turns":6.0},{"damage":38.0,"enemies":"3 Sentries","floor":8.0,"turns":12.0},{"damage":9.0,"enemies":"Blue Slaver","floor":10.0,"turns":3.0},{"damage":16,"enemies":"Gremlin Nob","floor":11,"turns":3}],"seed_played":"-2542439777812049848","potions_obtained":[{"floor":1.0,"key":"Weak Potion"},{"floor":3.0,"key":"Adrenaline Potion"},{"floor":6.0,"key":"LiquidMemories"},{"floor":8.0,"key":"Energy Potion"},{"floor":10.0,"key":"FearPotion"}],"is_trial":false,"path_per_floor":["M","$","M","M","M","E","R","E","T","M","E"],"character_chosen":"IRONCLAD","items_purchased":[],"campfire_rested":0,"item_purchase_floors":[],"current_hp_per_floor":[66,66,68,74,80,54,54,22,22,19,3,3],"gold":166,"neow_bonus":"RANDOM_EVENT","is_daily":false,"chose_seed":false,"campfire_upgraded":1,"win_rate":0.0,"timestamp":1609425354,"path_taken":["M","$","M","M","M","E","R","E","T","M","E"],"items_purchased_type":[],"build_version":"2020-12-22","purchased_purges":1,"victory":false,"max_hp_per_floor":[80,80,80,80,80,80,80,80,80,80,80,80],"card_choices":[{"not_picked":["Sentinel","Hemokinesis"],"picked":"Dropkick","floor":1.0},{"not_picked":["Ghostly Armor","Headbutt","Cleave"],"picked":"SKIP","floor":3.0},{"not_picked":["Rupture","Clash","Exhume"],"picked":"SKIP","floor":4.0},{"not_picked":["Run Through","Whirlwind","Evolve"],"picked":"SKIP","floor":5.0},{"not_picked":["Twin Strike","Uppercut"],"picked":"Bloodletting","floor":6.0},{"not_picked":["Thunderclap","Disarm"],"picked":"Second Wind","floor":8.0},{"not_picked":["Headbutt","Replay:Undeath\u0027s Touch","Sword Boomerang"],"picked":"SKIP","floor":10.0}],"player_experience":386305,"relics_obtained":[{"floor":6.0,"key":"White Beast Statue"},{"floor":8.0,"key":"Tiny Chest"},{"floor":9.0,"key":"Potion Belt"}],"event_choices":[],"is_beta":false,"boss_relics":[],"items_purged_floors":[2],"is_endless":false,"potions_floor_spawned":[1,3,6,8,10],"killed_by":"Gremlin Nob","ascension_level":10}}