{"host":"u7lm8z2rvb4dg2oo","time":1609386792,"event":{"mods":["AchievementEnabler","BaseMod","Colored Map","Colored Powertips","Curses Come First","Googly Eyes","Highlight Path","Minty Spire (QoL Compilation)","Quick Restart","StSLib"],"gold_per_floor":[110,110,110,130,80,80,80,80,104,104,164,164,164,180,180,277,277,288,304,32,0,20,20,40,40,117,117,117,131,131,146,146,243,243,262,262,282,296,307,307,325,351,351,383,335,354,71,85,85,85,85],"floor_reached":50,"playtime":4263,"items_purged":["Strike_P"],"score":650,"play_id":"57f2425b-25cc-4e8e-b533-d0423988c3cc","local_time":"20201230225312","is_ascension_mode":true,"campfire_choices":[{"data":"Eruption","floor":6.0,"key":"SMITH"},{"floor":8.0,"key":"RECALL"},{"data":"WheelKick","floor":10.0,"key":"SMITH"},{"data":"Perseverance","floor":13.0,"key":"SMITH"},{"data":"CarveReality","floor":15.0,"key":"SMITH"},{"data":"Ragnarok","floor":23.0,"key":"SMITH"},{"data":"FollowUp","floor":25.0,"key":"SMITH"},{"data":"CutThroughFate","floor":27.0,"key":"SMITH"},{"data":"EmptyMind","floor":32.0,"key":"SMITH"},{"floor":40,"key":"REST"},{"floor":49,"key":"REST"}],"circlet_count":0,"master_deck":["Defend_P","Defend_P","Defend_P","Defend_P","Eruption+1","Vigilance","Perseverance+1","WheelKick+1","CutThroughFate+1","Consecrate","CarveReality+1","Ragnarok+1","Conclude","FollowUp+1","FlurryOfBlows","FlurryOfBlows","EmptyMind+1","SpiritShield","WreathOfFlame+1","FlurryOfBlows+1","Adaptation+1","Fasting2","Omniscience","CrushJoints+1","SandsOfTime+1"],"relics":["HolyWater","Juzu Bracelet","Sundial","Oddly Smooth Stone","Anchor","Snecko Eye","Bottled Lightning","Blue Candle","CaptainsWheel","Pen Nib"],"acts_visited":[],"potions_floor_usage":[41,42,44,44,44,44,48,50,50],"damage_taken":[{"damage":2.0,"enemies":"Cultist","floor":1.0,"turns":3.0},{"damage":0.0,"enemies":"2 Louse","floor":4.0,"turns":2.0},{"damage":11.0,"enemies":"3 Sentries","floor":11.0,"turns":4.0},{"damage":0.0,"enemies":"Jaw Worm","floor":14.0,"turns":2.0},{"damage":0.0,"enemies":"Slime Boss","floor":16.0,"turns":3.0},{"damage":0.0,"enemies":"Spheric Guardian","floor":18.0,"turns":2.0},{"damage":0.0,"enemies":"3 Byrds","floor":19.0,"turns":3.0},{"damage":6.0,"enemies":"3 Cultists","floor":22.0,"turns":3.0},{"damage":0.0,"enemies":"Snake Plant","floor":24.0,"turns":1.0},{"damage":0.0,"enemies":"Centurion and Healer","floor":29.0,"turns":2.0},{"damage":0.0,"enemies":"Snecko","floor":31.0,"turns":2.0},{"damage":31.0,"enemies":"Champ","floor":33.0,"turns":9.0},{"damage":0.0,"enemies":"Orb Walker","floor":35.0,"turns":3.0},{"damage":24.0,"enemies":"3 Darklings","floor":37.0,"turns":3.0},{"damage":0,"enemies":"Transient","floor":38,"turns":5},{"damage":0,"enemies":"Sphere and 2 Shapes","floor":39,"turns":2},{"damage":11,"enemies":"Spire Growth","floor":41,"turns":3},{"damage":16,"enemies":"Nemesis","floor":42,"turns":5},{"damage":16,"enemies":"Reptomancer","floor":44,"turns":5},{"damage":13,"enemies":"4 Shapes","floor":46,"turns":3},{"damage":8,"enemies":"Transient","floor":48,"turns":5},{"damage":48,"enemies":"Time Eater","floor":50,"turns":5}],"seed_played":"2329322991895647401","potions_obtained":[{"floor":1.0,"key":"LiquidMemories"},{"floor":11.0,"key":"PowerPotion"},{"floor":18.0,"key":"SneckoOil"},{"floor":19.0,"key":"StancePotion"},{"floor":29.0,"key":"DistilledChaos"},{"floor":38,"key":"AttackPotion"},{"floor":41,"key":"Ambrosia"},{"floor":42,"key":"EntropicBrew"}],"is_trial":false,"path_per_floor":["M","?","$","M","?","R","$","R","T","R","?","?","R","M","R","B",null,"M","M","$","?","M","R","M","R","T","R","?","M","$","M","R","B",null,"M","?","M","M","M","R","M","E","T","E","$","M","$","M","R","B"],"character_chosen":"WATCHER","items_purchased":["Anchor","FlurryOfBlows","Dexterity Potion","DuplicationPotion","AttackPotion","Pen Nib"],"campfire_rested":2,"item_purchase_floors":[20,20,45,47,47,47],"current_hp_per_floor":[70,70,70,70,70,70,70,70,70,70,59,47,47,47,47,47,72,72,72,72,72,66,66,66,66,66,66,66,66,66,66,66,35,72,72,72,48,48,48,69,58,42,42,26,26,13,13,5,26,0,0],"gold":85,"neow_bonus":"TRANSFORM_CARD","is_daily":false,"chose_seed":false,"campfire_upgraded":8,"win_rate":0.0,"timestamp":1609386792,"path_taken":["M","?","$","M","?","R","?","R","T","R","?","?","R","M","R","BOSS","M","M","$","?","M","R","M","R","T","R","?","M","?","M","R","BOSS","M","?","M","M","M","R","M","E","T","E","$","M","$","M","R","BOSS"],"items_purchased_type":["Relic","Card","Potion","Potion","Potion","Relic"],"build_version":"2020-12-22","purchased_purges":1,"victory":false,"max_hp_per_floor":[72,72,72,72,72,72,72,72,72,72,72,72,72,72,72,72,72,72,72,72,72,72,72,72,72,72,72,72,72,72,72,72,72,72,72,72,72,72,72,72,72,72,72,72,72,72,72,72,72,72,72],"card_choices":[{"not_picked":["Study","CutThroughFate"],"picked":"WheelKick","floor":1.0},{"not_picked":["SashWhip","Halt"],"picked":"CutThroughFate","floor":4.0},{"not_picked":["Nirvana","FlyingSleeves"],"picked":"Consecrate","floor":11.0},{"not_picked":["EmptyBody","JustLucky"],"picked":"CarveReality","floor":14.0},{"not_picked":["DeusExMachina","Blasphemy"],"picked":"Ragnarok","floor":16.0},{"not_picked":["Consecrate","Indignation+1"],"picked":"Conclude","floor":18.0},{"not_picked":["Evaluate+1","InnerPeace"],"picked":"FollowUp","floor":19.0},{"not_picked":["Evaluate+1","SashWhip"],"picked":"FlurryOfBlows","floor":22.0},{"not_picked":["FlyingSleeves","Scrawl"],"picked":"EmptyMind","floor":24.0},{"not_picked":["CutThroughFate","Indignation","JustLucky"],"picked":"SKIP","floor":29.0},{"not_picked":["BowlingBash","ClearTheMind","FearNoEvil"],"picked":"SKIP","floor":31.0},{"not_picked":["ConjureBlade","Alpha"],"picked":"SpiritShield","floor":33.0},{"not_picked":["BowlingBash+1","Indignation"],"picked":"WreathOfFlame+1","floor":35.0},{"not_picked":["CutThroughFate","LikeWater+1"],"picked":"FlurryOfBlows+1","floor":37.0},{"not_picked":["Collect+1","FlurryOfBlows"],"picked":"Adaptation+1","floor":38},{"not_picked":["ThirdEye+1","JustLucky+1"],"picked":"Fasting2","floor":39},{"not_picked":["Establishment","JustLucky","ClearTheMind+1"],"picked":"SKIP","floor":41},{"not_picked":["FollowUp","CutThroughFate"],"picked":"Omniscience","floor":42},{"not_picked":["DeceiveReality","Halt"],"picked":"CrushJoints+1","floor":44},{"not_picked":["PathToVictory+1","SashWhip+1","SignatureMove+1"],"picked":"SKIP","floor":46},{"not_picked":["CutThroughFate","Crescendo+1"],"picked":"SandsOfTime+1","floor":48}],"player_experience":1004888,"relics_obtained":[{"floor":9.0,"key":"Juzu Bracelet"},{"floor":42,"key":"Bottled Lightning"},{"floor":43,"key":"Blue Candle"},{"floor":44,"key":"CaptainsWheel"}],"event_choices":[{"damage_healed":0.0,"max_hp_gain":0.0,"max_hp_loss":0.0,"gold_gain":0.0,"event_name":"Liars Game","player_choice":"Ignored","floor":2.0,"gold_loss":0.0,"damage_taken":0.0},{"cards_removed":["Strike_P"],"damage_healed":0.0,"max_hp_gain":0.0,"max_hp_loss":0.0,"gold_gain":0.0,"event_name":"The Cleric","player_choice":"Card Removal","floor":5.0,"gold_loss":50.0,"damage_taken":0.0},{"damage_healed":0.0,"max_hp_gain":0.0,"max_hp_loss":0.0,"gold_gain":0.0,"event_name":"Dead Adventurer","player_choice":"Searched \u00272\u0027 times","floor":11.0,"gold_loss":0.0,"damage_taken":0.0,"relics_obtained":["Sundial"]},{"damage_healed":0.0,"max_hp_gain":0.0,"max_hp_loss":0.0,"gold_gain":0.0,"event_name":"Scrap Ooze","player_choice":"Success","floor":12.0,"gold_loss":0.0,"damage_taken":12.0,"relics_obtained":["Oddly Smooth Stone"]},{"damage_healed":0.0,"max_hp_gain":0.0,"max_hp_loss":0.0,"gold_gain":0.0,"event_name":"Masked Bandits","player_choice":"Paid Fearfully","floor":21.0,"gold_loss":32.0,"damage_taken":0.0},{"cards_removed":["Strike_P"],"damage_healed":0.0,"max_hp_gain":0.0,"max_hp_loss":0.0,"gold_gain":0.0,"event_name":"Back to Basics","player_choice":"Elegance","floor":28.0,"gold_loss":0.0,"damage_taken":0.0},{"damage_healed":0.0,"max_hp_gain":0.0,"max_hp_loss":0.0,"gold_gain":0.0,"event_name":"SecretPortal","player_choice":"Ignored","floor":36.0,"gold_loss":0.0,"damage_taken":0.0}],"is_beta":false,"boss_relics":[{"not_picked":["Velvet Choker","Tiny House"],"picked":"HolyWater"},{"not_picked":["Empty Cage","Philosopher\u0027s Stone"],"picked":"Snecko Eye"}],"items_purged_floors":[20],"is_endless":false,"potions_floor_spawned":[1,11,18,19,29,38,41,42],"killed_by":"Time Eater","ascension_level":4}}