{"host":"m6aaltr68g9tvoay","time":1609411626,"event":{"mods":["AchievementEnabler","BaseMod","Colored Map","Minty Spire (QoL Compilation)","StSLib"],"gold_per_floor":[110,123,48,48,58,58,93,113,136,136,136,155,155,173,173,245,245,265,157,207,38,38,38,56,56,56,56,56],"floor_reached":27,"playtime":791,"items_purged":[],"score":401,"play_id":"615450d0-6439-47f8-840f-1da7ab8526ff","local_time":"20201231024706","is_ascension_mode":true,"campfire_choices":[{"data":"Searing Blow","floor":6,"key":"SMITH"},{"floor":11,"key":"REST"},{"floor":15,"key":"REST"},{"floor":23,"key":"REST"}],"circlet_count":0,"master_deck":["AscendersBane","Strike_R","Strike_R+1","Defend_R","Defend_R+1","Defend_R","Defend_R","Bash+1","Inflame","Pummel","Searing Blow+1","Fire Breathing","Rage+1","Flex","Carnage","Feed","Bludgeon+1","Infernal Blade+1","Corruption+1","Anger","Fire Breathing","Feel No Pain+1"],"relics":["Burning Blood","Bronze Scales","Bag of Marbles","Whetstone","War Paint","Astrolabe","Strawberry","Frozen Egg 2","Oddly Smooth Stone"],"acts_visited":["Exordium","TheCity"],"potions_floor_usage":[16,16,19,24,27],"damage_taken":[{"damage":7,"enemies":"Jaw Worm","floor":1,"turns":4},{"damage":6,"enemies":"Cultist","floor":2,"turns":3},{"damage":3,"enemies":"2 Louse","floor":5,"turns":3},{"damage":32,"enemies":"Gremlin Nob","floor":7,"turns":4},{"damage":13,"enemies":"Blue Slaver","floor":8,"turns":2},{"damage":10,"enemies":"Exordium Wildlife","floor":12,"turns":4},{"damage":13,"enemies":"Exordium Thugs","floor":14,"turns":4},{"damage":47,"enemies":"The Guardian","floor":16,"turns":12},{"damage":23,"enemies":"Spheric Guardian","floor":18,"turns":4},{"damage":44,"enemies":"Shell Parasite","floor":24,"turns":6},{"damage":43,"enemies":"Gremlin Leader","floor":27,"turns":5}],"seed_played":"-4899435479851579204","potions_obtained":[{"floor":2,"key":"LiquidBronze"},{"floor":5,"key":"Dexterity Potion"},{"floor":24,"key":"Fire Potion"}],"is_trial":false,"path_per_floor":["M","M","$","?","M","R","E","M","T","?","R","M","?","M","R","B",null,"M","$","?","$","?","R","M","T","T","E"],"character_chosen":"IRONCLAD","items_purchased":["Searing Blow","EntropicBrew","Strawberry"],"campfire_rested":3,"item_purchase_floors":[3,19,21],"current_hp_per_floor":[67,67,67,67,70,70,44,37,37,37,59,55,37,30,52,11,59,42,42,42,49,49,73,35,35,35,0,0],"gold":56,"neow_bonus":"RANDOM_COMMON_RELIC","is_daily":false,"chose_seed":false,"campfire_upgraded":1,"win_rate":0.0,"timestamp":1609411626,"path_taken":["M","M","$","?","?","R","E","M","T","?","R","M","?","M","R","BOSS","M","$","?","?","?","R","?","?","T","E"],"items_purchased_type":["Card","Potion","Relic"],"build_version":"2020-12-22","purchased_purges":0,"victory":false,"max_hp_per_floor":[75,75,75,75,75,75,75,75,75,75,75,75,75,75,75,75,75,75,75,75,82,82,82,82,82,82,82,82],"card_choices":[{"not_picked":["True Grit","Headbutt"],"picked":"Inflame","floor":1},{"not_picked":["Shrug It Off","Clash"],"picked":"Pummel","floor":2},{"not_picked":["Burning Pact","Feel No Pain"],"picked":"Fire Breathing","floor":5},{"not_picked":["Dark Embrace","Entrench","Clash"],"picked":"SKIP","floor":7},{"not_picked":["Wild Strike","Clothesline"],"picked":"Rage","floor":8},{"not_picked":["Inflame","Body Slam"],"picked":"Flex","floor":12},{"not_picked":["Warcry","Thunderclap"],"picked":"Carnage","floor":14},{"not_picked":["Demon Form","Immolate"],"picked":"Feed","floor":16},{"not_picked":["Headbutt","Inflame"],"picked":"Anger","floor":18},{"not_picked":["Armaments","Whirlwind"],"picked":"Feel No Pain+1","floor":24}],"player_experience":1326980,"relics_obtained":[{"floor":7,"key":"Bag of Marbles"},{"floor":9,"key":"Whetstone"},{"floor":25,"key":"Frozen Egg 2"},{"floor":26,"key":"Oddly Smooth Stone"}],"event_choices":[{"damage_healed":0,"gold_gain":0,"player_choice":"0 cards matched","damage_taken":0,"max_hp_gain":0,"max_hp_loss":0,"event_name":"Match and Keep!","floor":4,"gold_loss":0,"cards_obtained":[]},{"damage_healed":0,"gold_gain":0,"player_choice":"Ignored","damage_taken":0,"max_hp_gain":0,"max_hp_loss":0,"event_name":"Shining Light","floor":10,"gold_loss":0},{"damage_healed":0,"gold_gain":0,"player_choice":"Success","damage_taken":18,"relics_obtained":["War Paint"],"max_hp_gain":0,"max_hp_loss":0,"event_name":"Scrap Ooze","floor":13,"gold_loss":0},{"damage_healed":0,"gold_gain":50,"player_choice":"Pray","damage_taken":0,"max_hp_gain":0,"max_hp_loss":0,"event_name":"Golden Shrine","floor":20,"gold_loss":0},{"damage_healed":0,"gold_gain":0,"player_choice":"Copied","damage_taken":0,"max_hp_gain":0,"max_hp_loss":0,"event_name":"Duplicator","floor":22,"gold_loss":0,"cards_obtained":["Fire Breathing"]}],"is_beta":false,"boss_relics":[{"not_picked":["Snecko Eye","Sozu"],"picked":"Astrolabe"}],"items_purged_floors":[],"is_endless":false,"potions_floor_spawned":[2,5,7,24],"killed_by":"Gremlin Leader","ascension_level":18}}