{"host":"l2y2hf5oty1xxg4a","time":1609385837,"event":{"mods":["BaseMod","Minty Spire (QoL Compilation)","Relic Stats","Slay-I"],"gold_per_floor":[110,122,141,161,111,111,142,142,142,142,176,176,192,204,204,307,307,321,321,321,334,346,380,90,124,124,143,155,155,181,81,81,183,183,193,211,211,122,134,163,175,200,225,237,254,289,289,62,62,62,62,62,12,39,39],"floor_reached":56,"playtime":2192,"items_purged":["Strike_R","Strike_R","Defend_R","Defend_R"],"score":1365,"play_id":"ae1d8208-b027-4ccd-a9c4-d87a15d83f7e","local_time":"20201230193717","is_ascension_mode":true,"campfire_choices":[{"data":"Shockwave","floor":6,"key":"SMITH"},{"data":"Flame Barrier","floor":8,"key":"SMITH"},{"data":"Iron Wave","floor":10,"key":"SMITH"},{"data":"Iron Wave","floor":15,"key":"SMITH"},{"floor":29,"key":"REST"},{"floor":32,"key":"RECALL"},{"floor":47,"key":"REST"},{"floor":49,"key":"REST"},{"floor":52,"key":"REST"}],"circlet_count":0,"master_deck":["Defend_R+1","Defend_R","Bash","Cleave","Iron Wave+1","Iron Wave+1","Shockwave+1","Flame Barrier+1","Wild Strike","Shrug It Off+1","Immolate","J.A.X.","Spot Weakness","Metallicize+1","Dropkick+1","Limit Break","Inflame","Disarm","Demon Form","True Grit+1","Heavy Blade+1","Flame Barrier+1","Apotheosis"],"relics":["Burning Blood","Gremlin Horn","Paper Frog","Fusion Hammer","Regal Pillow","OrangePellets","Red Mask","Vajra","Potion Belt","Velvet Choker","TungstenRod","Unceasing Top","Du-Vu Doll","Smiling Mask","War Paint","Boot"],"acts_visited":["Exordium","TheCity","TheBeyond","TheEnding"],"potions_floor_usage":[7,11,22,23,41,46,54,55,55],"damage_taken":[{"damage":3,"enemies":"Small Slimes","floor":1,"turns":3},{"damage":1,"enemies":"Cultist","floor":2,"turns":3},{"damage":2,"enemies":"2 Louse","floor":3,"turns":2},{"damage":11,"enemies":"Exordium Wildlife","floor":4,"turns":4},{"damage":17,"enemies":"Gremlin Nob","floor":7,"turns":4},{"damage":6,"enemies":"3 Sentries","floor":11,"turns":6},{"damage":0,"enemies":"3 Louse","floor":13,"turns":2},{"damage":1,"enemies":"2 Fungi Beasts","floor":14,"turns":3},{"damage":51,"enemies":"The Guardian","floor":16,"turns":12},{"damage":2,"enemies":"2 Thieves","floor":18,"turns":3},{"damage":14,"enemies":"Spheric Guardian","floor":21,"turns":4},{"damage":3,"enemies":"Cultist and Chosen","floor":22,"turns":3},{"damage":21,"enemies":"Book of Stabbing","floor":23,"turns":5},{"damage":8,"enemies":"Masked Bandits","floor":25,"turns":3},{"damage":11,"enemies":"Snake Plant","floor":27,"turns":4},{"damage":3,"enemies":"3 Cultists","floor":28,"turns":3},{"damage":13,"enemies":"Gremlin Leader","floor":30,"turns":3},{"damage":76,"enemies":"Automaton","floor":33,"turns":9},{"damage":14,"enemies":"Orb Walker","floor":35,"turns":3},{"damage":0,"enemies":"3 Shapes","floor":36,"turns":4},{"damage":0,"enemies":"Jaw Worm Horde","floor":39,"turns":3},{"damage":3,"enemies":"Reptomancer","floor":40,"turns":5},{"damage":15,"enemies":"Maw","floor":41,"turns":7},{"damage":2,"enemies":"Nemesis","floor":42,"turns":3},{"damage":3,"enemies":"Transient","floor":44,"turns":5},{"damage":11,"enemies":"4 Shapes","floor":45,"turns":4},{"damage":10,"enemies":"Reptomancer","floor":46,"turns":4},{"damage":16,"enemies":"Time Eater","floor":50,"turns":9},{"damage":84,"enemies":"Shield and Spear","floor":54,"turns":5},{"damage":52,"enemies":"The Heart","floor":55,"turns":7}],"seed_played":"-3959771678593887077","potions_obtained":[{"floor":2,"key":"Explosive Potion"},{"floor":7,"key":"ColorlessPotion"},{"floor":13,"key":"SkillPotion"},{"floor":18,"key":"FairyPotion"},{"floor":21,"key":"BloodPotion"},{"floor":22,"key":"AttackPotion"},{"floor":28,"key":"BloodPotion"},{"floor":30,"key":"BlessingOfTheForge"},{"floor":36,"key":"PowerPotion"},{"floor":41,"key":"BlessingOfTheForge"},{"floor":44,"key":"Swift Potion"},{"floor":54,"key":"AttackPotion"}],"is_trial":false,"path_per_floor":["M","M","M","M","?","R","E","R","T","R","E","?","M","M","R","B",null,"M","?","?","M","M","E","$","?","T","M","M","R","E","$","R","B",null,"M","M","?","?","M","E","M","E","T","M","M","E","R","$","R","B",null,"R","$","E","B",null],"character_chosen":"IRONCLAD","items_purchased":["Limit Break","OrangePellets","Apotheosis"],"campfire_rested":4,"item_purchase_floors":[24,24,48],"current_hp_per_floor":[88,88,88,83,83,83,72,72,72,72,72,72,78,83,83,38,88,88,88,88,80,83,68,68,66,66,61,64,88,81,81,81,11,88,80,86,86,86,88,88,88,88,88,88,83,79,88,88,88,78,88,88,88,27,18],"gold":39,"neow_bonus":"TEN_PERCENT_HP_BONUS","is_daily":false,"chose_seed":false,"campfire_upgraded":4,"win_rate":0.0,"timestamp":1609385837,"path_taken":["M","M","M","M","?","R","E","R","T","R","E","?","M","?","R","BOSS","M","?","?","?","M","E","$","?","T","M","M","R","E","?","R","BOSS","M","M","?","?","M","E","M","E","T","M","M","E","R","$","R","BOSS","R","$","E","BOSS"],"items_purchased_type":["Card","Relic","Card"],"build_version":"2020-12-22","purchased_purges":4,"victory":true,"max_hp_per_floor":[88,88,88,88,88,88,88,88,88,88,88,88,88,88,88,88,88,88,88,88,88,88,88,88,88,88,88,88,88,88,88,88,88,88,88,88,88,88,88,88,88,88,88,88,88,88,88,88,88,88,88,88,88,88,88],"relic_stats":{"OrangePellets":[8],"Regal Pillow":0,"Gremlin Horn":[26,26],"counters":[30,135],"War Paint":["Defend_R","Shrug It Off"],"Smiling Mask":175,"Boot":[0],"obtain_stats":[{"Potion Belt":30,"Regal Pillow":23,"Gremlin Horn":7,"Vajra":26,"Velvet Choker":34,"War Paint":46,"Smiling Mask":43,"Boot":54,"Burning Blood":0,"Du-Vu Doll":42,"OrangePellets":24,"Fusion Hammer":17,"Red Mask":25,"TungstenRod":38,"Unceasing Top":40,"Paper Frog":11},{"Potion Belt":17,"Regal Pillow":13,"Gremlin Horn":5,"Vajra":14,"Velvet Choker":18,"War Paint":27,"Smiling Mask":24,"Boot":29,"Burning Blood":0,"Du-Vu Doll":24,"OrangePellets":13,"Fusion Hammer":9,"Red Mask":14,"TungstenRod":20,"Unceasing Top":22,"Paper Frog":6},{"Potion Belt":67,"Regal Pillow":54,"Gremlin Horn":16,"Vajra":57,"Velvet Choker":76,"War Paint":114,"Smiling Mask":101,"Boot":128,"Burning Blood":0,"Du-Vu Doll":101,"OrangePellets":54,"Fusion Hammer":39,"Red Mask":57,"TungstenRod":83,"Unceasing Top":91,"Paper Frog":22}],"Burning Blood":150,"TungstenRod":47,"Unceasing Top":[4]},"card_choices":[{"not_picked":["Havoc","Anger"],"picked":"Cleave","floor":1},{"not_picked":["Clash","Dropkick"],"picked":"Iron Wave","floor":2},{"not_picked":["Combust","Headbutt"],"picked":"Iron Wave","floor":3},{"not_picked":["Infernal Blade","Perfected Strike"],"picked":"Shockwave","floor":4},{"not_picked":["Sword Boomerang","Anger"],"picked":"Flame Barrier","floor":7},{"not_picked":["Rage","Juggernaut"],"picked":"Wild Strike","floor":11},{"not_picked":["Ghostly Armor","Sword Boomerang"],"picked":"Shrug It Off","floor":13},{"not_picked":["Twin Strike","Shockwave","Blood for Blood"],"picked":"SKIP","floor":14},{"not_picked":["Juggernaut","Brutality"],"picked":"Immolate","floor":16},{"not_picked":["Body Slam","Pummel","Clothesline"],"picked":"SKIP","floor":18},{"not_picked":["Sword Boomerang","Inflame"],"picked":"Spot Weakness","floor":21},{"not_picked":["Dark Embrace","Rage"],"picked":"Metallicize+1","floor":22},{"not_picked":["Cleave","Clothesline"],"picked":"Dropkick+1","floor":23},{"not_picked":["Barricade","Feel No Pain"],"picked":"Inflame","floor":25},{"not_picked":["Flame Barrier","True Grit","Dual Wield+1"],"picked":"SKIP","floor":27},{"not_picked":["Headbutt","Second Wind","Blood for Blood"],"picked":"SKIP","floor":28},{"not_picked":["Thunderclap","Warcry"],"picked":"Disarm","floor":30},{"not_picked":["Limit Break","Corruption"],"picked":"Demon Form","floor":33},{"not_picked":["Clothesline+1","Sever Soul+1"],"picked":"True Grit+1","floor":35},{"not_picked":["Cleave","Bloodletting","Burning Pact+1"],"picked":"SKIP","floor":36},{"not_picked":["Hemokinesis","Battle Trance"],"picked":"Heavy Blade+1","floor":39},{"not_picked":["Thunderclap+1","Body Slam","Heavy Blade+1"],"picked":"SKIP","floor":40},{"not_picked":["Warcry","Feel No Pain","Seeing Red+1"],"picked":"SKIP","floor":41},{"not_picked":["Inflame+1","Warcry"],"picked":"Flame Barrier+1","floor":42},{"not_picked":["Intimidate","Whirlwind+1","Bludgeon"],"picked":"SKIP","floor":44},{"not_picked":["Cleave","Heavy Blade+1","Havoc"],"picked":"SKIP","floor":45},{"not_picked":["Flex+1","Warcry+1","Havoc"],"picked":"SKIP","floor":46},{"not_picked":["Metallicize","Demon Form","Headbutt"],"picked":"SKIP","floor":54}],"player_experience":774671,"relics_obtained":[{"floor":7,"key":"Gremlin Horn"},{"floor":11,"key":"Paper Frog"},{"floor":23,"key":"Regal Pillow"},{"floor":25,"key":"Red Mask"},{"floor":26,"key":"Vajra"},{"floor":30,"key":"Potion Belt"},{"floor":40,"key":"Unceasing Top"},{"floor":42,"key":"Du-Vu Doll"},{"floor":43,"key":"Smiling Mask"},{"floor":46,"key":"War Paint"},{"floor":54,"key":"Boot"}],"event_choices":[{"cards_removed":["Strike_R"],"damage_healed":0,"gold_gain":0,"player_choice":"Card Removal","damage_taken":0,"max_hp_gain":0,"max_hp_loss":0,"event_name":"The Cleric","floor":5,"gold_loss":50},{"cards_removed":["Strike_R"],"damage_healed":0,"gold_gain":0,"player_choice":"Purged","damage_taken":0,"max_hp_gain":0,"max_hp_loss":0,"event_name":"Purifier","floor":12,"gold_loss":0},{"damage_healed":0,"gold_gain":0,"player_choice":"Obtain J.A.X.","damage_taken":0,"max_hp_gain":0,"max_hp_loss":0,"event_name":"Drug Dealer","floor":19,"gold_loss":0,"cards_obtained":["J.A.X."]},{"damage_healed":0,"gold_gain":0,"player_choice":"Full Heal","damage_taken":0,"max_hp_gain":0,"max_hp_loss":0,"event_name":"Wheel of Change","floor":20,"gold_loss":0},{"damage_healed":0,"gold_gain":0,"player_choice":"Fought Bandits","damage_taken":0,"max_hp_gain":0,"max_hp_loss":0,"event_name":"Masked Bandits","floor":25,"gold_loss":0},{"cards_removed":["Strike_R"],"damage_healed":0,"gold_gain":0,"player_choice":"Removed Attack","damage_taken":0,"max_hp_gain":0,"max_hp_loss":0,"event_name":"Falling","floor":37,"gold_loss":0},{"damage_healed":0,"gold_gain":0,"player_choice":"Paid Gold","damage_taken":0,"relics_obtained":["TungstenRod"],"max_hp_gain":0,"max_hp_loss":0,"event_name":"WeMeetAgain","floor":38,"gold_loss":89}],"is_beta":false,"boss_relics":[{"not_picked":["Empty Cage","Pandora\u0027s Box"],"picked":"Fusion Hammer"},{"not_picked":["Black Blood","Sozu"],"picked":"Velvet Choker"}],"items_purged_floors":[24,31,48,53],"is_endless":false,"potions_floor_spawned":[2,7,13,18,21,22,28,30,36,41,42,44,54],"ascension_level":1}}