{"host":"0tiuc76yumknr6qf","time":1609374553,"event":{"mods":["BaseMod","Highlight Path","Minty Spire (QoL Compilation)","StSLib","The Runesmith"],"gold_per_floor":[113,113,40,40,57,89,104,138,206,206,206,220,220,245,245,364,364,385,140,140,165,8,39,39,39,92,92,125,148,482,482,482,605,605,625,639,657,657,657,657,682,722,745,284,284,284,38,61,61,61,61,61,9,47,47,47],"floor_reached":55,"playtime":9610,"items_purged":[],"score":761,"play_id":"8feb99b6-cc5b-4b0a-9bd3-ba2ac8ecab32","local_time":"20201230182913","is_ascension_mode":false,"campfire_choices":[{"data":"Runesmith:WhiteBalance","floor":10.0,"key":"SMITH"},{"data":"Runesmith:EnergizedChisel","floor":11.0,"key":"SMITH"},{"data":"Runesmith:HeatExchange","floor":15.0,"key":"SMITH"},{"data":"Runesmith:HammerAndChisel","floor":27.0,"key":"SMITH"},{"data":"Runesmith:LightningRod","floor":32.0,"key":"SMITH"},{"floor":40.0,"key":"RECALL"},{"data":"Runesmith:PoweredAnvil","floor":49,"key":"SMITH"},{"data":"Apotheosis","floor":52,"key":"SMITH"}],"circlet_count":0,"master_deck":["Runesmith:Strike_RS","Runesmith:Strike_RS","Runesmith:Strike_RS","Runesmith:Defend_RS","Runesmith:Defend_RS","Runesmith:Defend_RS","Runesmith:Defend_RS","Runesmith:CraftFirestone","Runesmith:Fortify","Runesmith:GoWithTheFlow","Runesmith:Permafrost+1","Runesmith:Firestorm","Runesmith:WhiteBalance+1","Runesmith:EnergizedChisel+1","Runesmith:HammerAndChisel+1","Runesmith:CraftProtectio","Runesmith:HeatExchange+1","Runesmith:UnlimitedPower","Runesmith:Attraction+1","Runesmith:ChaoticBlast+1","Writhe","Runesmith:EarthShield+1","Runesmith:LightningRod+1","Runesmith:ReplicatingBarrier","Runesmith:EarthShield+1","Runesmith:PoweredAnvil+1","Apotheosis+1","Runesmith:HammerThrow+1"],"relics":["Runesmith:BrokenRuby","NeowsBlessing","WingedGreaves","Tiny Chest","Eternal Feather","Meat on the Bone","Golden Idol","Philosopher\u0027s Stone","Mummified Hand","Nilry\u0027s Codex","Runesmith:MiniCore","Turnip","Shuriken","Dead Branch","Akabeko","Pear","Old Coin","Runic Pyramid","StoneCalendar","Juzu Bracelet","OrangePellets","Runesmith:Nanobots","Kunai","Ginger"],"acts_visited":["Exordium","TheCity","TheBeyond","TheEnding"],"potions_floor_usage":[54,55,55],"damage_taken":[{"damage":0.0,"enemies":"Cultist","floor":1.0,"turns":1.0},{"damage":0.0,"enemies":"2 Louse","floor":5.0,"turns":1.0},{"damage":0.0,"enemies":"3 Sentries","floor":6.0,"turns":1.0},{"damage":1.0,"enemies":"Small Slimes","floor":7.0,"turns":3.0},{"damage":33.0,"enemies":"Gremlin Nob","floor":8.0,"turns":5.0},{"damage":5.0,"enemies":"Blue Slaver","floor":12.0,"turns":4.0},{"damage":4.0,"enemies":"2 Fungi Beasts","floor":14.0,"turns":4.0},{"damage":20.0,"enemies":"The Guardian","floor":16.0,"turns":10.0},{"damage":15.0,"enemies":"Spheric Guardian","floor":18.0,"turns":5.0},{"damage":9.0,"enemies":"Chosen","floor":21.0,"turns":5.0},{"damage":7.0,"enemies":"Book of Stabbing","floor":23.0,"turns":6.0},{"damage":31.0,"enemies":"Gremlin Leader","floor":28.0,"turns":6.0},{"damage":8.0,"enemies":"Snecko","floor":29.0,"turns":5.0},{"damage":25.0,"enemies":"Slavers","floor":30.0,"turns":4.0},{"damage":13.0,"enemies":"Champ","floor":33.0,"turns":9.0},{"damage":11.0,"enemies":"Orb Walker","floor":35.0,"turns":3.0},{"damage":4.0,"enemies":"3 Darklings","floor":36.0,"turns":4.0},{"damage":27.0,"enemies":"4 Shapes","floor":37.0,"turns":5.0},{"damage":0.0,"enemies":"Maw","floor":41.0,"turns":8.0},{"damage":1,"enemies":"Giant Head","floor":42,"turns":11},{"damage":0,"enemies":"Spire Growth","floor":48,"turns":5},{"damage":66,"enemies":"Time Eater","floor":50,"turns":13},{"damage":27,"enemies":"Shield and Spear","floor":54,"turns":7},{"damage":75,"enemies":"The Heart","floor":55,"turns":5}],"seed_played":"-8479546699698313322","potions_obtained":[{"floor":1.0,"key":"Fire Potion"},{"floor":7.0,"key":"SpeedPotion"},{"floor":12.0,"key":"CultistPotion"},{"floor":37.0,"key":"Strength Potion"},{"floor":42,"key":"ColorlessPotion"}],"is_trial":false,"path_per_floor":["M","?","$","?","M","E","M","E","T","R","R","M","?","M","R","B",null,"M","$","?","M","$","E","?","T","T","R","E","M","E","?","R","B",null,"M","M","M","?","T","R","M","E","T","$","?","?","$","M","R","B",null,"R","$","E","B"],"character_chosen":"RUNESMITH_CLASS","items_purchased":["Runesmith:Permafrost","Mummified Hand","Runesmith:MiniCore","OrangePellets","Runesmith:Nanobots","Runesmith:PoweredAnvil","Kunai","SkillPotion"],"campfire_rested":0,"item_purchase_floors":[3,19,22,44,44,44,47,53],"current_hp_per_floor":[70,45,45,45,45,45,44,11,11,20,29,36,36,44,53,33,65,50,50,34,37,37,42,42,42,42,54,45,49,36,36,48,47,75,64,60,45,45,45,60,60,59,59,59,59,59,59,59,74,20,75,75,75,48,0,0],"gold":47,"neow_bonus":"THREE_ENEMY_KILL","is_daily":false,"chose_seed":false,"campfire_upgraded":7,"win_rate":0.0,"timestamp":1609374553,"path_taken":["M","?","$","?","M","E","M","E","T","R","R","M","?","M","R","BOSS","M","$","?","M","$","E","?","?","T","R","E","M","E","?","R","BOSS","M","?","M","?","?","R","M","E","T","$","?","?","$","M","R","BOSS","R","$","E","BOSS"],"items_purchased_type":["Card","Relic","Relic","Relic","Relic","Card","Relic","Potion"],"build_version":"2020-12-22","purchased_purges":0,"victory":false,"max_hp_per_floor":[70,70,70,70,70,70,70,70,70,70,70,70,65,65,65,65,65,65,65,65,65,65,65,65,65,65,65,75,75,75,75,75,75,75,75,75,75,75,75,75,75,75,75,75,75,75,75,75,75,75,75,75,75,75,75,75],"card_choices":[{"not_picked":["Runesmith:StaticCage","Runesmith:RuneHurl"],"picked":"Runesmith:GoWithTheFlow","floor":1.0},{"not_picked":["Runesmith:StaticCage","Runesmith:RuneHurl"],"picked":"Runesmith:Firestorm","floor":5.0},{"not_picked":["Runesmith:Overpower","Runesmith:Augment"],"picked":"Runesmith:WhiteBalance","floor":6.0},{"not_picked":["Runesmith:HammerTime","Runesmith:UnstableHammer"],"picked":"Runesmith:EnergizedChisel","floor":7.0},{"not_picked":["Runesmith:Permafrost","Runesmith:Superposition"],"picked":"Runesmith:HammerAndChisel","floor":8.0},{"not_picked":["Runesmith:ChiselStab","Runesmith:Overpower"],"picked":"Runesmith:CraftProtectio","floor":12.0},{"not_picked":["Runesmith:ChargedHammer","Runesmith:Permafrost"],"picked":"Runesmith:HeatExchange","floor":14.0},{"not_picked":["Runesmith:LastStand","Runesmith:Supernova"],"picked":"Runesmith:UnlimitedPower","floor":16.0},{"not_picked":["Runesmith:Refine","Runesmith:Discharge"],"picked":"Runesmith:Attraction+1","floor":18.0},{"not_picked":["Runesmith:EnergizedChisel","Runesmith:BackupBattery","Runesmith:HammerAndChisel+1"],"picked":"SKIP","floor":21.0},{"not_picked":["Runesmith:ChiselStab","Runesmith:HammerThrow"],"picked":"Runesmith:ChaoticBlast+1","floor":23.0},{"not_picked":["Runesmith:CraftSpiculum","Runesmith:ShiftingStrike+1"],"picked":"Runesmith:EarthShield+1","floor":28.0},{"not_picked":["Runesmith:EnergizedChisel","Runesmith:FrozenChisel","Runesmith:Superposition"],"picked":"SKIP","floor":29.0},{"not_picked":["Runesmith:EnergizedChisel","Runesmith:Augment"],"picked":"Runesmith:LightningRod","floor":30.0},{"not_picked":["Runesmith:UnlimitedPower","Runesmith:LightningRod"],"picked":"Runesmith:ReplicatingBarrier","floor":33.0},{"not_picked":["Runesmith:Attraction","Runesmith:Superposition","Runesmith:HeatExchange+1"],"picked":"SKIP","floor":35.0},{"not_picked":["Runesmith:CraftProtectio+1","Runesmith:WhiteBalance","Runesmith:MakeshiftArmor"],"picked":"SKIP","floor":36.0},{"not_picked":["Runesmith:CraftProtectio","Runesmith:Repurpose+1","Runesmith:ArcReactor"],"picked":"SKIP","floor":37.0},{"not_picked":["Runesmith:FieryHammer","Runesmith:MakeshiftArmor"],"picked":"Runesmith:EarthShield+1","floor":41},{"not_picked":["Runesmith:CraftProtectio","Runesmith:FieryHammer","Runesmith:Overpower+1"],"picked":"SKIP","floor":42},{"not_picked":["Impatience","PanicButton"],"picked":"Apotheosis","floor":45},{"not_picked":["Runesmith:RuneHurl","Runesmith:CraftSpiculum"],"picked":"Runesmith:HammerThrow+1","floor":48},{"not_picked":["Runesmith:StaticCage+1","Runesmith:HeatExchange","Runesmith:Superposition"],"picked":"SKIP","floor":54}],"player_experience":1821798,"relics_obtained":[{"floor":6.0,"key":"Tiny Chest"},{"floor":8.0,"key":"Eternal Feather"},{"floor":9.0,"key":"Meat on the Bone"},{"floor":20.0,"key":"Nilry\u0027s Codex"},{"floor":23.0,"key":"Turnip"},{"floor":25.0,"key":"Dead Branch"},{"floor":26.0,"key":"Akabeko"},{"floor":28.0,"key":"Pear"},{"floor":30.0,"key":"Old Coin"},{"floor":42,"key":"StoneCalendar"},{"floor":43,"key":"Juzu Bracelet"},{"floor":54,"key":"Ginger"}],"event_choices":[{"damage_healed":0.0,"max_hp_gain":0.0,"max_hp_loss":0.0,"gold_gain":0.0,"event_name":"Scrap Ooze","player_choice":"Success","floor":2.0,"gold_loss":0.0,"damage_taken":25.0,"relics_obtained":["WingedGreaves"]},{"damage_healed":0.0,"max_hp_gain":0.0,"max_hp_loss":0.0,"gold_gain":0.0,"event_name":"Liars Game","player_choice":"Ignored","floor":4.0,"gold_loss":0.0,"damage_taken":0.0},{"damage_healed":0.0,"max_hp_gain":0.0,"max_hp_loss":5.0,"gold_gain":0.0,"event_name":"Golden Idol","player_choice":"Lose Max HP","floor":13.0,"gold_loss":0.0,"damage_taken":0.0,"relics_obtained":["Golden Idol"]},{"damage_healed":0.0,"max_hp_gain":0.0,"max_hp_loss":0.0,"gold_gain":0.0,"event_name":"Cursed Tome","player_choice":"Obtained Book","floor":20.0,"gold_loss":0.0,"damage_taken":16.0},{"damage_healed":0.0,"max_hp_gain":0.0,"max_hp_loss":0.0,"gold_gain":0.0,"event_name":"The Mausoleum","player_choice":"Opened","floor":24.0,"gold_loss":0.0,"damage_taken":0.0,"relics_obtained":["Shuriken"],"cards_obtained":["Writhe"]},{"damage_healed":0.0,"max_hp_gain":0.0,"max_hp_loss":0.0,"gold_gain":0.0,"event_name":"Accursed Blacksmith","player_choice":"Forge","floor":31.0,"gold_loss":0.0,"damage_taken":0.0,"cards_upgraded":["Runesmith:Permafrost"]},{"damage_healed":0.0,"max_hp_gain":0.0,"max_hp_loss":0.0,"gold_gain":0.0,"event_name":"Mysterious Sphere","player_choice":"Ignored","floor":38.0,"gold_loss":0.0,"damage_taken":0.0},{"damage_healed":0,"gold_gain":0,"player_choice":"Memory 1","damage_taken":0,"max_hp_gain":0,"max_hp_loss":0,"event_name":"SensoryStone","floor":45,"gold_loss":0},{"cards_removed":["Runesmith:Strike_RS"],"damage_healed":0,"gold_gain":0,"player_choice":"Removed Attack","damage_taken":0,"max_hp_gain":0,"max_hp_loss":0,"event_name":"Falling","floor":46,"gold_loss":0}],"is_beta":false,"boss_relics":[{"not_picked":["Fusion Hammer","Runesmith:PocketReactor"],"picked":"Philosopher\u0027s Stone"},{"not_picked":["Cursed Key","SlaversCollar"],"picked":"Runic Pyramid"}],"items_purged_floors":[],"is_endless":false,"potions_floor_spawned":[1,7,12,16,21,37,42],"killed_by":"The Heart","ascension_level":0}}