{"host":"9pqy5lt7vda52ebm","time":1609448307,"event":{"mods":["BaseMod","Minty Spire (QoL Compilation)","Optimize The Spire","Quick Restart","StSLib","The Evolution"],"gold_per_floor":[113,124,142,160,176,209,209,237,237,265,190,201,201,211,211,311,311],"floor_reached":16,"playtime":2194,"items_purged":["evolutionmod:StrikeEvo"],"score":299,"play_id":"4b52c5e3-2c35-4e09-bfb5-f97c766dbb16","local_time":"20201231155827","is_ascension_mode":true,"campfire_choices":[{"data":"evolutionmod:PegasusDescent","floor":7.0,"key":"SMITH"},{"data":"evolutionmod:Adaptation","floor":13,"key":"SMITH"},{"data":"evolutionmod:FlameStrike","floor":15,"key":"SMITH"}],"circlet_count":0,"master_deck":["AscendersBane","evolutionmod:LoyalWarrior","evolutionmod:StrikeEvo","evolutionmod:StrikeEvo","evolutionmod:LoyalCompanion","evolutionmod:DefendEvo","evolutionmod:DefendEvo","evolutionmod:DefendEvo","evolutionmod:DefendEvo","evolutionmod:ShiftingStrike","evolutionmod:Mastery","evolutionmod:Shadowbolt","evolutionmod:PegasusDescent+1","evolutionmod:Seduce","evolutionmod:CalmTheWaters","evolutionmod:FlameStrike+1","evolutionmod:Adaptation+1","evolutionmod:Antidote","evolutionmod:SeaSerpent","evolutionmod:Broodmother"],"relics":["evolutionmod:TorisGift","Bag of Marbles","Matryoshka","Letter Opener","Tiny Chest","Pantograph"],"acts_visited":["Exordium"],"potions_floor_usage":[],"damage_taken":[{"damage":0.0,"enemies":"Cultist","floor":1.0,"turns":4.0},{"damage":9.0,"enemies":"Jaw Worm","floor":2.0,"turns":5.0},{"damage":0.0,"enemies":"2 Louse","floor":3.0,"turns":3.0},{"damage":22.0,"enemies":"Lots of Slimes","floor":4.0,"turns":6.0},{"damage":4.0,"enemies":"Looter","floor":5.0,"turns":3.0},{"damage":9.0,"enemies":"3 Sentries","floor":6.0,"turns":8.0},{"damage":0.0,"enemies":"Gremlin Nob","floor":8.0,"turns":2.0},{"damage":4.0,"enemies":"3 Sentries","floor":10.0,"turns":7.0},{"damage":0,"enemies":"Gremlin Gang","floor":12,"turns":4},{"damage":0,"enemies":"Blue Slaver","floor":14,"turns":4},{"damage":27,"enemies":"Slime Boss","floor":16,"turns":7}],"seed_played":"-2448144041223781841","potions_obtained":[{"floor":1.0,"key":"DuplicationPotion"},{"floor":2.0,"key":"Block Potion"},{"floor":5.0,"key":"SteroidPotion"},{"floor":14,"key":"Regen Potion"}],"is_trial":false,"path_per_floor":["M","M","M","M","M","E","R","E","T","E","$","M","R","M","R","B"],"character_chosen":"EVOLUTION_CLASS","items_purchased":[],"campfire_rested":0,"item_purchase_floors":[],"current_hp_per_floor":[69,60,60,38,34,25,25,25,25,21,21,21,21,30,30,28,28],"gold":311,"neow_bonus":"TRANSFORM_CARD","is_daily":false,"chose_seed":false,"campfire_upgraded":3,"win_rate":0.0,"timestamp":1609448307,"path_taken":["M","M","M","M","M","E","R","E","T","E","$","M","R","M","R","BOSS"],"items_purchased_type":[],"build_version":"2020-12-22","purchased_purges":1,"victory":false,"max_hp_per_floor":[77,77,77,77,77,77,77,77,77,77,77,77,77,77,77,77,77],"card_choices":[{"not_picked":["evolutionmod:TalonStrike","evolutionmod:CrystalDust"],"picked":"evolutionmod:Mastery","floor":1.0},{"not_picked":["evolutionmod:ClawSlash","evolutionmod:Treasure"],"picked":"evolutionmod:Shadowbolt","floor":2.0},{"not_picked":["evolutionmod:Hatch","evolutionmod:PoisonFangs"],"picked":"evolutionmod:PegasusDescent","floor":3.0},{"not_picked":["evolutionmod:ChimeraDefense","evolutionmod:Aphrodisiac"],"picked":"evolutionmod:Seduce","floor":4.0},{"not_picked":["evolutionmod:Shadowbolt","evolutionmod:BlackCat"],"picked":"evolutionmod:CalmTheWaters","floor":5.0},{"not_picked":["evolutionmod:Antidote","evolutionmod:Dive"],"picked":"evolutionmod:FlameStrike","floor":6.0},{"not_picked":["evolutionmod:FireAnts","evolutionmod:ShiftingStrike","evolutionmod:Barkskin"],"picked":"SKIP","floor":8.0},{"not_picked":["evolutionmod:CalmTheWaters","evolutionmod:Grow"],"picked":"evolutionmod:Adaptation","floor":10.0},{"not_picked":["evolutionmod:Shadowbolt","evolutionmod:Barkskin"],"picked":"evolutionmod:Antidote","floor":12},{"not_picked":["evolutionmod:ShiftingPower","evolutionmod:TalonStrike"],"picked":"evolutionmod:SeaSerpent","floor":14},{"not_picked":["evolutionmod:FeatherStorm","evolutionmod:GodForm"],"picked":"evolutionmod:Broodmother","floor":16}],"player_experience":810651,"relics_obtained":[{"floor":6.0,"key":"Bag of Marbles"},{"floor":8.0,"key":"Matryoshka"},{"floor":9.0,"key":"Letter Opener"},{"floor":9.0,"key":"Tiny Chest"},{"floor":10.0,"key":"Pantograph"}],"event_choices":[],"is_beta":false,"boss_relics":[],"items_purged_floors":[11],"is_endless":false,"potions_floor_spawned":[1,2,5,14],"killed_by":"Slime Boss","ascension_level":10}}