{"host":"x7xd4wkamhrqrrvw","time":1609449770,"event":{"mods":["BaseMod","Minty Spire (QoL Compilation)","StSLib"],"gold_per_floor":[109,121,81,99,118,145,192,192,192,206,206,206,222,222,222],"floor_reached":14,"playtime":311,"items_purged":[],"score":129,"play_id":"b7a22bae-799d-4369-896a-967afb99d20e","local_time":"20201231192250","is_ascension_mode":true,"campfire_choices":[{"data":"PathToVictory","floor":8,"key":"SMITH"}],"circlet_count":0,"master_deck":["Strike_P","Strike_P","Strike_P","Defend_P","Defend_P","Defend_P","Defend_P","Eruption","Vigilance","PathToVictory+1","ForeignInfluence"],"relics":["PureWater","NeowsBlessing","Shuriken","Happy Flower","Mummified Hand"],"acts_visited":["Exordium"],"potions_floor_usage":[6,6,13,14],"damage_taken":[{"damage":0,"enemies":"Cultist","floor":1,"turns":1},{"damage":0,"enemies":"Small Slimes","floor":2,"turns":1},{"damage":0,"enemies":"Jaw Worm","floor":4,"turns":1},{"damage":3,"enemies":"Blue Slaver","floor":5,"turns":4},{"damage":39,"enemies":"Lagavulin","floor":6,"turns":9},{"damage":19,"enemies":"Large Slime","floor":10,"turns":5},{"damage":3,"enemies":"Exordium Thugs","floor":13,"turns":3},{"damage":15,"enemies":"3 Sentries","floor":14,"turns":1}],"seed_played":"-1193068972397214557","potions_obtained":[{"floor":3,"key":"Regen Potion"},{"floor":3,"key":"Ancient Potion"},{"floor":3,"key":"SkillPotion"},{"floor":10,"key":"Explosive Potion"},{"floor":13,"key":"Fire Potion"}],"is_trial":false,"path_per_floor":["M","M","?","M","M","E","T","R","T","M","?","?","M","E"],"character_chosen":"WATCHER","items_purchased":[],"campfire_rested":0,"item_purchase_floors":[],"current_hp_per_floor":[65,65,65,65,62,36,36,36,36,17,17,17,14,0,0],"gold":222,"neow_bonus":"THREE_ENEMY_KILL","is_daily":false,"chose_seed":false,"campfire_upgraded":1,"win_rate":0.0,"timestamp":1609449770,"path_taken":["M","?","?","?","?","E","?","R","T","M","?","?","M","E"],"items_purchased_type":[],"build_version":"2020-12-22","purchased_purges":0,"victory":false,"max_hp_per_floor":[72,72,72,72,72,72,72,72,72,72,72,72,72,72,72],"card_choices":[{"not_picked":["JustLucky","Crescendo"],"picked":"PathToVictory","floor":1},{"not_picked":["CutThroughFate","EmptyBody","FlurryOfBlows"],"picked":"SKIP","floor":2},{"not_picked":["FlurryOfBlows","TalkToTheHand","Crescendo"],"picked":"SKIP","floor":4},{"not_picked":["MasterReality","CrushJoints","EmptyFist"],"picked":"SKIP","floor":5},{"not_picked":["CrushJoints","BowlingBash","FollowUp"],"picked":"SKIP","floor":6},{"not_picked":["WheelKick","Protect","Swivel"],"picked":"SKIP","floor":10},{"not_picked":["FollowUp","Establishment"],"picked":"ForeignInfluence","floor":13}],"player_experience":259279,"relics_obtained":[{"floor":6,"key":"Shuriken"},{"floor":7,"key":"Happy Flower"},{"floor":9,"key":"Mummified Hand"}],"event_choices":[{"damage_healed":0,"gold_gain":0,"player_choice":"Bought 3 Potions","damage_taken":0,"max_hp_gain":0,"max_hp_loss":0,"event_name":"The Woman in Blue","floor":3,"gold_loss":0},{"damage_healed":0,"gold_gain":0,"player_choice":"Ignored","damage_taken":0,"max_hp_gain":0,"max_hp_loss":0,"event_name":"Liars Game","floor":11,"gold_loss":0},{"cards_removed":["Strike_P"],"damage_healed":0,"gold_gain":0,"player_choice":"Offered Basic","damage_taken":0,"max_hp_gain":0,"max_hp_loss":0,"event_name":"Bonfire Elementals","floor":12,"gold_loss":0}],"is_beta":false,"boss_relics":[],"items_purged_floors":[],"is_endless":false,"potions_floor_spawned":[5,10,13],"killed_by":"3 Sentries","ascension_level":8}}