{"host":"lp5suj4qfo87o7ru","time":1609432776,"event":{"mods":["ATMod(°¢èªMod)","BaseMod","Minty Spire (QoL Compilation)","MostiFishMod","StSLib","¡¾ÒÅÎï¿¨ÅÆ¡¿REMEMod"],"gold_per_floor":[119,135,135,153,153,185,185,185,185,185,202,127,160,206,206,323,323,351,376,397,33,64,64,94,140,140,239,239,56,56,91,91,237,237,263,243,29,62,88,175,306,306,306,423,516,516,68,151,151,224],"floor_reached":51,"playtime":4261,"items_purged":["Regret"],"score":1090,"play_id":"adb66800-f31b-4826-a28f-dd6d9ea8394b","local_time":"20210101003936","is_ascension_mode":false,"campfire_choices":[{"data":"AT_FamilyPortrait","floor":10.0,"key":"SMITH"},{"data":"MostiFishMod:PoisonShield","floor":15.0,"key":"SMITH"},{"data":"MostiFishMod:MusicBox","floor":23,"key":"SMITH"},{"data":"MostiFishMod:WinterMarkForm","floor":32,"key":"SMITH"},{"data":"MostiFishMod:GrandStart","floor":42,"key":"SMITH"},{"data":"MostiFishMod:FrostNova","floor":46,"key":"SMITH"},{"data":"Berserk","floor":49,"key":"SMITH"}],"circlet_count":0,"master_deck":["Strike_G","Strike_G","Strike_G","Strike_G","Strike_G","Defend_G","Defend_G","Defend_G","Defend_G","Defend_G","Survivor+1","Neutralize","AT_FamilyPortrait+1","Berserk+1","MostiFishMod:PoisonShield+1","Bane","MostiFishMod:PerfectParry+1","Backstab","MostiFishMod:FrostNova+1","MostiFishMod:WinterMarkForm+1","Underhanded Strike+1","Dagger Spray+1","Poisoned Stab+1","MostiFishMod:MusicBox+1","Deadly Poison","MostiFishMod:PerfectParry+1","Bane+1","AT_ArcaneSupremacy+1","Necronomicurse","MostiFishMod:PerfectParry+1","MostiFishMod:GrandStart+1","Calculated Gamble+1","Expertise+1","Outmaneuver+1","MostiFishMod:Awakening+1","MostiFishMod:Confrontation+1","AT_OneInchPunch+1"],"relics":["Ring of the Snake","DaveBox","REME_ComplimentaryCards","AT_ATBox","BionicSphere","SynthV:TestCard","Mango","AT_SunfireAegis","Bronze Scales","AT_DeathDance","REME_ArchaeologicalTools","FrostBlade","Blood Vial","Boot","AT_BellDemon","Frozen Egg 2","Lantern","Necronomicon","Toxic Egg 2","AT_BladeRuinedKing","xbg","Tingsha","ChiLing","Chi","Ling","Kunai","AT_MibuBalloonWealth","Potion Belt","AT_TimeSand","Mercury Hourglass","ImprovedEquipment","Juzu Bracelet","Snake Skull","SynthV:C4","PrismaticShard","Dream Catcher","Question Card"],"acts_visited":["Exordium","TheCity","TheBeyond"],"potions_floor_usage":[35,40,40,41,50],"damage_taken":[{"damage":0.0,"enemies":"Cultist","floor":1.0,"turns":3.0},{"damage":0.0,"enemies":"2 Louse","floor":2.0,"turns":5.0},{"damage":0.0,"enemies":"Jaw Worm","floor":4.0,"turns":5.0},{"damage":0.0,"enemies":"Lagavulin","floor":6.0,"turns":7.0},{"damage":1.0,"enemies":"Large Slime","floor":11.0,"turns":4.0},{"damage":0.0,"enemies":"3 Sentries","floor":13.0,"turns":5.0},{"damage":0.0,"enemies":"Blue Slaver","floor":14.0,"turns":2.0},{"damage":0.0,"enemies":"The Guardian","floor":16.0,"turns":6.0},{"damage":0.0,"enemies":"Shell Parasite","floor":18.0,"turns":3.0},{"damage":0.0,"enemies":"3 Byrds","floor":19.0,"turns":3.0},{"damage":0,"enemies":"3 Cultists","floor":20,"turns":6},{"damage":0,"enemies":"Sentry and Sphere","floor":22,"turns":4},{"damage":0,"enemies":"REME_1_Revenger","floor":24,"turns":5},{"damage":0,"enemies":"Centurion and Healer","floor":25,"turns":4},{"damage":0,"enemies":"Chosen and Byrds","floor":31,"turns":3},{"damage":0,"enemies":"Champ","floor":33,"turns":5},{"damage":0,"enemies":"3 Darklings","floor":35,"turns":3},{"damage":0,"enemies":"Orb Walker","floor":38,"turns":3},{"damage":10,"enemies":"Nemesis","floor":40,"turns":3},{"damage":1,"enemies":"Jaw Worm Horde","floor":41,"turns":3},{"damage":0,"enemies":"4 Shapes","floor":44,"turns":1},{"damage":3,"enemies":"Giant Head","floor":45,"turns":5},{"damage":1,"enemies":"Nemesis","floor":48,"turns":1},{"damage":15,"enemies":"Time Eater","floor":50,"turns":4}],"seed_played":"-2328170440762765084","potions_obtained":[{"floor":4.0,"key":"Fire Potion"},{"floor":11.0,"key":"Strength Potion"},{"floor":13.0,"key":"PowerPotion"},{"floor":18.0,"key":"FearPotion"},{"floor":20,"key":"EssenceOfSteel"},{"floor":24,"key":"FearPotion"},{"floor":35,"key":"PowerPotion"},{"floor":36,"key":"Poison Potion"},{"floor":40,"key":"AttackPotion"},{"floor":41,"key":"GamblersBrew"}],"is_trial":false,"path_per_floor":["M","M","?","M","?","E","?","?","T","R","M","$","E","M","R","B",null,"M","M","M","$","M","R","E","M","T","?","?","$","?","M","R","B",null,"M","?","$","M","T","E","M","R","T","M","E","R","$","E","R","B",null],"character_chosen":"THE_SILENT","items_purchased":["MostiFishMod:MusicBox","Deadly Poison","Blood Vial","Lantern","AT_ArcaneSupremacy+1","ChiLing","Calculated Gamble+1","MostiFishMod:Awakening+1","PrismaticShard","MostiFishMod:Confrontation+1"],"campfire_rested":0,"item_purchase_floors":[21,21,21,29,29,37,37,47,47,47],"current_hp_per_floor":[77,77,84,91,91,91,91,73,73,73,72,72,72,72,72,84,91,91,91,91,91,91,91,91,91,91,91,91,91,75,77,77,79,91,91,91,91,91,91,81,82,82,82,84,83,83,83,84,84,80],"gold":224,"neow_bonus":"TEN_PERCENT_HP_BONUS","is_daily":false,"chose_seed":false,"campfire_upgraded":7,"win_rate":0.0,"timestamp":1609432776,"path_taken":["M","M","?","M","?","E","?","?","T","R","?","$","E","M","R","BOSS","M","M","M","$","M","R","E","M","T","?","?","$","?","M","R","BOSS","M","?","?","M","?","E","M","R","T","?","E","R","$","E","R","BOSS"],"items_purchased_type":["Card","Card","Relic","Relic","Card","Relic","Card","Card","Relic","Card"],"build_version":"2020-12-22","purchased_purges":1,"victory":true,"max_hp_per_floor":[77,77,91,91,91,91,91,91,91,91,91,91,91,91,91,91,91,91,91,91,91,91,91,91,91,91,91,91,91,91,91,91,91,91,91,91,91,91,91,91,91,91,91,91,91,91,91,91,91,91],"card_choices":[{"not_picked":["Sucker Punch","Deadly Poison"],"picked":"MostiFishMod:PoisonShield","floor":1.0},{"not_picked":["Flying Knee","Tactician","PiercingWail","AT_WindFlip"],"picked":"Bane","floor":2.0},{"not_picked":["Bane","Underhanded Strike","AT_WindFlip","Acrobatics"],"picked":"MostiFishMod:PerfectParry","floor":4.0},{"not_picked":["Poisoned Stab","Acrobatics","MostiFishMod:Opportunism","Blur"],"picked":"Backstab","floor":6.0},{"not_picked":["Footwork","Quick Slash","AT_WindFlip","Dagger Throw","Bane"],"picked":"SKIP","floor":11.0},{"not_picked":["Outmaneuver","Dodge and Roll","Dagger Spray","Leg Sweep","AT_WindFlip"],"picked":"SKIP","floor":13.0},{"not_picked":["Backflip","All Out Attack","Sucker Punch","Masterful Stab","Dagger Throw"],"picked":"SKIP","floor":14.0},{"not_picked":["Tools of the Trade","Malaise","MostiFishMod:Listen","AT_KingSlayer"],"picked":"MostiFishMod:FullyArmed","floor":16.0},{"not_picked":["Endless Agony","Blade Dance","MostiFishMod:PerfectParry","Slice"],"picked":"Underhanded Strike+1","floor":18.0},{"not_picked":["Sucker Punch","Deadly Poison+1","Slice","Heel Hook+1"],"picked":"Dagger Spray+1","floor":19.0},{"not_picked":["AT_ArcaneSupremacy","Deadly Poison+1","MostiFishMod:ShivMaster","AT_WindFlip"],"picked":"Poisoned Stab+1","floor":20},{"not_picked":["Prepared","Dagger Spray+1","Sucker Punch","Acrobatics"],"picked":"MostiFishMod:PerfectParry+1","floor":22},{"not_picked":["Underhanded Strike","Bane","Adrenaline","MostiFishMod:PerfectParry","Escape Plan"],"picked":"SKIP","floor":24},{"not_picked":["Quick Slash","AT_WindFlip+1","Flying Knee","AT_FocusSwordFire"],"picked":"Bane+1","floor":25},{"not_picked":["Bane","Poisoned Stab+1","Sucker Punch","Slice+1"],"picked":"MostiFishMod:PerfectParry+1","floor":31},{"not_picked":["MostiFishMod:ShivMaster+1","REME_ShadowForm+1","MostiFishMod:Dislodge+1","Doppelganger+1"],"picked":"MostiFishMod:GrandStart","floor":33},{"not_picked":["Dodge and Roll+1","Backflip+1","Flying Knee+1","Dagger Spray","Slice"],"picked":"SKIP","floor":35},{"not_picked":["Deadly Poison+1","Sucker Punch","Finisher+1","AT_Desolate+1"],"picked":"Expertise+1","floor":38},{"not_picked":["Acrobatics+1","Deflect+1","AT_FocusSwordFire+1","Infinite Blades+1","MostiFishMod:FrostNova+1"],"picked":"Outmaneuver+1","floor":40},{"not_picked":["Underhanded Strike+1","AT_ShadowStep+1","Dagger Spray","Poisoned Stab+1","AT_Desolate+1"],"picked":"SKIP","floor":41},{"not_picked":["Sucker Punch+1","Infinite Blades+1","Terror+1","Outmaneuver+1","Finisher"],"picked":"SKIP","floor":44},{"not_picked":["AT_WindFlip+1","Dodge and Roll+1","Deadly Poison+1","Flying Knee+1","Slice+1"],"picked":"SKIP","floor":45},{"not_picked":["Backflip+1","Redo+1","Study+1","Iron Wave"],"picked":"AT_OneInchPunch+1","floor":48}],"player_experience":40655,"relics_obtained":[{"floor":1.0,"key":"SynthV:TestCard"},{"floor":6.0,"key":"AT_SunfireAegis"},{"floor":9.0,"key":"AT_DeathDance"},{"floor":13.0,"key":"REME_ArchaeologicalTools"},{"floor":24,"key":"Boot"},{"floor":26,"key":"AT_BellDemon"},{"floor":30,"key":"Necronomicon"},{"floor":31,"key":"Toxic Egg 2"},{"floor":33,"key":"AT_BladeRuinedKing"},{"floor":35,"key":"Tingsha"},{"floor":38,"key":"Kunai"},{"floor":39,"key":"AT_MibuBalloonWealth"},{"floor":40,"key":"Potion Belt"},{"floor":40,"key":"AT_TimeSand"},{"floor":41,"key":"Mercury Hourglass"},{"floor":43,"key":"ImprovedEquipment"},{"floor":44,"key":"Juzu Bracelet"},{"floor":45,"key":"Snake Skull"},{"floor":45,"key":"SynthV:C4"},{"floor":48,"key":"Dream Catcher"},{"floor":48,"key":"Question Card"}],"event_choices":[{"damage_healed":0.0,"max_hp_gain":0.0,"max_hp_loss":0.0,"gold_gain":0.0,"event_name":"Scrap Ooze","player_choice":"Success","floor":3.0,"gold_loss":0.0,"damage_taken":7.0,"relics_obtained":["Mango"]},{"damage_healed":0.0,"max_hp_gain":0.0,"max_hp_loss":0.0,"gold_gain":0.0,"event_name":"Golden Wing","player_choice":"Ignored","floor":5.0,"gold_loss":0.0,"damage_taken":0.0},{"damage_healed":0.0,"max_hp_gain":0.0,"max_hp_loss":0.0,"gold_gain":0.0,"event_name":"Big Fish","player_choice":"Box","floor":7.0,"gold_loss":0.0,"damage_taken":0.0,"relics_obtained":["Bronze Scales"],"cards_obtained":["Regret"]},{"damage_healed":0.0,"max_hp_gain":0.0,"max_hp_loss":0.0,"gold_gain":0.0,"event_name":"Shining Light","player_choice":"Entered Light","floor":8.0,"gold_loss":0.0,"damage_taken":18.0,"cards_upgraded":["MostiFishMod:PerfectParry","Survivor"]},{"damage_healed":0,"gold_gain":99,"player_choice":"Stole From Cult","damage_taken":0,"max_hp_gain":0,"max_hp_loss":0,"event_name":"Nest","floor":27,"gold_loss":0},{"damage_healed":0,"gold_gain":0,"player_choice":"Opened","damage_taken":0,"relics_obtained":["Frozen Egg 2"],"max_hp_gain":0,"max_hp_loss":0,"event_name":"The Mausoleum","floor":28,"gold_loss":0},{"damage_healed":0,"gold_gain":0,"player_choice":"Obtained Book","damage_taken":16,"max_hp_gain":0,"max_hp_loss":0,"event_name":"Cursed Tome","floor":30,"gold_loss":0},{"damage_healed":0,"gold_gain":0,"player_choice":"Bought 1 Potion","damage_taken":0,"max_hp_gain":0,"max_hp_loss":0,"event_name":"The Woman in Blue","floor":36,"gold_loss":0}],"is_beta":false,"boss_relics":[{"not_picked":["TimeKeys","WristBlade"],"picked":"FrostBlade"},{"not_picked":["Velvet Choker","Sozu"],"picked":"xbg"}],"items_purged_floors":[12],"is_endless":false,"potions_floor_spawned":[4,11,13,18,20,24,35,40,41],"ascension_level":0}}