{"host":"ic2t2jxz7s3jvs1m","time":1609392407,"event":{"mods":["AchievementEnabler","Aspiration","BaseMod","Better Third Choice","Block Reminder","Colored Map","Conspire","Curses Come First","Downfall","Energized Spire","Halation","Hubris","Infinite Spire","Jess\u0027s Bottle","Minty Spire (QoL Compilation)","Quick Restart","Relic Stats","Replay The Spire","SacredBarkPlus","Small Relic Pack","StSLib","The Blue Laboratory","Trackpad","Transform Curses","Uncapped","vexMod"],"gold_per_floor":[113,113,3,17,17,17,51,71,97,126,126,126,126,142,142,243,243,255,255,255,265,265,265,295,295,295,395,395,418,420,439,439,544,644,666,666,679,681,703,703],"floor_reached":39,"playtime":3484,"items_purged":[],"score":480,"play_id":"4d92fe0d-2927-4a0c-b966-c5d0d83347c4","local_time":"20201230232647","is_ascension_mode":false,"campfire_choices":[{"data":"Replay:Bag of Tricks","floor":6.0,"key":"SMITH"},{"floor":15.0,"key":"REST"},{"floor":23.0,"key":"REST"},{"data":"Demonic Infusion","floor":25.0,"key":"SMITH"},{"data":"Poison Darts","floor":32.0,"key":"SMITH"}],"circlet_count":0,"master_deck":["Strike_R","Strike_R","Strike_R","Strike_R","Defend_R","Defend_R","Defend_R","Bash","Armaments","conspire:Charge","Metallicize","Masterful Stab","Replay:Bag of Tricks+1","Poison Darts+1","ReplayTheSpireMod:Muscle Training","ReplayTheSpireMod:Stacked","conspire:ExplosiveBarrier","Evolve","Demonic Infusion+1","Twin Strike+1","Anger+1","RitualDagger","Massacre+1","Replay:Fractal Strike","True Grit+1","infinitespire:NeuralNetwork","Heavy Blade","Berserk","Perfected Strike+1","hubris:ReadiedAction","Blood for Blood+1","Madness","Madness"],"relics":["Burning Blood","FaceOfCleric","vexMod:InvisibilityCloak","hexamod:BolsterEngine","Question Card","hubris:Towel","relicPack:DSword","halation:AfternoonTea","infinitespire:Burning Sword","hubris:ChampionShield","infinitespire:Midas Blood","Mummified Hand","Toolbox","Replay:Wanted Poster"],"acts_visited":["Exordium","TheCity","TheBeyond"],"potions_floor_usage":[39,39,39],"damage_taken":[{"damage":1.0,"enemies":"2 Louse","floor":1.0,"turns":3.0},{"damage":3.0,"enemies":"Cultist","floor":4.0,"turns":3.0},{"damage":4.0,"enemies":"Replay:BlueRogue","floor":7.0,"turns":5.0},{"damage":5.0,"enemies":"Small Slimes","floor":8.0,"turns":2.0},{"damage":11.0,"enemies":"Lagavulin","floor":10.0,"turns":4.0},{"damage":0.0,"enemies":"2 Fungi Beasts","floor":14.0,"turns":3.0},{"damage":36.0,"enemies":"Hexaghost","floor":16.0,"turns":6.0},{"damage":11.0,"enemies":"Chosen","floor":18.0,"turns":3.0},{"damage":15.0,"enemies":"Shell Parasite","floor":21.0,"turns":5.0},{"damage":16.0,"enemies":"Replay:Snechameleon","floor":24.0,"turns":6.0},{"damage":3.0,"enemies":"Centurion and Healer","floor":29.0,"turns":4.0},{"damage":1.0,"enemies":"Cultist and Chosen","floor":31.0,"turns":5.0},{"damage":9.0,"enemies":"Champ","floor":33.0,"turns":5.0},{"damage":10,"enemies":"3 Shapes","floor":35,"turns":3},{"damage":0,"enemies":"Orb Walker","floor":37,"turns":2},{"damage":34,"enemies":"infinitespire:Three Voidlings","floor":39,"turns":3},{"damage":62,"enemies":"Nightmare_Alpha","floor":39,"turns":7}],"seed_played":"2182590231553139138","potions_obtained":[{"floor":4.0,"key":"blueLaboratory:StoneskinPotion"},{"floor":8.0,"key":"Milkshake"},{"floor":10.0,"key":"Explosive Potion"},{"floor":14.0,"key":"blueLaboratory:SavagePotion"},{"floor":29.0,"key":"Dexterity Potion"},{"floor":31.0,"key":"Venom Potion"},{"floor":35,"key":"blueLaboratory:BottledHope"}],"is_trial":false,"path_per_floor":["M","?","$","M","?","R","E","M","T","E","?","?","T","M","R","B",null,"M","?","?","M","?","R","E","R","T","?","AVR","M","?","M","R","B",null,"M","?","M","?","?"],"character_chosen":"IRONCLAD","items_purchased":["conspire:Charge","Metallicize"],"campfire_rested":2,"item_purchase_floors":[3,3],"current_hp_per_floor":[88,88,88,89,89,89,90,91,91,87,87,52,52,59,86,70,94,90,90,90,82,76,96,93,93,93,93,93,97,72,78,78,76,100,97,97,102,89,0,0],"gold":703,"neow_bonus":"TEN_PERCENT_HP_BONUS","is_daily":false,"chose_seed":false,"campfire_upgraded":3,"win_rate":0.0,"timestamp":1609392407,"path_taken":["M","?","$","?","?","R","E","M","T","E","?","?","?","M","R","BOSS","M","?","?","?","?","R","E","R","T","?","AVR","?","?","M","R","BOSS","M","?","M","?","?"],"items_purchased_type":["Card","Card"],"build_version":"2020-12-22","purchased_purges":0,"victory":false,"max_hp_per_floor":[88,88,88,89,89,89,90,91,91,92,92,92,92,93,93,94,94,95,95,95,96,96,96,97,97,97,97,97,98,98,99,99,100,100,101,101,102,102,103,103],"relic_stats":{"FaceOfCleric":15,"counters":[17,69],"Mummified Hand":[18],"Question Card":27,"obtain_stats":[{"relicPack:DSword":12,"hubris:Towel":11,"Question Card":10,"Burning Blood":0,"Replay:Wanted Poster":34,"vexMod:InvisibilityCloak":7,"FaceOfCleric":2,"Mummified Hand":26,"Toolbox":28,"infinitespire:Burning Sword":17,"halation:AfternoonTea":13,"hexamod:BolsterEngine":9,"hubris:ChampionShield":19,"infinitespire:Midas Blood":24},{"relicPack:DSword":5,"hubris:Towel":5,"Question Card":5,"Burning Blood":0,"Replay:Wanted Poster":13,"vexMod:InvisibilityCloak":3,"FaceOfCleric":1,"Mummified Hand":10,"Toolbox":10,"infinitespire:Burning Sword":7,"halation:AfternoonTea":5,"hexamod:BolsterEngine":4,"hubris:ChampionShield":8,"infinitespire:Midas Blood":10},{"relicPack:DSword":17,"hubris:Towel":17,"Question Card":17,"Burning Blood":0,"Replay:Wanted Poster":54,"vexMod:InvisibilityCloak":11,"FaceOfCleric":3,"Mummified Hand":40,"Toolbox":40,"infinitespire:Burning Sword":26,"halation:AfternoonTea":17,"hexamod:BolsterEngine":13,"hubris:ChampionShield":29,"infinitespire:Midas Blood":40}],"Burning Blood":83},"card_choices":[{"not_picked":["ReplayTheSpireMod:Limb From Limb","Cleave"],"picked":"Armaments","floor":1.0},{"not_picked":["Abandon","Clash"],"picked":"Warcry","floor":4.0},{"not_picked":["Body Slam","Armaments"],"picked":"ReplayTheSpireMod:Muscle Training","floor":7.0},{"not_picked":["Metallicize","Headbutt"],"picked":"ReplayTheSpireMod:Stacked","floor":8.0},{"not_picked":["Wild Strike","Sword Boomerang"],"picked":"conspire:ExplosiveBarrier","floor":10.0},{"not_picked":["Carnage","True Grit","Warcry"],"picked":"Evolve","floor":14.0},{"not_picked":["Corruption","Bludgeon","conspire:Purge"],"picked":"Demonic Infusion","floor":16.0},{"not_picked":["Abandon","Clothesline+1","Iron Wave"],"picked":"Twin Strike+1","floor":18.0},{"not_picked":["Reckless Charge","Heavy Blade","Run Through"],"picked":"Anger+1","floor":21.0},{"not_picked":["Anger","Bludgeon","Blood for Blood+1"],"picked":"Massacre+1","floor":24.0},{"not_picked":["Fiend Fire","Headbutt+1","Pommel Strike"],"picked":"True Grit+1","floor":29.0},{"not_picked":["infinitespire:DeathsTouch","ReplayTheSpireMod:Echoes of Time"],"picked":"infinitespire:NeuralNetwork","floor":30.0},{"not_picked":["Thunderclap","Flex","Sword Boomerang"],"picked":"Heavy Blade","floor":31.0},{"not_picked":["Immolate","Offering","Eclipse"],"picked":"Berserk","floor":33.0},{"not_picked":["Dual Wield","ReplayTheSpireMod:LeadingStrike+1","ReplayTheSpireMod:Corrosion Curse"],"picked":"Perfected Strike+1","floor":35},{"not_picked":["Pommel Strike","Flame Barrier+1","Sword Boomerang+1"],"picked":"Blood for Blood+1","floor":37}],"player_experience":272413,"relics_obtained":[{"floor":7.0,"key":"vexMod:InvisibilityCloak"},{"floor":9.0,"key":"hexamod:BolsterEngine"},{"floor":10.0,"key":"Question Card"},{"floor":13.0,"key":"halation:AfternoonTea"},{"floor":24.0,"key":"infinitespire:Midas Blood"},{"floor":26.0,"key":"Mummified Hand"}],"event_choices":[{"damage_healed":0.0,"max_hp_gain":0.0,"max_hp_loss":0.0,"gold_gain":0.0,"event_name":"FaceTrader","player_choice":"Trade","floor":2.0,"gold_loss":0.0,"damage_taken":0.0,"relics_obtained":["FaceOfCleric"]},{"cards_removed":["ReplayTheSpireMod:Doomed"],"damage_healed":0.0,"max_hp_gain":0.0,"max_hp_loss":0.0,"gold_gain":0.0,"event_name":"Purifier","player_choice":"Purged","floor":20.0,"gold_loss":0.0,"damage_taken":0.0},{"damage_healed":0.0,"max_hp_gain":0.0,"max_hp_loss":0.0,"gold_gain":0.0,"event_name":"betterThird:BetterNest","player_choice":"Dagger","floor":22.0,"gold_loss":0.0,"damage_taken":6.0,"cards_obtained":["RitualDagger"]},{"damage_healed":0.0,"max_hp_gain":0.0,"max_hp_loss":0.0,"gold_gain":100.0,"event_name":"Golden Shrine","player_choice":"Pray","floor":27.0,"gold_loss":0.0,"damage_taken":0.0},{"damage_healed":0,"gold_gain":0,"player_choice":"Embrace Madness","damage_taken":13,"max_hp_gain":0,"max_hp_loss":0,"event_name":"Winding Halls","floor":38,"gold_loss":0,"cards_obtained":["Madness","Madness"]}],"is_beta":false,"boss_relics":[{"not_picked":["conspire:SeveredTorchhead","vexMod:DeviousBotling"],"picked":"infinitespire:Burning Sword"},{"not_picked":["Ring of Chaos","relicPack:StarArrow"],"picked":"Replay:Wanted Poster"}],"items_purged_floors":[],"is_endless":false,"potions_floor_spawned":[4,8,10,14,29,31,35,39],"killed_by":"Nightmare_Alpha","ascension_level":0}}