{"host":"f14d6hm2349s9jse","time":1609435430,"event":{"mods":["2.2 Compatiblity","BaseMod","JesterMod","Minty Spire (QoL Compilation)","StSLib"],"gold_per_floor":[114,126,126,126,137,168,168,20,47,76,91,91,103,119,119,119,119],"floor_reached":16,"playtime":986,"items_purged":[],"score":137,"play_id":"db489769-e561-4254-810b-af392921ceaa","local_time":"20201231122350","is_ascension_mode":false,"campfire_choices":[{"floor":7.0,"key":"REST"},{"floor":15,"key":"REST"}],"circlet_count":0,"master_deck":["jesterMod:Strike+1","jesterMod:Strike","jesterMod:Strike","jesterMod:Strike","jesterMod:Sickle","jesterMod:Defend","jesterMod:Defend","jesterMod:Defend","jesterMod:Defend+1","jesterMod:Dodge","jesterMod:FlameDance","jesterMod:Haste","Regret","jesterMod:Haste","jesterMod:Squander","jesterMod:Prankster","jesterMod:LightTheWick","jesterMod:Precipitation","jesterMod:SelfMockery"],"relics":["Fusion Hammer","Boot","InkBottle","Membership Card","Bag of Marbles","Molten Egg 2"],"acts_visited":["Exordium"],"potions_floor_usage":[14,14],"damage_taken":[{"damage":0.0,"enemies":"2 Louse","floor":1.0,"turns":2.0},{"damage":0.0,"enemies":"Jaw Worm","floor":2.0,"turns":5.0},{"damage":1.0,"enemies":"Cultist","floor":5.0,"turns":4.0},{"damage":47.0,"enemies":"Gremlin Nob","floor":6.0,"turns":6.0},{"damage":12.0,"enemies":"Lagavulin","floor":10.0,"turns":6.0},{"damage":3.0,"enemies":"Lots of Slimes","floor":11.0,"turns":3.0},{"damage":12,"enemies":"3 Louse","floor":13,"turns":3},{"damage":0,"enemies":"Exordium Wildlife","floor":14,"turns":4},{"damage":24,"enemies":"The Guardian","floor":16,"turns":2}],"seed_played":"6819811067076626801","potions_obtained":[{"floor":2.0,"key":"LiquidMemories"},{"floor":6.0,"key":"GamblersBrew"},{"floor":13,"key":"EssenceOfSteel"}],"is_trial":false,"path_per_floor":["M","M","?","?","M","E","R","$","T","E","M","?","M","M","R","B"],"character_chosen":"THE_JESTER","items_purchased":["Membership Card"],"campfire_rested":2,"item_purchase_floors":[8],"current_hp_per_floor":[70,70,56,56,55,8,29,29,29,17,14,14,2,2,23,0,0],"gold":119,"neow_bonus":"BOSS_RELIC","is_daily":false,"chose_seed":false,"campfire_upgraded":0,"win_rate":0.0,"timestamp":1609435430,"path_taken":["M","M","?","?","M","E","R","?","T","E","M","?","?","M","R","BOSS"],"items_purchased_type":["Relic"],"build_version":"2020-12-22","purchased_purges":0,"victory":false,"max_hp_per_floor":[70,70,70,70,70,70,70,70,70,70,70,70,70,70,70,70,70],"card_choices":[{"not_picked":["jesterMod:JackInTheBox","jesterMod:ButterKnife"],"picked":"jesterMod:FlameDance","floor":1.0},{"not_picked":["jesterMod:Feint","jesterMod:Illness"],"picked":"jesterMod:Haste","floor":2.0},{"not_picked":["jesterMod:ButterKnife","jesterMod:Tinker","jesterMod:Talion"],"picked":"SKIP","floor":5.0},{"not_picked":["jesterMod:Anticipation","jesterMod:BouncingKnife"],"picked":"jesterMod:Haste","floor":6.0},{"not_picked":["jesterMod:Loot","jesterMod:Tinker+1"],"picked":"jesterMod:Squander","floor":10.0},{"not_picked":["jesterMod:FlameDance","jesterMod:Talion+1"],"picked":"jesterMod:Prankster","floor":11.0},{"not_picked":["jesterMod:Prankster","jesterMod:Swiftness"],"picked":"jesterMod:Precipitation","floor":13},{"not_picked":["jesterMod:SmokeScreen","jesterMod:MudBall+1"],"picked":"jesterMod:SelfMockery","floor":14}],"player_experience":2470180,"relics_obtained":[{"floor":6.0,"key":"InkBottle"},{"floor":9.0,"key":"Bag of Marbles"},{"floor":10.0,"key":"Molten Egg 2"}],"event_choices":[{"damage_healed":0.0,"max_hp_gain":0.0,"max_hp_loss":0.0,"gold_gain":0.0,"event_name":"Shining Light","player_choice":"Entered Light","floor":3.0,"gold_loss":0.0,"damage_taken":14.0,"cards_upgraded":["jesterMod:Defend","jesterMod:Strike"]},{"damage_healed":0.0,"max_hp_gain":0.0,"max_hp_loss":0.0,"gold_gain":0.0,"event_name":"Big Fish","player_choice":"Box","floor":4.0,"gold_loss":0.0,"damage_taken":0.0,"relics_obtained":["Boot"],"cards_obtained":["Regret"]},{"damage_healed":0,"gold_gain":0,"player_choice":"1 cards matched","damage_taken":0,"max_hp_gain":0,"max_hp_loss":0,"event_name":"Match and Keep!","floor":12,"gold_loss":0,"cards_obtained":["jesterMod:LightTheWick"]}],"is_beta":false,"boss_relics":[],"items_purged_floors":[],"is_endless":false,"potions_floor_spawned":[2,6,13],"killed_by":"The Guardian","ascension_level":0}}