{"host":"qxeepl7ydvsgmfdb","time":1609383293,"event":{"mods":["AchievementEnabler","BaseMod","Colored Powertips","Minty Spire (QoL Compilation)","Quick Restart","slay the spire mod where everything is the same but ironclad has a cowboy hat"],"gold_per_floor":[111,130,31,31,81,116,291,291,359,369,334,354,354,365,365,463,463,476,476,233,216,216,216],"floor_reached":22,"playtime":758,"items_purged":[],"score":217,"play_id":"3125de4c-a2ae-49d0-9e1b-c60f09f3163d","local_time":"20201230215453","is_ascension_mode":true,"campfire_choices":[{"data":"Doubt","floor":8,"key":"PURGE"},{"data":"Chaos","floor":13,"key":"SMITH"},{"floor":15,"key":"REST"}],"circlet_count":0,"master_deck":["Strike_B","Strike_B","Strike_B","Strike_B","Defend_B","Defend_B","Defend_B","Defend_B+1","Zap+1","Dualcast","Cold Snap","Chaos+1","Redo","Capacitor","Fusion","Leap","Electrodynamics","Conserve Battery","Chaos"],"relics":["Cracked Core","NeowsBlessing","Dream Catcher","Peace Pipe","Eternal Feather","Odd Mushroom","Meat on the Bone"],"acts_visited":["Exordium","TheCity"],"potions_floor_usage":[12,16,16,18,22],"damage_taken":[{"damage":0,"enemies":"Cultist","floor":1,"turns":1},{"damage":0,"enemies":"Jaw Worm","floor":2,"turns":1},{"damage":0,"enemies":"Lagavulin","floor":6,"turns":1},{"damage":14,"enemies":"2 Louse","floor":10,"turns":3},{"damage":20,"enemies":"The Mushroom Lair","floor":12,"turns":6},{"damage":10,"enemies":"Blue Slaver","floor":14,"turns":4},{"damage":46,"enemies":"Hexaghost","floor":16,"turns":13},{"damage":12,"enemies":"3 Byrds","floor":18,"turns":3},{"damage":23,"enemies":"2 Thieves","floor":21,"turns":4},{"damage":40,"enemies":"Centurion and Healer","floor":22,"turns":10}],"seed_played":"8227001555256810828","potions_obtained":[{"floor":2,"key":"Weak Potion"},{"floor":10,"key":"DuplicationPotion"},{"floor":14,"key":"Swift Potion"},{"floor":16,"key":"Fire Potion"},{"floor":18,"key":"EssenceOfSteel"},{"floor":21,"key":"Swift Potion"}],"is_trial":false,"path_per_floor":["M","M","$","?","T","E","?","R","T","M","?","?","R","M","R","B",null,"M","?","$","M","M"],"character_chosen":"DEFECT","items_purchased":["Redo","Capacitor","Meat on the Bone"],"campfire_rested":1,"item_purchase_floors":[3,3,20],"current_hp_per_floor":[75,75,75,60,60,60,60,60,60,46,64,44,53,43,74,28,75,63,63,63,40,0,0],"gold":216,"neow_bonus":"THREE_ENEMY_KILL","is_daily":false,"chose_seed":false,"campfire_upgraded":1,"win_rate":0.0,"timestamp":1609383293,"path_taken":["M","M","?","?","?","E","?","R","T","?","?","?","R","M","R","BOSS","M","?","$","M","?"],"items_purchased_type":["Card","Card","Relic"],"build_version":"2020-12-22","purchased_purges":0,"victory":false,"max_hp_per_floor":[75,75,75,75,75,75,75,75,75,75,75,75,75,75,75,75,75,75,75,75,75,75,75],"card_choices":[{"not_picked":["Rebound","Streamline"],"picked":"Cold Snap","floor":1},{"not_picked":["Darkness","Turbo"],"picked":"Chaos","floor":2},{"not_picked":["Cold Snap","Steam"],"picked":"Fusion","floor":6},{"not_picked":["Turbo","Fusion","Go for the Eyes"],"picked":"SKIP","floor":10},{"not_picked":["Beam Cell","Go for the Eyes","Gash"],"picked":"SKIP","floor":14},{"not_picked":["Conserve Battery","Hello World"],"picked":"Leap","floor":15},{"not_picked":["Meteor Strike","Machine Learning"],"picked":"Electrodynamics","floor":16},{"not_picked":["Steam Power","Self Repair"],"picked":"Conserve Battery","floor":18},{"not_picked":["Stack","Sweeping Beam"],"picked":"Chaos","floor":21}],"player_experience":334620,"relics_obtained":[{"floor":5,"key":"Dream Catcher"},{"floor":6,"key":"Peace Pipe"},{"floor":9,"key":"Eternal Feather"},{"floor":12,"key":"Odd Mushroom"}],"event_choices":[{"damage_healed":0,"gold_gain":0,"player_choice":"Entered Light","damage_taken":15,"max_hp_gain":0,"max_hp_loss":0,"event_name":"Shining Light","floor":4,"gold_loss":0,"cards_upgraded":["Defend_B","Zap"]},{"damage_healed":0,"gold_gain":175,"player_choice":"AGREE","damage_taken":0,"max_hp_gain":0,"max_hp_loss":0,"event_name":"Liars Game","floor":7,"gold_loss":0,"cards_obtained":["Doubt"]},{"damage_healed":18,"gold_gain":0,"player_choice":"Healed","damage_taken":0,"max_hp_gain":0,"max_hp_loss":0,"event_name":"The Cleric","floor":11,"gold_loss":35},{"damage_healed":0,"gold_gain":0,"player_choice":"Fought Mushrooms","damage_taken":0,"max_hp_gain":0,"max_hp_loss":0,"event_name":"Mushrooms","floor":12,"gold_loss":0},{"damage_healed":0,"gold_gain":0,"player_choice":"Ignored","damage_taken":0,"max_hp_gain":0,"max_hp_loss":0,"event_name":"N\u0027loth","floor":19,"gold_loss":0}],"is_beta":false,"boss_relics":[{"not_picked":["Fusion Hammer","Runic Pyramid","FrozenCore"]}],"items_purged_floors":[],"is_endless":false,"potions_floor_spawned":[2,10,14,16,18,21],"killed_by":"Centurion and Healer","ascension_level":1}}