{"host":"5fasz840ryq7obdf","time":1609433641,"event":{"mods":["AchievementEnabler","BaseMod","Bestiary","Better Altar","Better Skull","Better Third Choice","BetterRewards","Block Reminder","Colored Powertips","Curses Come First","Downfall","Highlight Path","Minty Spire (QoL Compilation)","Quick Restart","Relic Sorter","Relic Stats","Shop Mod","Spicy Shops","StSLib","SuperFastMode"],"gold_per_floor":[99,99,99,99,99,23,23,58,77,109,119,119,194,204,221,299,299,299,315,334,54,54,82,108,108,108,108],"floor_reached":26,"playtime":1526,"items_purged":[],"score":564,"play_id":"aeb0f3f5-0f73-4bcb-81b8-1eb62f9345f0","local_time":"20201231165401","is_ascension_mode":true,"campfire_choices":[{"data":"Eruption","floor":1.0,"key":"SMITH"},{"data":"BattleHymn","floor":12.0,"key":"SMITH"},{"data":"Omniscience","floor":18.0,"key":"SMITH"},{"floor":25,"key":"REST"}],"circlet_count":0,"master_deck":["AscendersBane","Strike_P+1","Strike_P+1","Strike_P+1","Strike_P+1","Defend_P","Defend_P+1","Defend_P","Defend_P","Eruption+1","Vigilance+1","Halt","Protect","Protect","BattleHymn+1","EmptyMind","FlyingSleeves","EmptyFist","Perseverance","TalkToTheHand","LessonLearned+1","Omniscience+1","CurseOfTheBell","Wireheading+1","FlurryOfBlows+1","ThirdEye","SandsOfTime","LikeWater","Adaptation+1"],"relics":["PureWater","downfall:HeartsMalice","TeardropLocket","War Paint","WingedGreaves","Calling Bell","Happy Flower","Pantograph","Prayer Wheel","Gremlin Horn","MealTicket","CeramicFish"],"acts_visited":["Exordium","TheCity"],"potions_floor_usage":[23],"damage_taken":[{"damage":0.0,"enemies":"Small Slimes","floor":2.0,"turns":1.0},{"damage":0.0,"enemies":"2 Louse","floor":5.0,"turns":1.0},{"damage":0.0,"enemies":"downfall:FleeingMerchant","floor":6.0,"turns":1.0},{"damage":2.0,"enemies":"3 Sentries","floor":8.0,"turns":5.0},{"damage":0.0,"enemies":"Cultist","floor":9.0,"turns":2.0},{"damage":8.0,"enemies":"Lagavulin","floor":10.0,"turns":6.0},{"damage":6.0,"enemies":"Lots of Slimes","floor":11.0,"turns":4.0},{"damage":2.0,"enemies":"Large Slime","floor":14.0,"turns":4.0},{"damage":0.0,"enemies":"Exordium Wildlife","floor":15.0,"turns":2.0},{"damage":0.0,"enemies":"Hexaghost","floor":16.0,"turns":8.0},{"damage":11.0,"enemies":"Chosen","floor":19.0,"turns":7.0},{"damage":35,"enemies":"Sentry and Sphere","floor":20,"turns":5},{"damage":0,"enemies":"downfall:FleeingMerchant","floor":21,"turns":4},{"damage":3,"enemies":"Slavers","floor":23,"turns":10},{"damage":29,"enemies":"Centurion and Healer","floor":26,"turns":3}],"seed_played":"-5901266064554923000","potions_obtained":[{"floor":4.0,"key":"GamblersBrew"},{"floor":4.0,"key":"Strength Potion"},{"floor":8.0,"key":"champ:CounterPotion"},{"floor":10.0,"key":"DistilledChaos"},{"floor":14.0,"key":"Explosive Potion"},{"floor":15.0,"key":"Dexterity Potion"},{"floor":19.0,"key":"SneckoOil"}],"is_trial":false,"path_per_floor":["R","M","?","?","M","$","T","E","M","E","M","R","?","M","M","B",null,"R","M","M","$","?","E","T","R","M"],"character_chosen":"WATCHER","items_purchased":["BattleHymn","Gremlin Horn"],"campfire_rested":1,"item_purchase_floors":[6,21],"current_hp_per_floor":[61,61,41,41,41,41,41,39,39,31,25,25,14,12,12,12,54,54,43,8,8,8,5,5,25,0,0],"gold":108,"neow_bonus":"THREE_ENEMY_KILL","is_daily":false,"chose_seed":false,"campfire_upgraded":3,"win_rate":0.0,"timestamp":1609433641,"path_taken":["R","M","?","?","?","?","T","E","M","E","M","R","?","M","M","BOSS","R","M","M","$","?","E","T","R","M"],"items_purchased_type":["Card","Relic"],"build_version":"2020-12-22","purchased_purges":0,"victory":false,"max_hp_per_floor":[68,68,68,68,68,68,68,68,68,68,68,68,68,68,68,68,68,68,68,68,68,68,68,68,68,68,68],"relic_stats":{"Happy Flower":[9],"Gremlin Horn":[2,2],"counters":[15,60],"Pantograph":0,"CeramicFish":0,"Prayer Wheel":2,"MealTicket":0,"War Paint":["Defend_P","Vigilance"],"obtain_stats":[{"Calling Bell":17,"Happy Flower":17,"Gremlin Horn":21,"Pantograph":17,"CeramicFish":24,"downfall:HeartsMalice":0,"Prayer Wheel":17,"MealTicket":23,"WingedGreaves":10,"TeardropLocket":7,"PureWater":0,"War Paint":8},{"Calling Bell":10,"Happy Flower":10,"Gremlin Horn":13,"Pantograph":10,"CeramicFish":14,"downfall:HeartsMalice":0,"Prayer Wheel":10,"MealTicket":14,"WingedGreaves":6,"TeardropLocket":3,"PureWater":0,"War Paint":4},{"Calling Bell":31,"Happy Flower":31,"Gremlin Horn":47,"Pantograph":31,"CeramicFish":57,"downfall:HeartsMalice":0,"Prayer Wheel":31,"MealTicket":57,"WingedGreaves":13,"TeardropLocket":0,"PureWater":0,"War Paint":5}]},"card_choices":[{"not_picked":["EmptyFist","FollowUp"],"picked":"Halt","floor":2.0},{"not_picked":["FlyingSleeves","JustLucky"],"picked":"Protect","floor":5.0},{"not_picked":["DeceiveReality","FollowUp"],"picked":"Protect","floor":6.0},{"not_picked":["BowlingBash","PathToVictory"],"picked":"EmptyMind","floor":8.0},{"not_picked":["Prostrate","PathToVictory"],"picked":"FlyingSleeves","floor":9.0},{"not_picked":["Nirvana","Fasting2"],"picked":"EmptyFist","floor":10.0},{"not_picked":["FlyingSleeves","Sanctity"],"picked":"Perseverance","floor":11.0},{"not_picked":["Adaptation","Crescendo"],"picked":"TalkToTheHand","floor":14.0},{"not_picked":["ClearTheMind","SashWhip"],"picked":"LessonLearned","floor":15.0},{"not_picked":["SpiritShield","ConjureBlade"],"picked":"Omniscience","floor":16.0},{"not_picked":["Adaptation","InnerPeace"],"picked":"Wireheading+1","floor":19.0},{"not_picked":["BattleHymn","EmptyFist","PathToVictory"],"picked":"SKIP","floor":19.0},{"not_picked":["FollowUp","SandsOfTime"],"picked":"FlurryOfBlows+1","floor":20},{"not_picked":["Crescendo","WaveOfTheHand"],"picked":"ThirdEye","floor":20},{"not_picked":["Alpha","Vengeance"],"picked":"SandsOfTime","floor":21},{"not_picked":["Evaluate","Nirvana"],"picked":"Adaptation+1","floor":23}],"player_experience":1340737,"relics_obtained":[{"floor":7.0,"key":"TeardropLocket"},{"floor":8.0,"key":"War Paint"},{"floor":10.0,"key":"WingedGreaves"},{"floor":17.0,"key":"Happy Flower"},{"floor":17.0,"key":"Pantograph"},{"floor":17.0,"key":"Prayer Wheel"},{"floor":23,"key":"MealTicket"},{"floor":24,"key":"CeramicFish"}],"event_choices":[{"damage_healed":61.0,"max_hp_gain":0.0,"max_hp_loss":68.0,"gold_gain":0.0,"event_name":"betterThird:BetterShining","player_choice":"Upgrade","floor":3.0,"gold_loss":0.0,"damage_taken":20.0,"cards_upgraded":["Strike_P","Strike_P"]},{"damage_healed":0.0,"max_hp_gain":0.0,"max_hp_loss":0.0,"gold_gain":0.0,"event_name":"Lab","player_choice":"Got Potions","floor":4.0,"gold_loss":0.0,"damage_taken":0.0},{"damage_healed":0.0,"max_hp_gain":0.0,"max_hp_loss":0.0,"gold_gain":75.0,"event_name":"betterThird:BetterGoop","player_choice":"Gold","floor":13.0,"gold_loss":0.0,"damage_taken":11.0},{"damage_healed":0,"gold_gain":0,"player_choice":"Read","damage_taken":0,"max_hp_gain":0,"max_hp_loss":0,"event_name":"The Library","floor":22,"gold_loss":0,"cards_obtained":["LikeWater"]}],"is_beta":false,"boss_relics":[{"not_picked":["Coffee Dripper","Cursed Key"],"picked":"Calling Bell"}],"items_purged_floors":[],"is_endless":false,"potions_floor_spawned":[8,10,11,14,15,19,20],"killed_by":"Centurion and Healer","ascension_level":20}}