{"host":"hzhtv7n0nkrnil9f","time":1609394512,"event":{"mods":["AchievementEnabler","BaseMod","Colored Map","Minty Spire (QoL Compilation)","Permanent Neow","Quick Restart"],"gold_per_floor":[114,129,144,22,37,67,82,82,107,122,152,167,167,182,182,282,282,297,47,47,62,77,77,107,122,122,122,122,122,122,122],"floor_reached":30,"playtime":2230,"items_purged":["Dualcast","Defend_B"],"score":289,"play_id":"a439d7c2-f859-4cdf-b54e-332037216358","local_time":"20201231070152","daily_mods":["Heirloom","Time Dilation","Lethality"],"is_ascension_mode":false,"campfire_choices":[{"data":"Go for the Eyes","floor":8.0,"key":"SMITH"},{"data":"Hologram","floor":13.0,"key":"SMITH"},{"data":"Turbo","floor":15.0,"key":"SMITH"},{"floor":23.0,"key":"REST"},{"data":"Electrodynamics","floor":27,"key":"SMITH"}],"circlet_count":0,"master_deck":["Strike_B","Strike_B","Strike_B","Strike_B","Defend_B","Defend_B","Defend_B","Zap","Turbo+1","Go for the Eyes+1","Auto Shields","Steam","Hologram+1","Conserve Battery","Melter","Conserve Battery","Rip and Tear","Conserve Battery","Echo Form","Electrodynamics+1"],"relics":["Cracked Core","WingedGreaves","Oddly Smooth Stone","Akabeko","Cables","Sozu","Tiny Chest","Bag of Marbles","Mummified Hand","Mercury Hourglass","Singing Bowl","Symbiotic Virus"],"acts_visited":["Exordium","TheCity"],"potions_floor_usage":[],"damage_taken":[{"damage":0.0,"enemies":"Cultist","floor":1.0,"turns":2.0},{"damage":0.0,"enemies":"2 Louse","floor":2.0,"turns":2.0},{"damage":5.0,"enemies":"Jaw Worm","floor":3.0,"turns":2.0},{"damage":7.0,"enemies":"Exordium Thugs","floor":5.0,"turns":4.0},{"damage":27.0,"enemies":"3 Sentries","floor":6.0,"turns":9.0},{"damage":0.0,"enemies":"Blue Slaver","floor":7.0,"turns":4.0},{"damage":0.0,"enemies":"Exordium Wildlife","floor":10.0,"turns":2.0},{"damage":0.0,"enemies":"Lagavulin","floor":11.0,"turns":6.0},{"damage":0.0,"enemies":"Large Slime","floor":12.0,"turns":3.0},{"damage":0.0,"enemies":"3 Louse","floor":14.0,"turns":1.0},{"damage":17.0,"enemies":"Hexaghost","floor":16.0,"turns":8.0},{"damage":20.0,"enemies":"3 Byrds","floor":18.0,"turns":3.0},{"damage":13.0,"enemies":"Spheric Guardian","floor":21.0,"turns":3.0},{"damage":11.0,"enemies":"Centurion and Healer","floor":22.0,"turns":4.0},{"damage":30.0,"enemies":"Slavers","floor":24.0,"turns":5.0},{"damage":4,"enemies":"Cultist and Chosen","floor":25,"turns":4},{"damage":23,"enemies":"Chosen and Byrds","floor":30,"turns":1}],"seed_played":"-5051420239723459148","potions_obtained":[{"floor":1.0,"key":"SkillPotion"},{"floor":5.0,"key":"Energy Potion"},{"floor":6.0,"key":"LiquidBronze"},{"floor":10.0,"key":"PowerPotion"}],"is_trial":false,"path_per_floor":["M","M","M","$","M","E","M","R","T","M","E","M","R","M","R","B",null,"M","$","?","M","M","R","E","M","T","R","T","T","M"],"character_chosen":"DEFECT","items_purchased":["Steam","Tiny Chest"],"campfire_rested":1,"item_purchase_floors":[4,19],"current_hp_per_floor":[75,75,70,70,63,36,36,36,36,36,36,36,36,36,36,19,75,55,55,55,42,31,53,23,19,19,19,19,19,0,0],"gold":122,"neow_bonus":"","is_daily":true,"chose_seed":false,"campfire_upgraded":4,"win_rate":0.0,"timestamp":1609394512,"path_taken":["M","M","M","$","?","E","M","R","T","M","E","M","R","M","R","BOSS","M","$","?","?","M","R","E","M","T","R","?","?","?"],"items_purchased_type":["Card","Relic"],"build_version":"2020-12-22","purchased_purges":2,"victory":false,"max_hp_per_floor":[75,75,75,75,75,75,75,75,75,75,75,75,75,75,75,75,75,75,75,75,75,75,75,75,75,75,75,75,75,75,75],"card_choices":[{"not_picked":["Sweeping Beam","Skim"],"picked":"Turbo","floor":1.0},{"not_picked":["Darkness","Aggregate"],"picked":"Go for the Eyes","floor":2.0},{"not_picked":["Undo","Cold Snap"],"picked":"Auto Shields","floor":3.0},{"not_picked":["Sweeping Beam","Double Energy"],"picked":"Hologram","floor":5.0},{"not_picked":["Stack","Chaos"],"picked":"Conserve Battery","floor":6.0},{"not_picked":["Rebound","Go for the Eyes"],"picked":"Melter","floor":7.0},{"not_picked":["Multi-Cast","Coolheaded"],"picked":"Conserve Battery","floor":10.0},{"not_picked":["Barrage","Go for the Eyes"],"picked":"Rip and Tear","floor":11.0},{"not_picked":["Go for the Eyes","Reinforced Body"],"picked":"Conserve Battery","floor":12.0},{"not_picked":["Leap","Consume","Steam"],"picked":"SKIP","floor":14.0},{"not_picked":["Core Surge","Seek"],"picked":"Echo Form","floor":16.0},{"not_picked":["Leap","Go for the Eyes","Undo"],"picked":"SKIP","floor":18.0},{"not_picked":["Beam Cell","Cold Snap","Coolheaded"],"picked":"SKIP","floor":21.0},{"not_picked":["Doom and Gloom","Steam","Sunder"],"picked":"SKIP","floor":22.0},{"not_picked":["Aggregate+1","Barrage"],"picked":"Electrodynamics","floor":24.0},{"not_picked":["Tempest","Genetic Algorithm","Consume"],"picked":"SKIP","floor":25}],"player_experience":219290,"relics_obtained":[{"floor":6.0,"key":"Oddly Smooth Stone"},{"floor":9.0,"key":"Akabeko"},{"floor":11.0,"key":"Cables"},{"floor":24.0,"key":"Mummified Hand"},{"floor":26,"key":"Mercury Hourglass"},{"floor":28,"key":"Singing Bowl"},{"floor":29,"key":"Symbiotic Virus"}],"event_choices":[{"damage_healed":0.0,"max_hp_gain":0.0,"max_hp_loss":0.0,"gold_gain":0.0,"event_name":"WeMeetAgain","player_choice":"Gave Potion","floor":20.0,"gold_loss":0.0,"damage_taken":0.0,"relics_obtained":["Bag of Marbles"]}],"is_beta":false,"boss_relics":[{"not_picked":["Inserter","Black Star"],"picked":"Sozu"}],"items_purged_floors":[4,19],"is_endless":false,"potions_floor_spawned":[1,5,6,10,24,25],"killed_by":"Chosen and Byrds","ascension_level":0}}