{"host":"3qkmyeoym75lj4wn","time":1609426097,"event":{"mods":["2.2 Compatiblity","BaseMod","Block Reminder","Colored Powertips","Highlight Path","Minty Spire (QoL Compilation)","Permanent Neow","Potion Indicator Mod","Rare Cards Sparkle","Relic Stats","StSLib"],"gold_per_floor":[118,193,193,193,209,238,253,5,32,32,46,60,60,73,73,73,73],"floor_reached":16,"playtime":357,"items_purged":[],"score":254,"play_id":"4e812a1a-93da-481d-9c11-8e5ead6fb3c4","local_time":"20201231144817","is_ascension_mode":true,"campfire_choices":[{"data":"Feed","floor":10,"key":"SMITH"},{"data":"Disarm","floor":15,"key":"SMITH"}],"circlet_count":0,"master_deck":["AscendersBane","Strike_R","Strike_R","Strike_R","Strike_R","Defend_R","Defend_R","Defend_R","Defend_R+1","Bash","Thunderclap+1","Cleave","Disarm+1","Feed+1","Feed"],"relics":["Burning Blood","NeowsBlessing","Blood Vial","Membership Card","MealTicket"],"acts_visited":["Exordium"],"potions_floor_usage":[11,12,16,16],"damage_taken":[{"damage":0,"enemies":"2 Louse","floor":1,"turns":1},{"damage":0,"enemies":"Jaw Worm","floor":5,"turns":1},{"damage":0,"enemies":"Lagavulin","floor":6,"turns":1},{"damage":5,"enemies":"Small Slimes","floor":7,"turns":3},{"damage":0,"enemies":"2 Fungi Beasts","floor":11,"turns":2},{"damage":22,"enemies":"Exordium Wildlife","floor":12,"turns":6},{"damage":18,"enemies":"Blue Slaver","floor":14,"turns":4},{"damage":37,"enemies":"The Guardian","floor":16,"turns":7}],"seed_played":"-5469414772633526984","potions_obtained":[{"floor":5,"key":"SteroidPotion"},{"floor":7,"key":"Block Potion"},{"floor":11,"key":"GamblersBrew"},{"floor":14,"key":"AttackPotion"}],"is_trial":false,"path_per_floor":["M","?","?","?","M","E","M","$","T","R","M","M","?","M","R","B"],"character_chosen":"IRONCLAD","items_purchased":["Membership Card","Feed"],"campfire_rested":0,"item_purchase_floors":[8,8],"current_hp_per_floor":[74,63,40,33,39,45,48,48,48,48,60,50,32,26,26,0,0],"gold":73,"neow_bonus":"THREE_ENEMY_KILL","is_daily":false,"chose_seed":false,"campfire_upgraded":2,"win_rate":0.0,"timestamp":1609426097,"path_taken":["M","?","?","?","M","E","M","?","T","R","M","M","?","M","R","BOSS"],"items_purchased_type":["Relic","Card"],"build_version":"2020-12-22","purchased_purges":0,"victory":false,"max_hp_per_floor":[75,75,75,75,75,75,75,75,75,75,79,83,83,87,87,87,87],"relic_stats":{"Blood Vial":10,"counters":[8,25],"MealTicket":0,"obtain_stats":[{"Blood Vial":6,"NeowsBlessing":0,"MealTicket":13,"Membership Card":8,"Burning Blood":0},{"Blood Vial":3,"NeowsBlessing":0,"MealTicket":6,"Membership Card":4,"Burning Blood":0},{"Blood Vial":3,"NeowsBlessing":0,"MealTicket":14,"Membership Card":6,"Burning Blood":0}],"Burning Blood":42},"card_choices":[{"not_picked":["Armaments","Dropkick"],"picked":"Thunderclap","floor":1},{"not_picked":["Anger","Heavy Blade"],"picked":"Cleave","floor":5},{"not_picked":["Perfected Strike","Headbutt"],"picked":"Disarm","floor":6},{"not_picked":["Wild Strike","Perfected Strike","Combust"],"picked":"SKIP","floor":7},{"not_picked":["Blood for Blood","Perfected Strike","Body Slam"],"picked":"SKIP","floor":11},{"not_picked":["Sword Boomerang","Havoc"],"picked":"Feed","floor":12},{"not_picked":["Heavy Blade","Wild Strike","Blood for Blood"],"picked":"SKIP","floor":14}],"player_experience":1628537,"relics_obtained":[{"floor":6,"key":"Blood Vial"}],"event_choices":[{"damage_healed":0,"gold_gain":75,"player_choice":"Gather Gold","damage_taken":11,"max_hp_gain":0,"max_hp_loss":0,"event_name":"World of Goop","floor":2,"gold_loss":0},{"damage_healed":0,"gold_gain":0,"player_choice":"Entered Light","damage_taken":23,"max_hp_gain":0,"max_hp_loss":0,"event_name":"Shining Light","floor":3,"gold_loss":0,"cards_upgraded":["Thunderclap","Defend_R"]},{"cards_removed":["Strike_R"],"damage_healed":0,"gold_gain":0,"player_choice":"Card Removal","damage_taken":7,"max_hp_gain":0,"max_hp_loss":0,"event_name":"Golden Wing","floor":4,"gold_loss":0},{"damage_healed":0,"gold_gain":0,"player_choice":"Success","damage_taken":18,"relics_obtained":["MealTicket"],"max_hp_gain":0,"max_hp_loss":0,"event_name":"Scrap Ooze","floor":13,"gold_loss":0}],"is_beta":false,"boss_relics":[],"items_purged_floors":[],"is_endless":false,"potions_floor_spawned":[5,7,11,14],"killed_by":"The Guardian","ascension_level":20}}