{"host":"089us5wx8446qekd","time":1609380058,"event":{"mods":["AchievementEnabler","BaseMod","Bestiary","Colored Powertips","Highlight Path","Minty Spire (QoL Compilation)"],"gold_per_floor":[114,127,127,142,142,177,177],"floor_reached":6,"playtime":839,"items_purged":[],"score":46,"play_id":"50bb5332-1c44-43f3-83c1-a9db69991ab7","local_time":"20201231030058","is_ascension_mode":false,"campfire_choices":[],"circlet_count":0,"master_deck":["Strike_P","Strike_P","Strike_P+1","Strike_P","Defend_P","Defend_P","Defend_P","Defend_P","Eruption","Vigilance+1","Pray","EmptyBody+1","SashWhip"],"relics":["PureWater","Mercury Hourglass"],"acts_visited":["Exordium"],"potions_floor_usage":[],"damage_taken":[{"damage":17.0,"enemies":"Jaw Worm","floor":1.0,"turns":2.0},{"damage":0,"enemies":"Small Slimes","floor":2,"turns":3},{"damage":4,"enemies":"Cultist","floor":4,"turns":5},{"damage":23,"enemies":"Lagavulin","floor":6,"turns":6}],"seed_played":"-2035868409621567847","potions_obtained":[{"floor":2,"key":"Weak Potion"},{"floor":4,"key":"BottledMiracle"}],"is_trial":false,"path_per_floor":["M","M","?","M","?","E"],"character_chosen":"WATCHER","items_purchased":[],"campfire_rested":0,"item_purchase_floors":[],"current_hp_per_floor":[62,62,62,58,42,19,19],"gold":177,"neow_bonus":"TEN_PERCENT_HP_BONUS","is_daily":false,"chose_seed":false,"campfire_upgraded":0,"win_rate":0.0,"timestamp":1609380058,"path_taken":["M","M","?","M","?","E"],"items_purchased_type":[],"build_version":"2020-12-22","purchased_purges":0,"victory":false,"max_hp_per_floor":[79,79,79,79,79,79,79],"card_choices":[{"not_picked":["EmptyBody","SignatureMove"],"picked":"Pray","floor":1},{"not_picked":["Weave","Tantrum"],"picked":"EmptyBody","floor":2},{"not_picked":["ClearTheMind","PathToVictory"],"picked":"SashWhip","floor":4},{"not_picked":["Protect","DevaForm","LessonLearned"],"picked":"SKIP","floor":6}],"player_experience":28113,"relics_obtained":[{"floor":6,"key":"Mercury Hourglass"}],"event_choices":[{"damage_healed":0,"gold_gain":0,"player_choice":"Grow","damage_taken":0,"max_hp_gain":0,"max_hp_loss":0,"event_name":"Living Wall","floor":3,"gold_loss":0,"cards_upgraded":["EmptyBody"]},{"damage_healed":0,"gold_gain":0,"player_choice":"Entered Light","damage_taken":16,"max_hp_gain":0,"max_hp_loss":0,"event_name":"Shining Light","floor":5,"gold_loss":0,"cards_upgraded":["Strike_P","Vigilance"]}],"is_beta":false,"boss_relics":[],"items_purged_floors":[],"is_endless":false,"potions_floor_spawned":[2,4],"killed_by":"Lagavulin","ascension_level":0}}