{"host":"i0avyit1s6jb1siw","time":1609417170,"event":{"mods":["BaseMod","DeckTracker","Dota2Spire","Highlight Path","Minty Spire (QoL Compilation)","Quick Restart","Replay The Spire","StSLib","SuperFastMode"],"gold_per_floor":[118,77,77,2,20,47,47,79,104,104,133,159,179,192,192,265,265,279,279,279,28,40,40,70,70,70,117,136,36,36,36,36,36,36],"floor_reached":33,"playtime":629,"items_purged":["Strike_G","Strike_G+1"],"score":658,"play_id":"c0a21598-5d8e-4d82-ad0e-904ecbdb03c7","local_time":"20201231131930","is_ascension_mode":true,"campfire_choices":[{"data":"Neutralize","floor":10.0,"key":"SMITH"},{"data":"Terror","floor":15.0,"key":"SMITH"},{"floor":23,"key":"REST"},{"data":"Tactician","floor":30,"key":"SMITH"},{"data":"Footwork","floor":32,"key":"SMITH"}],"circlet_count":0,"master_deck":["AscendersBane","Defend_G+1","Defend_G+1","Defend_G+1","Defend_G+1","Defend_G+1","Neutralize+1","Acrobatics","Flechettes+1","PiercingWail","Reflex+1","Masterful Stab+1","Footwork+1","Terror+1","Bouncing Flask+1","Draining Mist+1","Finisher+1","Backstab+1","Tactician+1","Acrobatics+1"],"relics":["Ring of the Snake","NeowsBlessing","Pen Nib","Dead Branch","Art of War","Dota2Spire:UrnOfShadows","Odd Mushroom","Astrolabe","Medical Kit","Mango","Bronze Scales","Whetstone"],"acts_visited":["Exordium","TheCity"],"potions_floor_usage":[33,33],"damage_taken":[{"damage":0.0,"enemies":"Jaw Worm","floor":1.0,"turns":1.0},{"damage":0.0,"enemies":"2 Louse","floor":5.0,"turns":1.0},{"damage":0.0,"enemies":"Lagavulin","floor":6.0,"turns":1.0},{"damage":8.0,"enemies":"Gremlin Nob","floor":8.0,"turns":3.0},{"damage":25.0,"enemies":"3 Sentries","floor":11.0,"turns":5.0},{"damage":6.0,"enemies":"The Mushroom Lair","floor":12.0,"turns":5.0},{"damage":6.0,"enemies":"Small Slimes","floor":13.0,"turns":2.0},{"damage":0.0,"enemies":"Blue Slaver","floor":14.0,"turns":3.0},{"damage":22.0,"enemies":"Hexaghost","floor":16.0,"turns":11.0},{"damage":24.0,"enemies":"Shell Parasite","floor":18.0,"turns":4.0},{"damage":15.0,"enemies":"Spheric Guardian","floor":22.0,"turns":4.0},{"damage":0,"enemies":"Replay:Snechameleon","floor":24,"turns":4},{"damage":10,"enemies":"Cultist and Chosen","floor":28,"turns":5},{"damage":46,"enemies":"Champ","floor":33,"turns":8}],"seed_played":"5667112144297559824","potions_obtained":[{"floor":1.0,"key":"Weak Potion"},{"floor":8.0,"key":"FearPotion"},{"floor":22,"key":"ColorlessPotion"},{"floor":24,"key":"Block Potion"}],"is_trial":false,"path_per_floor":["M","$","?","$","M","E","?","E","T","R","E","?","M","M","R","B",null,"M","?","?","$","M","R","E","?","T","T","M","$","R","?","R","B"],"character_chosen":"THE_SILENT","items_purchased":["Flechettes","Medical Kit","Backstab"],"campfire_rested":1,"item_purchase_floors":[2,21,21],"current_hp_per_floor":[59,59,59,59,59,59,59,51,51,51,26,26,20,26,26,4,51,27,27,27,27,12,31,51,51,51,51,41,41,41,41,41,0,0],"gold":36,"neow_bonus":"THREE_ENEMY_KILL","is_daily":false,"chose_seed":false,"campfire_upgraded":4,"win_rate":0.0,"timestamp":1609417170,"path_taken":["M","$","?","$","M","E","?","E","T","R","E","?","M","M","R","BOSS","M","?","?","$","M","R","E","?","T","?","M","$","R","?","R","BOSS"],"items_purchased_type":["Card","Relic","Card"],"build_version":"2020-12-22","purchased_purges":2,"victory":false,"max_hp_per_floor":[66,66,66,66,66,66,66,66,66,66,66,66,66,66,66,66,66,66,66,66,66,66,66,80,80,80,80,80,80,80,80,80,80,80],"card_choices":[{"not_picked":["Calculated Gamble","Backflip"],"picked":"Acrobatics","floor":1.0},{"not_picked":["Dodge and Roll","Acrobatics"],"picked":"PiercingWail","floor":5.0},{"not_picked":["Night Terror","Flying Knee","Hidden Blade"],"picked":"SKIP","floor":6.0},{"not_picked":["PiercingWail","ReplayTheSpireMod:Tripwire"],"picked":"Masterful Stab","floor":8.0},{"not_picked":["Dagger Spray","ReplayTheSpireMod:Shiv Toss","Finisher"],"picked":"SKIP","floor":11.0},{"not_picked":["Cloak And Dagger","Dagger Spray"],"picked":"Footwork","floor":12.0},{"not_picked":["Burst","PiercingWail"],"picked":"Terror","floor":13.0},{"not_picked":["Blur","Acrobatics","Deflect"],"picked":"SKIP","floor":14.0},{"not_picked":["Underhanded Strike","ReplayTheSpireMod:Speed Training","Bane"],"picked":"SKIP","floor":18.0},{"not_picked":["Outmaneuver","Dodge and Roll"],"picked":"Tactician","floor":22},{"not_picked":["Underhanded Strike","ReplayTheSpireMod:Scrap Shanks"],"picked":"Acrobatics","floor":24},{"not_picked":["Cloak And Dagger","Quick Slash","Slice"],"picked":"SKIP","floor":28}],"player_experience":2149739,"relics_obtained":[{"floor":6.0,"key":"Pen Nib"},{"floor":8.0,"key":"Dead Branch"},{"floor":9.0,"key":"Art of War"},{"floor":11.0,"key":"Dota2Spire:UrnOfShadows"},{"floor":12.0,"key":"Odd Mushroom"},{"floor":24,"key":"Mango"},{"floor":26,"key":"Bronze Scales"},{"floor":27,"key":"Whetstone"}],"event_choices":[{"damage_healed":0.0,"max_hp_gain":0.0,"max_hp_loss":0.0,"gold_gain":0.0,"event_name":"Living Wall","player_choice":"Grow","floor":3.0,"gold_loss":0.0,"damage_taken":0.0,"cards_upgraded":["Flechettes"]},{"damage_healed":0.0,"max_hp_gain":0.0,"max_hp_loss":0.0,"gold_gain":0.0,"event_name":"Mushrooms","player_choice":"Fought Mushrooms","floor":12.0,"gold_loss":0.0,"damage_taken":0.0},{"damage_healed":0.0,"max_hp_gain":0.0,"max_hp_loss":0.0,"gold_gain":0.0,"event_name":"Back to Basics","player_choice":"Simplicity","floor":19.0,"gold_loss":0.0,"damage_taken":0.0,"cards_upgraded":["Strike_G","Defend_G","Defend_G","Defend_G","Defend_G","Defend_G"]},{"damage_healed":0,"gold_gain":0,"player_choice":"Ignored","damage_taken":0,"max_hp_gain":0,"max_hp_loss":0,"event_name":"Vampires","floor":25,"gold_loss":0},{"damage_healed":0,"gold_gain":0,"player_choice":"Upgraded","damage_taken":0,"max_hp_gain":0,"max_hp_loss":0,"event_name":"Upgrade Shrine","floor":31,"gold_loss":0,"cards_upgraded":["Acrobatics"]}],"is_beta":false,"boss_relics":[{"not_picked":["Sozu","Philosopher\u0027s Stone"],"picked":"Astrolabe"}],"items_purged_floors":[4,29],"is_endless":false,"potions_floor_spawned":[1,8,12,13,22,24,28],"killed_by":"Champ","ascension_level":20}}