{"host":"k4et7hlhlqy8fuoz","time":1609415196,"event":{"mods":["2.2 Compatiblity","AchievementEnabler","BaseMod","Colored Map","DeckTracker","Highlight Path","Minty Spire (QoL Compilation)","Random Character Button","Rare Cards Sparkle"],"gold_per_floor":[109,109,121,121,134,134,149,162,162,162,175,175,26,41,41,138,138,108,108,108,27,45,45,45,45,45,45,58,73,73,73,73,168,168,185,205,39,39,55,55,75,88,88,5,5,24,24,36,36,36,36],"floor_reached":50,"playtime":4354,"items_purged":[],"score":486,"play_id":"99d66f9f-f50d-431a-b7fe-c5331a01c704","local_time":"20201231124636","is_ascension_mode":false,"campfire_choices":[{"data":"Searing Blow","floor":6,"key":"SMITH"},{"data":"Searing Blow+1","floor":10,"key":"SMITH"},{"data":"Searing Blow+2","floor":12,"key":"SMITH"},{"data":"Searing Blow+3","floor":15,"key":"SMITH"},{"floor":23,"key":"REST"},{"data":"Searing Blow+4","floor":25,"key":"SMITH"},{"data":"Searing Blow+5","floor":27,"key":"SMITH"},{"data":"Searing Blow+6","floor":30,"key":"SMITH"},{"floor":32,"key":"REST"},{"floor":40,"key":"REST"},{"floor":49,"key":"REST"}],"circlet_count":0,"master_deck":["Strike_R","Strike_R","Strike_R","Strike_R","Strike_R","Defend_R","Defend_R","Defend_R","Defend_R","Bash","Cleave","Shrug It Off","Searing Blow+7","Heavy Blade","Flame Barrier","Twin Strike","Sword Boomerang","Impervious","Shrug It Off+1","Seeing Red","Uppercut","Shrug It Off+1","Twin Strike","Iron Wave","Anger","Cleave+1","Reaper","CurseOfTheBell","Shockwave+1","Carnage+1","Cleave+1","Sever Soul+1","Thunderclap","Anger+1","Iron Wave+1","Twin Strike+1","Sword Boomerang+1","Cleave+1","Seeing Red+1","Intimidate+1","Bandage Up","Shockwave","Writhe","Iron Wave+1","Whirlwind+1","Searing Blow+7","Anger+1","Intimidate+1","Pummel+1"],"relics":["Burning Blood","Dream Catcher","Eternal Feather","Toolbox","SacredBark","Mercury Hourglass","Calling Bell","PreservedInsect","Gremlin Horn","Prayer Wheel","Membership Card","Incense Burner"],"acts_visited":["Exordium","TheCity","TheBeyond"],"potions_floor_usage":[16,36,39],"damage_taken":[{"damage":8,"enemies":"Small Slimes","floor":1,"turns":4},{"damage":9,"enemies":"Cultist","floor":3,"turns":4},{"damage":1,"enemies":"2 Louse","floor":5,"turns":3},{"damage":7,"enemies":"Blue Slaver","floor":7,"turns":3},{"damage":22,"enemies":"Exordium Wildlife","floor":8,"turns":6},{"damage":15,"enemies":"Exordium Thugs","floor":11,"turns":6},{"damage":11,"enemies":"Large Slime","floor":14,"turns":4},{"damage":58,"enemies":"Hexaghost","floor":16,"turns":10},{"damage":25,"enemies":"2 Thieves","floor":18,"turns":5},{"damage":52,"enemies":"3 Byrds","floor":22,"turns":7},{"damage":0,"enemies":"Snecko","floor":28,"turns":4},{"damage":27,"enemies":"Chosen and Byrds","floor":29,"turns":8},{"damage":77,"enemies":"Collector","floor":33,"turns":11},{"damage":7,"enemies":"3 Shapes","floor":35,"turns":4},{"damage":48,"enemies":"3 Darklings","floor":36,"turns":4},{"damage":47,"enemies":"Writhing Mass","floor":39,"turns":5},{"damage":29,"enemies":"Sphere and 2 Shapes","floor":41,"turns":6},{"damage":6,"enemies":"3 Darklings","floor":42,"turns":4},{"damage":32,"enemies":"Spire Growth","floor":46,"turns":4},{"damage":24,"enemies":"Writhing Mass","floor":48,"turns":5},{"damage":80,"enemies":"Time Eater","floor":50,"turns":5}],"seed_played":"6869546604304683980","potions_obtained":[{"floor":7,"key":"GamblersBrew"},{"floor":8,"key":"BlessingOfTheForge"},{"floor":14,"key":"Weak Potion"},{"floor":16,"key":"Regen Potion"},{"floor":41,"key":"ElixirPotion"},{"floor":46,"key":"SmokeBomb"}],"is_trial":false,"path_per_floor":["M","?","M","$","M","R","M","M","T","R","M","R","$","M","R","B",null,"M","?","?","$","M","R","$","R","T","R","M","M","R","?","R","B",null,"M","M","$","?","M","R","M","M","T","$","?","M","?","M","R","B"],"character_chosen":"IRONCLAD","items_purchased":["Toolbox","Uppercut","Membership Card","Thunderclap","Bandage Up","Shockwave"],"campfire_rested":4,"item_purchase_floors":[13,21,37,37,44,44],"current_hp_per_floor":[78,78,75,75,80,80,79,63,63,72,63,72,72,67,76,24,80,61,61,61,61,15,51,51,63,63,75,80,59,74,59,85,14,85,84,52,52,52,11,57,34,34,34,34,55,33,33,19,71,0,0],"gold":36,"neow_bonus":"RANDOM_COMMON_RELIC","is_daily":false,"chose_seed":false,"campfire_upgraded":7,"win_rate":0.0,"timestamp":1609415196,"path_taken":["M","?","M","$","M","R","M","M","T","R","M","R","$","?","R","BOSS","M","?","?","$","M","R","?","R","T","R","M","?","R","?","R","BOSS","M","M","$","?","M","R","M","M","T","$","?","M","?","?","R","BOSS"],"items_purchased_type":["Relic","Card","Relic","Card","Card","Card"],"build_version":"2020-12-22","purchased_purges":0,"victory":false,"max_hp_per_floor":[80,80,80,80,80,80,80,80,80,80,80,80,80,80,80,80,80,80,80,80,80,80,80,80,80,80,80,80,80,80,85,85,85,85,85,85,85,85,85,85,85,85,85,85,85,85,85,85,85,85,85],"card_choices":[{"not_picked":["Armaments","Dark Embrace"],"picked":"Cleave","floor":1},{"not_picked":["Body Slam","Power Through"],"picked":"Shrug It Off","floor":3},{"not_picked":["Battle Trance","Rampage"],"picked":"Searing Blow","floor":5},{"not_picked":["Flex","Clothesline"],"picked":"Heavy Blade","floor":7},{"not_picked":["Anger","Pummel"],"picked":"Flame Barrier","floor":8},{"not_picked":["Iron Wave","Shrug It Off"],"picked":"Twin Strike","floor":11},{"not_picked":["Spot Weakness","Battle Trance"],"picked":"Sword Boomerang","floor":14},{"not_picked":["Barricade","Limit Break"],"picked":"Impervious","floor":16},{"not_picked":["Flex","Power Through"],"picked":"Shrug It Off+1","floor":18},{"not_picked":["Headbutt","Rupture"],"picked":"Shrug It Off+1","floor":22},{"not_picked":["Battle Trance","Shrug It Off"],"picked":"Twin Strike","floor":23},{"not_picked":["Pommel Strike","Thunderclap"],"picked":"Iron Wave","floor":28},{"not_picked":["Shrug It Off","Pommel Strike"],"picked":"Anger","floor":29},{"not_picked":["Iron Wave","Second Wind"],"picked":"Cleave+1","floor":32},{"not_picked":["Berserk","Impervious"],"picked":"Reaper","floor":33},{"not_picked":["Twin Strike","Warcry+1"],"picked":"Shockwave+1","floor":35},{"not_picked":["Flame Barrier","Iron Wave+1"],"picked":"Carnage+1","floor":35},{"not_picked":["True Grit","Combust"],"picked":"Cleave+1","floor":36},{"not_picked":["Dropkick+1","Iron Wave+1"],"picked":"Sever Soul+1","floor":36},{"not_picked":["Armaments+1","Flex+1"],"picked":"Anger+1","floor":39},{"not_picked":["Pommel Strike","Sword Boomerang"],"picked":"Iron Wave+1","floor":39},{"not_picked":["Clash","Body Slam"],"picked":"Twin Strike+1","floor":40},{"not_picked":["Rupture+1","Thunderclap"],"picked":"Sword Boomerang+1","floor":41},{"not_picked":["Impervious","Feel No Pain+1"],"picked":"Cleave+1","floor":41},{"not_picked":["Burning Pact","Cleave"],"picked":"Seeing Red+1","floor":42},{"not_picked":["Heavy Blade+1","Clash+1"],"picked":"Intimidate+1","floor":42},{"not_picked":["Heavy Blade","Second Wind"],"picked":"Iron Wave+1","floor":46},{"not_picked":["True Grit","Fire Breathing+1"],"picked":"Whirlwind+1","floor":46},{"not_picked":["Cleave+1","Berserk"],"picked":"Anger+1","floor":48},{"not_picked":["Cleave+1","Carnage"],"picked":"Intimidate+1","floor":48},{"not_picked":["Flex+1","Dark Embrace"],"picked":"Pummel+1","floor":49}],"player_experience":45114,"relics_obtained":[{"floor":9,"key":"Eternal Feather"},{"floor":26,"key":"Mercury Hourglass"},{"floor":34,"key":"PreservedInsect"},{"floor":34,"key":"Gremlin Horn"},{"floor":34,"key":"Prayer Wheel"},{"floor":43,"key":"Incense Burner"}],"event_choices":[{"damage_healed":0,"gold_gain":0,"player_choice":"Ignored","damage_taken":0,"max_hp_gain":0,"max_hp_loss":0,"event_name":"Purifier","floor":2,"gold_loss":0},{"damage_healed":0,"gold_gain":0,"player_choice":"Ignored","damage_taken":0,"max_hp_gain":0,"max_hp_loss":0,"event_name":"Beggar","floor":19,"gold_loss":0},{"damage_healed":0,"gold_gain":0,"player_choice":"Read","damage_taken":0,"max_hp_gain":0,"max_hp_loss":0,"event_name":"The Library","floor":20,"gold_loss":0,"cards_obtained":["Seeing Red"]},{"damage_healed":0,"gold_gain":0,"player_choice":"Shed Blood","damage_taken":20,"max_hp_gain":5,"max_hp_loss":0,"event_name":"Forgotten Altar","floor":31,"gold_loss":0},{"damage_healed":0,"gold_gain":0,"player_choice":"Ignored","damage_taken":0,"max_hp_gain":0,"max_hp_loss":0,"event_name":"Tomb of Lord Red Mask","floor":38,"gold_loss":0},{"damage_healed":21,"gold_gain":0,"player_choice":"Writhe","damage_taken":0,"max_hp_gain":0,"max_hp_loss":0,"event_name":"Winding Halls","floor":45,"gold_loss":0,"cards_obtained":["Writhe"]},{"damage_healed":0,"gold_gain":0,"player_choice":"Copied","damage_taken":0,"max_hp_gain":0,"max_hp_loss":0,"event_name":"Duplicator","floor":47,"gold_loss":0,"cards_obtained":["Searing Blow"]}],"is_beta":false,"boss_relics":[{"not_picked":["Velvet Choker","Astrolabe"],"picked":"SacredBark"},{"not_picked":["Fusion Hammer","Philosopher\u0027s Stone"],"picked":"Calling Bell"}],"items_purged_floors":[],"is_endless":false,"potions_floor_spawned":[7,8,14,16,18,22,41,46,48],"killed_by":"Time Eater","ascension_level":0}}