{"host":"17xjy7b7ubl548g2","time":1609392409,"event":{"mods":["2.2 Compatiblity","Act Like it!","Aspiration","Astrologer","Bard","BaseMod","Bestiary","Challenge The Spire","ChefMod","Colored Map","Conspire","Elementarium","Energized Spire","GifTheSpireLib","Halation","Hallownest","Hubris","Infinite Spire","Jedi Mod","Jorbs\u0027s Wanderer Trilogy","Marisa（霧雨　魔理沙）","Marked Mod","Minty Spire (QoL Compilation)","Pale of the Ancients","Permanent Neow","Puzzle Mod","Replay The Spire","Robot Space Explorer","Spicy Shops","StSLib","Stuff the Spire","The Blue Laboratory","The Bug Knight","The Construct","The Disciple","The Hayseed","The Hierophant","The Marked","The Runesmith","The Sage"],"gold_per_floor":[118,134,6,6,25,25,37,37,63,63,63,63,91,102,102,202,202,214,62,62,62,62,62,62,62],"floor_reached":24,"playtime":1440,"items_purged":["theMarked:Strike","theMarked:Strike"],"score":221,"play_id":"b42b8051-0e11-4680-b884-0a1a23295bef","local_time":"20201231002649","is_ascension_mode":true,"campfire_choices":[{"data":"theMarked:SoldierOfQuellstein","floor":6,"key":"SMITH"},{"data":"theMarked:SelfDefenseTraining","floor":8,"key":"SMITH"},{"data":"theMarked:ElectricStrings","floor":12,"key":"SMITH"},{"data":"theMarked:EmpowerWeapon","floor":15,"key":"SMITH"},{"data":"theMarked:EternalStudent","floor":23,"key":"SMITH"}],"circlet_count":0,"master_deck":["theMarked:Strike","theMarked:Strike","theMarked:Strike","theMarked:Defend","theMarked:Defend","theMarked:Defend","theMarked:Defend+1","theMarked:SoldierOfQuellstein+1","theMarked:FavorableWinds","theMarked:ElectricStrings+1","theMarked:SelfDefenseTraining+1","theMarked:ChainLightning","theMarked:WardOff","theMarked:EmpowerWeapon+1","theMarked:ShockingTouch","theMarked:EternalStudent+1","theMarked:Frustration","theMarked:Electrocute","theMarked:Static+1","theMarked:MaelstromOfLightning","theMarked:MaelstromOfLightning","StuffTheSpire:DeathNote"],"relics":["theMarked:ArtifactOfAir","Gremlin Food","halation:EternalFortune","halation:KoshaPiece","energizedSpire:StickyHand"],"acts_visited":["Exordium","TheCity"],"potions_floor_usage":[13,18],"damage_taken":[{"damage":4,"enemies":"Small Slimes","floor":1,"turns":4},{"damage":0,"enemies":"Cultist","floor":2,"turns":3},{"damage":0,"enemies":"2 Louse","floor":5,"turns":3},{"damage":1,"enemies":"Looter","floor":7,"turns":4},{"damage":29,"enemies":"Lagavulin","floor":13,"turns":9},{"damage":3,"enemies":"Blue Slaver","floor":14,"turns":3},{"damage":20,"enemies":"The Guardian","floor":16,"turns":8},{"damage":12,"enemies":"2 Thieves","floor":18,"turns":3},{"damage":6,"enemies":"Replay:Snechameleon","floor":24,"turns":4}],"seed_played":"-7721082529286359182","potions_obtained":[{"floor":2,"key":"EntropicBrew"},{"floor":4,"key":"DuplicationPotion"},{"floor":4,"key":"LiquidBronze"},{"floor":5,"key":"blueLaboratory:FrostheartPotion"},{"floor":14,"key":"Languid Potion"}],"is_trial":false,"path_per_floor":["M","M","$","?","M","R","M","R","T","?","?","R","E","M","R","B",null,"M","$","?","?","?","R","E"],"character_chosen":"THE_DEFAULT","items_purchased":["theMarked:ChainLightning","theMarked:MaelstromOfLightning"],"campfire_rested":0,"item_purchase_floors":[3,19],"current_hp_per_floor":[66,66,66,66,66,66,65,65,65,65,68,68,39,36,36,19,76,64,64,64,44,30,30,24,24],"gold":62,"neow_bonus":"ONE_RANDOM_RARE_CARD","is_daily":false,"chose_seed":false,"campfire_upgraded":5,"win_rate":0.0,"timestamp":1609392409,"path_taken":["M","M","$","?","?","R","M","R","T","?","?","R","E","M","R","BOSS","M","$","?","?","?","R","E"],"items_purchased_type":["Card","Card"],"build_version":"2020-12-22","purchased_purges":2,"victory":false,"max_hp_per_floor":[70,70,70,70,70,70,70,70,70,70,73,73,73,73,73,76,76,76,76,76,76,81,81,81,81],"card_choices":[{"not_picked":["theMarked:ResourceFulStrike","theMarked:Static"],"picked":"theMarked:ElectricStrings","floor":1},{"not_picked":["theMarked:MaelstromOfLightning","theMarked:TunnelVision"],"picked":"theMarked:SelfDefenseTraining","floor":2},{"not_picked":["theMarked:ElectricStrings","theMarked:MysticalArsenal","theMarked:Aftermath"],"picked":"SKIP","floor":5},{"not_picked":["theMarked:Aftermath","theMarked:RepellingDischarge"],"picked":"theMarked:WardOff","floor":7},{"not_picked":["theMarked:WastefulDefense","theMarked:DeterminationOfTheMarked"],"picked":"theMarked:EmpowerWeapon","floor":13},{"not_picked":["theMarked:MysticalArsenal","theMarked:ElectricStrings"],"picked":"theMarked:ShockingTouch","floor":14},{"not_picked":["theMarked:UnarmedFury","theMarked:TurnInvisible"],"picked":"theMarked:EternalStudent","floor":16},{"not_picked":["theMarked:Frustration","theMarked:Static+1"],"picked":"theMarked:Electrocute","floor":18}],"player_experience":1603143,"relics_obtained":[{"floor":9,"key":"Gremlin Food"},{"floor":13,"key":"halation:KoshaPiece"},{"floor":16,"key":"halation:EternalFortune"}],"event_choices":[{"damage_healed":0,"gold_gain":0,"player_choice":"Got Potions","damage_taken":0,"max_hp_gain":0,"max_hp_loss":0,"event_name":"Lab","floor":4,"gold_loss":0},{"damage_healed":0,"gold_gain":0,"player_choice":"Shed Blood","damage_taken":19,"max_hp_gain":5,"max_hp_loss":0,"event_name":"Forgotten Altar","floor":22,"gold_loss":0}],"is_beta":false,"boss_relics":[{"not_picked":["SacredBark","Replay:Bronze Core"],"picked":"energizedSpire:StickyHand"}],"items_purged_floors":[3,19],"is_endless":false,"potions_floor_spawned":[2,5,14],"killed_by":"Replay:Snechameleon","ascension_level":3}}