{"host":"6gnv7me3tk2udb7q","time":1609447680,"event":{"mods":["BaseMod","Bestiary","Colored Map","Minty Spire (QoL Compilation)"],"gold_per_floor":[114,124,124,137,157,157,189,189,213,49,49,85,121,156,156,260,332,357,385,394,45,54,89,122,151,151,172,207,207,243,262,262,370,370,395,31,57,279,288,288,288,347,347,347,347,359,395,412,412,412,412,412,308,349,349],"floor_reached":56,"playtime":4955,"items_purged":["Gash"],"score":1719,"play_id":"0e3f3c09-d749-40ad-a6eb-26ccd55b4f1c","local_time":"20201231154800","is_ascension_mode":true,"campfire_choices":[{"data":"Fission","floor":6,"key":"SMITH"},{"floor":8,"key":"REST"},{"data":"Tempest","floor":11,"key":"SMITH"},{"data":"Darkness","floor":15,"key":"SMITH"},{"floor":29,"key":"REST"},{"floor":32,"key":"REST"},{"data":"Apotheosis","floor":40,"key":"SMITH"},{"floor":44,"key":"REST"},{"floor":49,"key":"RECALL"},{"data":"Chill","floor":52,"key":"SMITH"}],"circlet_count":0,"master_deck":["Zap","Dualcast","Tempest+1","Ball Lightning","Chill+1","Fission+1","Steam","Hologram","Darkness+1","Machine Learning","Compile Driver","Rainbow","Scrape","Go for the Eyes","Undo","Auto Shields","Rainbow","Scrape","Amplify","Ball Lightning","Undo","Defragment","Defragment","Fission+1","Lockon","Stack","Writhe","Core Surge","Recycle+1","Glacier","Chaos+1","Steam Power+1","Multi-Cast","Coolheaded+1","Capacitor","Hologram+1","Apotheosis+1","Ball Lightning+1","Meteor Strike","Consume","Fission","Compile Driver+1","Conserve Battery","Steam","Capacitor"],"relics":["Inserter","Centennial Puzzle","Ancient Tea Set","CeramicFish","Chemical X","Calipers","Odd Mushroom","DataDisk","Pandora\u0027s Box","DollysMirror","Potion Belt","Orichalcum","Red Mask","PreservedInsect","Unceasing Top","Bottled Lightning","Cursed Key","Omamori","Lantern","Thread and Needle","Pantograph","Darkstone Periapt","Orrery","Akabeko"],"acts_visited":["Exordium","TheCity","TheBeyond","TheEnding"],"potions_floor_usage":[7,14,16,27,33,55,55,55,55],"damage_taken":[{"damage":5.0,"enemies":"Small Slimes","floor":1.0,"turns":3.0},{"damage":18.0,"enemies":"2 Louse","floor":2.0,"turns":3.0},{"damage":2.0,"enemies":"Jaw Worm","floor":4.0,"turns":4.0},{"damage":2,"enemies":"2 Fungi Beasts","floor":5,"turns":2},{"damage":12,"enemies":"Gremlin Nob","floor":7,"turns":3},{"damage":0,"enemies":"3 Sentries","floor":12,"turns":4},{"damage":0,"enemies":"The Mushroom Lair","floor":13,"turns":2},{"damage":0,"enemies":"Gremlin Nob","floor":14,"turns":2},{"damage":36,"enemies":"Slime Boss","floor":16,"turns":9},{"damage":4,"enemies":"2 Thieves","floor":18,"turns":2},{"damage":8,"enemies":"Chosen","floor":19,"turns":2},{"damage":25,"enemies":"Gremlin Leader","floor":23,"turns":6},{"damage":1,"enemies":"Masked Bandits","floor":24,"turns":5},{"damage":0,"enemies":"Centurion and Healer","floor":25,"turns":9},{"damage":0,"enemies":"Snecko","floor":27,"turns":3},{"damage":6,"enemies":"Book of Stabbing","floor":28,"turns":4},{"damage":0,"enemies":"Gremlin Leader","floor":30,"turns":4},{"damage":8,"enemies":"Snake Plant","floor":31,"turns":3},{"damage":28,"enemies":"Automaton","floor":33,"turns":10},{"damage":1,"enemies":"Orb Walker","floor":35,"turns":2},{"damage":19,"enemies":"3 Darklings","floor":37,"turns":5},{"damage":8,"enemies":"Mind Bloom Boss Battle","floor":42,"turns":4},{"damage":8,"enemies":"Transient","floor":46,"turns":5},{"damage":0,"enemies":"Giant Head","floor":47,"turns":5},{"damage":0,"enemies":"Spire Growth","floor":48,"turns":3},{"damage":40,"enemies":"Donu and Deca","floor":50,"turns":8},{"damage":17,"enemies":"Shield and Spear","floor":54,"turns":2},{"damage":51,"enemies":"The Heart","floor":55,"turns":9}],"seed_played":"-3637998355599182248","potions_obtained":[{"floor":4.0,"key":"BlessingOfTheForge"},{"floor":5,"key":"SkillPotion"},{"floor":7,"key":"AttackPotion"},{"floor":14,"key":"DuplicationPotion"},{"floor":18,"key":"Weak Potion"},{"floor":25,"key":"AttackPotion"},{"floor":27,"key":"Ancient Potion"},{"floor":33,"key":"FearPotion"},{"floor":37,"key":"Explosive Potion"},{"floor":42,"key":"SteroidPotion"},{"floor":54,"key":"SkillPotion"}],"is_trial":false,"path_per_floor":["M","M","?","M","M","R","E","R","T","$","R","E","?","E","R","B",null,"M","M","?","$","?","E","?","M","T","M","E","R","E","M","R","B",null,"M","$","M","?","?","R","T","?","T","R","?","M","E","M","R","B",null,"R","$","E","B",null],"character_chosen":"DEFECT","items_purchased":["Chemical X","Hologram","Defragment","DollysMirror","Lockon","Stack","Omamori","Capacitor","Lantern","Orrery"],"campfire_rested":4,"item_purchase_floors":[10,10,21,21,21,21,36,36,36,53],"current_hp_per_floor":[63,45,42,40,38,38,26,48,48,48,48,48,48,48,48,12,59,55,47,47,47,47,22,21,21,21,21,15,37,37,29,51,23,62,61,61,42,42,42,42,42,34,34,56,56,48,48,48,48,33,65,65,65,48,22],"gold":349,"neow_bonus":"BOSS_RELIC","is_daily":false,"chose_seed":false,"campfire_upgraded":5,"win_rate":0.0,"timestamp":1609447680,"path_taken":["M","M","?","M","M","R","E","R","T","$","R","E","?","E","R","BOSS","M","M","?","$","?","E","?","?","T","M","E","R","E","M","R","BOSS","M","$","M","?","?","R","?","?","T","R","?","?","E","M","R","BOSS","R","$","E","BOSS"],"items_purchased_type":["Relic","Card","Card","Relic","Card","Card","Relic","Card","Relic","Relic"],"build_version":"2020-12-22","purchased_purges":1,"victory":true,"max_hp_per_floor":[75,75,75,75,75,75,75,75,75,75,75,75,75,75,75,75,75,75,75,75,75,75,75,75,75,75,75,75,75,75,75,75,75,75,75,75,75,75,75,75,75,75,75,75,75,75,75,75,75,75,75,75,75,75,75],"card_choices":[{"not_picked":["Beam Cell","Double Energy"],"picked":"Tempest","floor":1.0},{"not_picked":["Melter","Leap"],"picked":"Ball Lightning","floor":2.0},{"not_picked":["Beam Cell","Streamline"],"picked":"Chill","floor":4.0},{"not_picked":["Turbo","Steam"],"picked":"Fission","floor":5},{"not_picked":["Static Discharge","Cold Snap"],"picked":"Steam","floor":7},{"not_picked":["Gash","Turbo"],"picked":"Darkness","floor":12},{"not_picked":["Coolheaded","Blizzard"],"picked":"Machine Learning","floor":13},{"not_picked":["Conserve Battery","FTL"],"picked":"Compile Driver","floor":14},{"not_picked":["Meteor Strike","Reboot"],"picked":"Rainbow","floor":16},{"not_picked":["Stack","Sweeping Beam"],"picked":"Ball Lightning","floor":18},{"not_picked":["Barrage","Static Discharge"],"picked":"Undo","floor":19},{"not_picked":["Ball Lightning","Coolheaded"],"picked":"Core Surge","floor":23},{"not_picked":["Undo","Rip and Tear"],"picked":"Recycle+1","floor":25},{"not_picked":["Reprogram+1","Redo"],"picked":"Barrage","floor":27},{"not_picked":["Rebound","Rainbow"],"picked":"Glacier","floor":28},{"not_picked":["Compile Driver+1","Stack"],"picked":"Chaos+1","floor":30},{"not_picked":["Compile Driver+1","Cold Snap"],"picked":"Steam Power+1","floor":31},{"not_picked":["Reboot","Rainbow"],"picked":"Multi-Cast","floor":33},{"not_picked":["Steam Power","White Noise"],"picked":"Coolheaded+1","floor":35},{"not_picked":["White Noise+1","Compile Driver+1"],"picked":"Hologram+1","floor":37},{"not_picked":["Mayhem","Enlightenment"],"picked":"Apotheosis","floor":39},{"not_picked":["Streamline+1","Rebound"],"picked":"Ball Lightning+1","floor":42},{"not_picked":["Turbo","Go for the Eyes","Ball Lightning"],"picked":"SKIP","floor":46},{"not_picked":["All For One","Barrage+1"],"picked":"Meteor Strike","floor":47},{"not_picked":["Hologram","Cold Snap","Turbo"],"picked":"SKIP","floor":48},{"not_picked":["Redo","Compile Driver"],"picked":"Consume","floor":53},{"not_picked":["Redo+1","Steam"],"picked":"Fission","floor":53},{"not_picked":["Beam Cell+1","Turbo+1"],"picked":"Compile Driver+1","floor":53},{"not_picked":["Steam","Cold Snap"],"picked":"Conserve Battery","floor":53},{"not_picked":["Beam Cell","Sweeping Beam"],"picked":"Steam","floor":53},{"not_picked":["Barrage","Cold Snap+1"],"picked":"Capacitor","floor":54}],"player_experience":563089,"relics_obtained":[{"floor":7,"key":"Ancient Tea Set"},{"floor":9,"key":"CeramicFish"},{"floor":12,"key":"Calipers"},{"floor":13,"key":"Odd Mushroom"},{"floor":14,"key":"DataDisk"},{"floor":23,"key":"Orichalcum"},{"floor":24,"key":"Red Mask"},{"floor":26,"key":"PreservedInsect"},{"floor":28,"key":"Unceasing Top"},{"floor":30,"key":"Bottled Lightning"},{"floor":42,"key":"Thread and Needle"},{"floor":43,"key":"Pantograph"},{"floor":47,"key":"Darkstone Periapt"},{"floor":54,"key":"Akabeko"}],"event_choices":[{"damage_healed":0.0,"max_hp_gain":0.0,"max_hp_loss":0.0,"gold_gain":0.0,"event_name":"Scrap Ooze","player_choice":"Success","floor":3.0,"gold_loss":0.0,"damage_taken":3.0,"relics_obtained":["Centennial Puzzle"]},{"damage_healed":0,"gold_gain":0,"player_choice":"Fought Mushrooms","damage_taken":0,"max_hp_gain":0,"max_hp_loss":0,"event_name":"Mushrooms","floor":13,"gold_loss":0},{"damage_healed":0,"gold_gain":0,"player_choice":"Read","damage_taken":0,"max_hp_gain":0,"max_hp_loss":0,"event_name":"The Library","floor":20,"gold_loss":0,"cards_obtained":["Defragment"]},{"damage_healed":0,"gold_gain":0,"player_choice":"Opened","damage_taken":0,"relics_obtained":["Potion Belt"],"max_hp_gain":0,"max_hp_loss":0,"event_name":"The Mausoleum","floor":22,"gold_loss":0,"cards_obtained":["Writhe"]},{"damage_healed":0,"gold_gain":0,"player_choice":"Fought Bandits","damage_taken":0,"max_hp_gain":0,"max_hp_loss":0,"event_name":"Masked Bandits","floor":24,"gold_loss":0},{"damage_healed":0,"gold_gain":222,"player_choice":"Wore Mask","damage_taken":0,"max_hp_gain":0,"max_hp_loss":0,"event_name":"Tomb of Lord Red Mask","floor":38,"gold_loss":0},{"damage_healed":0,"gold_gain":0,"player_choice":"Memory 1","damage_taken":0,"max_hp_gain":0,"max_hp_loss":0,"event_name":"SensoryStone","floor":39,"gold_loss":0},{"damage_healed":0,"gold_gain":0,"player_choice":"Fight","damage_taken":0,"max_hp_gain":0,"max_hp_loss":0,"event_name":"MindBloom","floor":42,"gold_loss":0},{"cards_removed":["Barrage"],"damage_healed":0,"gold_gain":0,"player_choice":"Removed Attack","damage_taken":0,"max_hp_gain":0,"max_hp_loss":0,"event_name":"Falling","floor":45,"gold_loss":0}],"is_beta":false,"boss_relics":[{"not_picked":["Black Star","Velvet Choker"],"picked":"Pandora\u0027s Box"},{"not_picked":["Sozu","Tiny House"],"picked":"Cursed Key"}],"items_purged_floors":[21],"is_endless":false,"potions_floor_spawned":[4,5,7,14,18,25,27,33,37,42,54],"ascension_level":7}}