{"host":"appz8zkad29u9482","time":1609379417,"event":{"mods":["2.2 Compatiblity","Act Like it!","Aspiration","BaseMod","Better Altar","Better Match","Better Note","Better Skull","Better Third Choice","BetterRewards","CapriCore","Conspire","Disable Question Mark Monsters","Energized Spire","Gensokyo","GifTheSpireLib","Gold Saver","Halation","Hermit","Hubris","Infinite Spire","Jedi Mod","Koishi","Marisa????????","Minty Spire (QoL Compilation)","Permanent Neow","Reimu??????","Replay The Spire","Spicy Shops","StSLib","Strawberry Spire","Stuff the Spire","The Administrix","The Animator","The Cursed","The Immortal","The Servant 0.9.4","Yakumo Yukari mod","yUi"],"gold_per_floor":[720,296,296,296,309,309,340,357,382,411,426,426,441,455,455,551,551,568,585,685,685,696,696,723,723,723,723,723,742,742,775,775,872,872,884,884,896,896,916,916,934,934,934,946,267,267,352,352,352,352,352,352,136,162,162],"floor_reached":56,"playtime":8883,"items_purged":["Decay"],"score":1220,"play_id":"b73e66b1-3581-4c7d-9c17-8fd477ad9512","local_time":"20201230155017","is_ascension_mode":false,"campfire_choices":[{"data":"AdministrixMod:SealAway","floor":6.0,"key":"SMITH"},{"data":"AdministrixMod:JustRewards","floor":12.0,"key":"SMITH"},{"data":"AdministrixMod:Katabasis","floor":15.0,"key":"SMITH"},{"data":"AdministrixMod:FaithfulFlames","floor":23.0,"key":"SMITH"},{"data":"AdministrixMod:BegetEternity","floor":30.0,"key":"SMITH"},{"floor":32.0,"key":"RECALL"},{"data":"ReplayTheSpireMod:Chaos Vortex","floor":40.0,"key":"SMITH"},{"floor":42.0,"key":"REST"},{"data":"AdministrixMod:ImmortalPurity","floor":46.0,"key":"SMITH"},{"data":"AdministrixMod:ImmortalGrace","floor":52.0,"key":"SMITH"}],"circlet_count":0,"master_deck":["AdministrixMod:Strike_Administrix","AdministrixMod:Strike_Administrix","AdministrixMod:RedCloak+1","AdministrixMod:Defend_Administrix","AdministrixMod:Defend_Administrix","AdministrixMod:Defend_Administrix","AdministrixMod:Defend_Administrix","AdministrixMod:BlueCloak","AdministrixMod:Transition","AdministrixMod:SealAway+1","AdministrixMod:CastOffRegrets","AdministrixMod:JustRewards+1","AdministrixMod:BegetEternity+1","AdministrixMod:CenturiesAscent","AdministrixMod:CastOffRegrets","AdministrixMod:ArmillarySphere","AdministrixMod:Katabasis+1","AdministrixMod:FaithfulFlames+1","AdministrixMod:LightOfYourLife","AdministrixMod:HarmonicReverence","jedi:frostbite","Survivor","AdministrixMod:LuminaryPath+1","jedi:forcepull","ReplayTheSpireMod:Chaos Vortex+1","AdministrixMod:ChooseYourEnd","AdministrixMod:FearOfDeath","AdministrixMod:Transition","AdministrixMod:BattleforgedBonds+1","AdministrixMod:DeathByGlamour","AdministrixMod:MixOfMercury+1","StuffTheSpire:BrainWave","AdministrixMod:ImmortalGrace+1","AdministrixMod:PassageOfAges+1","AdministrixMod:CastOffRegrets+1","AdministrixMod:ImmortalPurity+1","AdministrixMod:ImmortalPurity","AdministrixMod:DeathByGlamour","AdministrixMod:TouchOfCinnabar+1","Wraith","AdministrixMod:XianArts","AdministrixMod:CastOffRegrets+1"],"relics":["AdministrixMod:ConductorRitualBaton","strawberrySpire:InflatableHammer","hubris:BundleOfHerbs","strawberrySpire:PoopsieRoll","infinitespire:CursedDice","hubris:TenFootPole","AdministrixMod:ElixirOfImmorality","ReplayTheSpireMod:SealedPack","strawberrySpire:ShipInABottle","hubris:PeanutButter","Nloth\u0027s Gift","Replay:Multitool","strawberrySpire:SolarisEssence","PreservedInsect","conspire:GiftBox","Ice Cream","Replay:Mystery Machine","hubris:Icosahedron","OrangePellets","conspire:Boomerang"],"acts_visited":["Exordium","TheCity","TheBeyond","TheEnding"],"potions_floor_usage":[55],"damage_taken":[{"damage":0.0,"enemies":"conspire:RoseBush","floor":1.0,"turns":3.0},{"damage":0.0,"enemies":"Jaw Worm","floor":5.0,"turns":3.0},{"damage":10.0,"enemies":"Replay:BlueRogue","floor":7.0,"turns":6.0},{"damage":8.0,"enemies":"infinitespire:Voidling","floor":8.0,"turns":4.0},{"damage":16.0,"enemies":"strawberrySpire:EnergyPylons","floor":10.0,"turns":3.0},{"damage":0.0,"enemies":"2 Fungi Beasts","floor":11.0,"turns":2.0},{"damage":0.0,"enemies":"3 Louse","floor":13.0,"turns":2.0},{"damage":7.0,"enemies":"Blue Slaver","floor":14.0,"turns":2.0},{"damage":8.0,"enemies":"Slime Boss","floor":16.0,"turns":8.0},{"damage":14.0,"enemies":"Shell Parasite","floor":18.0,"turns":4.0},{"damage":12.0,"enemies":"Spheric Guardian","floor":19.0,"turns":3.0},{"damage":7.0,"enemies":"conspire:HollyBat","floor":22.0,"turns":10.0},{"damage":3.0,"enemies":"Book of Stabbing","floor":24.0,"turns":5.0},{"damage":0.0,"enemies":"Cultist and Chosen","floor":29.0,"turns":8.0},{"damage":19.0,"enemies":"strawberrySpire:AncientClocktower","floor":31.0,"turns":7.0},{"damage":8.0,"enemies":"hubris:MusketHawk","floor":33.0,"turns":7.0},{"damage":16.0,"enemies":"3 Shapes","floor":35.0,"turns":7.0},{"damage":0.0,"enemies":"Orb Walker","floor":37.0,"turns":5.0},{"damage":31.0,"enemies":"Jaw Worm Horde","floor":39.0,"turns":4.0},{"damage":1.0,"enemies":"Sphere and 2 Shapes","floor":41.0,"turns":4.0},{"damage":1.0,"enemies":"Spire Growth","floor":44.0,"turns":4.0},{"damage":108.0,"enemies":"conspire:OrnateMirror","floor":50.0,"turns":6.0},{"damage":34.0,"enemies":"Shield and Spear","floor":54.0,"turns":6.0},{"damage":118,"enemies":"The Heart","floor":55,"turns":8}],"seed_played":"-2611744065797431291","potions_obtained":[{"floor":5.0,"key":"PowerPotion"},{"floor":7.0,"key":"Reflective Coating"},{"floor":8.0,"key":"ZuzhouPotion:ReiMu"},{"floor":14.0,"key":"Energy Potion"},{"floor":18.0,"key":"Block Potion"},{"floor":24.0,"key":"Languid Potion"},{"floor":33.0,"key":"DuplicationPotion"},{"floor":37.0,"key":"DuplicationPotion"},{"floor":47.0,"key":"DistilledChaos"},{"floor":47.0,"key":"MagicPotion:ReiMu"},{"floor":54.0,"key":"ColorlessPotion"}],"is_trial":false,"path_per_floor":["M","$","?","?","M","R","E","M","T","E","M","R","M","M","R","B",null,"M","M","?","AVR","M","R","E","?","T","?","?","M","R","E","R","B",null,"M","?","M","?","M","R","M","R","T","M","$","R","?","?","R","B",null,"R","$","E","B",null],"character_chosen":"TheAdministrix","items_purchased":["strawberrySpire:InflatableHammer","hubris:BundleOfHerbs","AdministrixMod:SealAway","AdministrixMod:ImmortalPurity","conspire:GiftBox","Ice Cream","AdministrixMod:XianArts","OrangePellets"],"campfire_rested":1,"item_purchase_floors":[2,2,2,45,45,45,53,53],"current_hp_per_floor":[65,65,65,65,65,65,55,51,51,35,35,35,35,28,28,20,65,51,39,39,39,32,32,29,29,29,29,29,29,29,10,10,2,65,49,49,49,49,18,18,17,34,34,33,33,33,33,33,33,5,59,59,59,25,59],"gold":162,"neow_bonus":"UPGRADE_CARD","is_daily":false,"chose_seed":false,"campfire_upgraded":8,"win_rate":0.0,"timestamp":1609379417,"path_taken":["M","$","?","?","M","R","E","M","T","E","M","R","M","M","R","BOSS","M","?","?","AVR","M","R","E","?","T","?","?","M","R","E","R","BOSS","M","?","M","?","M","R","?","R","T","M","$","R","?","?","R","BOSS","R","$","E","BOSS"],"items_purchased_type":["Relic","Relic","Card","Card","Relic","Relic","Card","Relic"],"build_version":"2020-12-22","purchased_purges":1,"victory":true,"max_hp_per_floor":[65,65,65,65,65,65,65,65,65,65,65,65,65,65,65,65,65,65,65,65,65,65,65,65,65,65,65,65,65,65,65,65,65,65,65,59,59,59,59,59,59,59,59,59,59,59,59,59,59,59,59,59,59,59,59],"card_choices":[{"not_picked":["AdministrixMod:RebukeDesires","AdministrixMod:RegentEdict"],"picked":"AdministrixMod:Transition","floor":1.0},{"not_picked":["AdministrixMod:LightOfYourLife","AdministrixMod:QuietConspiracy"],"picked":"AdministrixMod:CastOffRegrets","floor":5.0},{"not_picked":["AdministrixMod:NewWardrobe","AdministrixMod:TenDesires"],"picked":"AdministrixMod:JustRewards","floor":7.0},{"not_picked":["AdministrixMod:RebukeDesires","AdministrixMod:SeventeenArticleLaser"],"picked":"AdministrixMod:BegetEternity","floor":8.0},{"not_picked":["AdministrixMod:SealAway","AdministrixMod:BloodlessSapphire"],"picked":"AdministrixMod:CenturiesAscent","floor":10.0},{"not_picked":["AdministrixMod:RebukeDesires","AdministrixMod:DiversionaryTactic"],"picked":"AdministrixMod:CastOffRegrets","floor":11.0},{"not_picked":["AdministrixMod:PlateOfAntiquity","AdministrixMod:WickedPunishment"],"picked":"AdministrixMod:ArmillarySphere","floor":13.0},{"not_picked":["AdministrixMod:Transition","AdministrixMod:SipOfSparks"],"picked":"AdministrixMod:Katabasis","floor":14.0},{"not_picked":["AdministrixMod:Mastermind","AdministrixMod:FalseDeath"],"picked":"AdministrixMod:FaithfulFlames","floor":16.0},{"not_picked":["AdministrixMod:ExtolVirtue+1","AdministrixMod:CrackingPangu"],"picked":"AdministrixMod:LightOfYourLife","floor":18.0},{"not_picked":["AdministrixMod:SyncreticSurge","AdministrixMod:ArmillarySphere"],"picked":"AdministrixMod:HarmonicReverence","floor":19.0},{"not_picked":["AdministrixMod:Daybreak","hubris:MerchantsHand"],"picked":"Survivor","floor":21.0},{"not_picked":["AdministrixMod:ImmortalClarity","AdministrixMod:LifeforceNet"],"picked":"AdministrixMod:LuminaryPath","floor":21.0},{"not_picked":["StuffTheSpire:PlasmaPunch","Good Instincts"],"picked":"jedi:forcepull","floor":21.0},{"not_picked":["infinitespire:UltimateForm","ReplayTheSpireMod:Echoes of Time"],"picked":"ReplayTheSpireMod:Chaos Vortex","floor":21.0},{"not_picked":["AdministrixMod:ImmortalGrace","AdministrixMod:FuneraryRites"],"picked":"AdministrixMod:ChooseYourEnd","floor":22.0},{"not_picked":["AdministrixMod:SealAway+1","AdministrixMod:CrackingPangu"],"picked":"AdministrixMod:FearOfDeath","floor":24.0},{"not_picked":["AdministrixMod:ImmortalGrace+1","AdministrixMod:ShadowPlay+1"],"picked":"AdministrixMod:Transition","floor":29.0},{"not_picked":["AdministrixMod:FalseDeath","AdministrixMod:QuietConspiracy"],"picked":"AdministrixMod:BattleforgedBonds+1","floor":31.0},{"not_picked":["AdministrixMod:ImmortalClarity+1","AdministrixMod:FearOfDeath"],"picked":"AdministrixMod:DeathByGlamour","floor":33.0},{"not_picked":["AdministrixMod:ArmillarySphere+1","AdministrixMod:BegetEternity+1"],"picked":"AdministrixMod:MixOfMercury+1","floor":35.0},{"not_picked":["AdministrixMod:DiversionaryTactic+1","AdministrixMod:PlateOfAntiquity","AdministrixMod:ShadowPlay+1"],"picked":"SKIP","floor":37.0},{"not_picked":["AdministrixMod:CrackingPangu+1","AdministrixMod:RegentEdict+1"],"picked":"AdministrixMod:PassageOfAges+1","floor":39.0},{"not_picked":["AdministrixMod:NewWardrobe+1","AdministrixMod:PlateOfAntiquity+1"],"picked":"AdministrixMod:CastOffRegrets+1","floor":41.0},{"not_picked":["AdministrixMod:NewWardrobe","AdministrixMod:FearOfDeath+1"],"picked":"AdministrixMod:ImmortalPurity","floor":44.0},{"not_picked":["AdministrixMod:GirlsDoItBetter","AdministrixMod:CosmosControl"],"picked":"AdministrixMod:DeathByGlamour","floor":45.0},{"not_picked":["AdministrixMod:CenturiesAscent+1","AdministrixMod:DiversionaryTactic+1"],"picked":"AdministrixMod:TouchOfCinnabar+1","floor":47.0},{"not_picked":["AdministrixMod:CrackingPangu+1","AdministrixMod:UnstableVigor+1"],"picked":"AdministrixMod:CastOffRegrets+1","floor":54.0}],"player_experience":414158,"relics_obtained":[{"floor":7.0,"key":"infinitespire:CursedDice"},{"floor":10.0,"key":"hubris:TenFootPole"},{"floor":24.0,"key":"strawberrySpire:ShipInABottle"},{"floor":26.0,"key":"hubris:PeanutButter"},{"floor":31.0,"key":"Replay:Multitool"},{"floor":43.0,"key":"PreservedInsect"},{"floor":47.0,"key":"Replay:Mystery Machine"},{"floor":54.0,"key":"conspire:Boomerang"}],"event_choices":[{"cards_removed":["AdministrixMod:Strike_Administrix"],"damage_healed":0.0,"max_hp_gain":0.0,"max_hp_loss":0.0,"gold_gain":0.0,"event_name":"Purifier","player_choice":"Purged","floor":4.0,"gold_loss":0.0,"damage_taken":0.0},{"damage_healed":0.0,"max_hp_gain":0.0,"max_hp_loss":0.0,"gold_gain":100.0,"event_name":"Golden Shrine","player_choice":"Pray","floor":20.0,"gold_loss":0.0,"damage_taken":0.0},{"cards_removed":["jedi:frostbite","StuffTheSpire:CuriosityCurse"],"damage_healed":0.0,"max_hp_gain":0.0,"max_hp_loss":0.0,"gold_gain":0.0,"event_name":"Fountain of Cleansing","player_choice":"Removed Curses","floor":25.0,"gold_loss":0.0,"damage_taken":0.0},{"damage_healed":0.0,"max_hp_gain":0.0,"max_hp_loss":0.0,"gold_gain":0.0,"event_name":"N\u0027loth","player_choice":"Traded Relic","floor":27.0,"relics_lost":["halation:Convergence"],"gold_loss":0.0,"damage_taken":0.0,"relics_obtained":["Nloth\u0027s Gift"]},{"damage_healed":0.0,"max_hp_gain":0.0,"max_hp_loss":0.0,"gold_gain":0.0,"event_name":"Upgrade Shrine","player_choice":"Upgraded","floor":28.0,"gold_loss":0.0,"damage_taken":0.0,"cards_upgraded":["AdministrixMod:LuminaryPath"]},{"damage_healed":0.0,"max_hp_gain":0.0,"max_hp_loss":0.0,"gold_gain":0.0,"cards_transformed":["AdministrixMod:Strike_Administrix"],"event_name":"Transmorgrifier","player_choice":"Transformed","floor":38.0,"gold_loss":0.0,"damage_taken":0.0,"cards_obtained":["AdministrixMod:ImmortalGrace"]},{"damage_healed":0.0,"max_hp_gain":0.0,"max_hp_loss":0.0,"gold_gain":0.0,"event_name":"OrinTheCat","player_choice":"Ignored","floor":49.0,"gold_loss":0.0,"damage_taken":0.0}],"is_beta":false,"boss_relics":[{"not_picked":["aspiration:FutureDiary","aspiration:IroncladSkillbook"],"picked":"AdministrixMod:ElixirOfImmorality"},{"not_picked":["Sozu","halation:MonkeysPaw"],"picked":"strawberrySpire:SolarisEssence"}],"items_purged_floors":[53],"is_endless":false,"potions_floor_spawned":[5,7,8,14,18,24,33,37,54],"ascension_level":0}}