{"host":"359hz4210ybch7ku","time":1609439893,"event":{"mods":["BaseMod","Block Reminder","Colored Map","Colored Powertips","Highlight Path","Minty Spire (QoL Compilation)","Slay the Relics Exporter","StSLib"],"gold_per_floor":[119,129,147,147,147,172,172,22,72,22,37,63,13,40,52,185,197,221,253,12,12,27,56,56,90,90,90,118,118,118,136,136,233,233,244,100,113,213,233,233,249,249,322,322,322,322],"floor_reached":45,"playtime":5718,"items_purged":["Regret","Strike_P"],"score":519,"play_id":"dca67fbb-3d97-43cc-a1df-31cbdc2e6f8c","local_time":"20201231103813","is_ascension_mode":false,"campfire_choices":[{"data":"Eruption","floor":7,"key":"SMITH"},{"data":"Adaptation","floor":15,"key":"SMITH"},{"data":"Crescendo","floor":24,"key":"SMITH"},{"data":"Nirvana","floor":27,"key":"SMITH"},{"data":"Sanctity","floor":29,"key":"SMITH"},{"data":"FlurryOfBlows","floor":32,"key":"SMITH"},{"data":"JustLucky","floor":42,"key":"SMITH"}],"circlet_count":0,"master_deck":["Strike_P+1","Strike_P+1","Defend_P+1","Defend_P+1","Eruption+1","Vigilance","EmptyBody+1","FlurryOfBlows+1","EmptyBody+1","JustLucky+1","FlurryOfBlows+1","JustLucky+1","Adaptation+1","LessonLearned+1","Sanctity+1","Prostrate","Consecrate+1","Nirvana+1","Crescendo+1","FollowUp","Prostrate+1","DeusExMachina+1","FlyingSleeves+1","Prostrate+1","LikeWater"],"relics":["PureWater","Smiling Mask","Bag of Marbles","Pen Nib","Akabeko","Lizard Tail","MawBank","VioletLotus","Happy Flower","MutagenicStrength","Oddly Smooth Stone","Tiny Chest","Mercury Hourglass","Red Mask","Busted Crown","Boot","Molten Egg 2","Letter Opener"],"acts_visited":["Exordium","TheCity","TheBeyond"],"potions_floor_usage":[3,6,16,33,33,33,35,45],"damage_taken":[{"damage":0.0,"enemies":"2 Louse","floor":1.0,"turns":1.0},{"damage":0,"enemies":"Jaw Worm","floor":2,"turns":4},{"damage":0,"enemies":"Small Slimes","floor":3,"turns":4},{"damage":20,"enemies":"Gremlin Nob","floor":6,"turns":4},{"damage":0,"enemies":"2 Fungi Beasts","floor":11,"turns":2},{"damage":2,"enemies":"3 Sentries","floor":12,"turns":4},{"damage":0,"enemies":"Gremlin Nob","floor":14,"turns":2},{"damage":2,"enemies":"Slime Boss","floor":16,"turns":7},{"damage":0,"enemies":"Spheric Guardian","floor":18,"turns":3},{"damage":3,"enemies":"3 Byrds","floor":19,"turns":5},{"damage":5,"enemies":"3 Cultists","floor":22,"turns":5},{"damage":0,"enemies":"Slavers","floor":23,"turns":3},{"damage":73,"enemies":"Book of Stabbing","floor":25,"turns":8},{"damage":0,"enemies":"Masked Bandits","floor":28,"turns":2},{"damage":3,"enemies":"Snecko","floor":31,"turns":3},{"damage":4,"enemies":"Collector","floor":33,"turns":6},{"damage":1,"enemies":"3 Darklings","floor":35,"turns":3},{"damage":0,"enemies":"3 Shapes","floor":37,"turns":1},{"damage":19,"enemies":"Sphere and 2 Shapes","floor":39,"turns":3},{"damage":0,"enemies":"Transient","floor":41,"turns":5},{"damage":63,"enemies":"Reptomancer","floor":45,"turns":6}],"seed_played":"-3112682233122511389","potions_obtained":[{"floor":2,"key":"SpeedPotion"},{"floor":3,"key":"SteroidPotion"},{"floor":6,"key":"SkillPotion"},{"floor":22,"key":"BottledMiracle"},{"floor":25,"key":"FearPotion"},{"floor":28,"key":"Block Potion"},{"floor":33,"key":"DistilledChaos"},{"floor":35,"key":"Swift Potion"},{"floor":41,"key":"FearPotion"}],"is_trial":false,"path_per_floor":["M","M","M","?","?","E","R","$","T","$","M","E","?","E","R","B",null,"M","M","$","?","M","E","R","E","T","R","?","R","?","M","R","B",null,"M","$","M","?","M","T","M","R","T","?","E"],"character_chosen":"WATCHER","items_purchased":["Pen Nib","Happy Flower","Consecrate","Boot"],"campfire_rested":0,"item_purchase_floors":[8,20,20,36],"current_hp_per_floor":[72,72,72,65,65,45,45,45,45,45,45,43,43,43,43,41,72,72,69,69,69,64,64,64,30,30,30,30,30,30,27,27,23,72,71,71,71,71,52,52,52,52,52,52,0,0],"gold":322,"neow_bonus":"REMOVE_CARD","is_daily":false,"chose_seed":false,"campfire_upgraded":7,"win_rate":0.0,"timestamp":1609439893,"path_taken":["M","M","M","?","?","E","R","?","T","$","M","E","?","E","R","BOSS","M","M","$","?","M","E","R","E","T","R","?","R","?","M","R","BOSS","M","$","M","?","M","?","M","R","T","?","E"],"items_purchased_type":["Relic","Relic","Card","Relic"],"build_version":"2020-12-22","purchased_purges":2,"victory":false,"max_hp_per_floor":[72,72,72,72,72,72,72,72,72,72,72,72,72,72,72,72,72,72,72,72,72,72,72,72,72,72,72,72,72,72,72,72,72,72,72,72,72,72,72,72,72,72,72,68,68,68],"card_choices":[{"not_picked":["Fasting2","Consecrate"],"picked":"EmptyBody","floor":1},{"not_picked":["EmptyBody","Worship"],"picked":"FlurryOfBlows","floor":2},{"not_picked":["Crescendo","CutThroughFate"],"picked":"EmptyBody","floor":3},{"not_picked":["WaveOfTheHand","CutThroughFate"],"picked":"JustLucky","floor":6},{"not_picked":["Indignation","Conclude"],"picked":"FlurryOfBlows","floor":11},{"not_picked":["ForeignInfluence","PathToVictory"],"picked":"JustLucky","floor":12},{"not_picked":["ClearTheMind","Conclude"],"picked":"Adaptation","floor":14},{"not_picked":["Brilliance","Alpha"],"picked":"LessonLearned","floor":16},{"not_picked":["CrushJoints","FlurryOfBlows"],"picked":"Sanctity","floor":18},{"not_picked":["Worship+1","PathToVictory"],"picked":"Prostrate","floor":19},{"not_picked":["Halt","ForeignInfluence"],"picked":"Nirvana","floor":22},{"not_picked":["Omniscience","EmptyFist+1"],"picked":"Crescendo","floor":23},{"not_picked":["Vault","EmptyBody","SpiritShield"],"picked":"SKIP","floor":25},{"not_picked":["PathToVictory","CarveReality"],"picked":"FollowUp","floor":28},{"not_picked":["CrushJoints","JustLucky"],"picked":"Prostrate+1","floor":31},{"not_picked":["Establishment","DevaForm"],"picked":"DeusExMachina","floor":33},{"not_picked":[],"picked":"FlyingSleeves+1","floor":35},{"not_picked":[],"picked":"Prostrate+1","floor":37},{"not_picked":["Evaluate+1"],"picked":"SKIP","floor":39},{"not_picked":[],"picked":"LikeWater","floor":41}],"player_experience":89078,"relics_obtained":[{"floor":6,"key":"Bag of Marbles"},{"floor":9,"key":"Akabeko"},{"floor":12,"key":"Lizard Tail"},{"floor":14,"key":"MawBank"},{"floor":23,"key":"Oddly Smooth Stone"},{"floor":25,"key":"Tiny Chest"},{"floor":26,"key":"Mercury Hourglass"},{"floor":28,"key":"Red Mask"},{"floor":40,"key":"Molten Egg 2"},{"floor":43,"key":"Letter Opener"}],"event_choices":[{"cards_removed":["Defend_P"],"damage_healed":0,"gold_gain":0,"player_choice":"Card Removal","damage_taken":7,"max_hp_gain":0,"max_hp_loss":0,"event_name":"Golden Wing","floor":4,"gold_loss":0},{"damage_healed":0,"gold_gain":0,"player_choice":"Box","damage_taken":0,"relics_obtained":["Smiling Mask"],"max_hp_gain":0,"max_hp_loss":0,"event_name":"Big Fish","floor":5,"gold_loss":0,"cards_obtained":["Regret"]},{"cards_removed":["Defend_P"],"damage_healed":0,"gold_gain":0,"player_choice":"Card Removal","damage_taken":0,"max_hp_gain":0,"max_hp_loss":0,"event_name":"The Cleric","floor":13,"gold_loss":50},{"damage_healed":0,"gold_gain":0,"player_choice":"Inject Mutagens","damage_taken":0,"relics_obtained":["MutagenicStrength"],"max_hp_gain":0,"max_hp_loss":0,"event_name":"Drug Dealer","floor":21,"gold_loss":0},{"damage_healed":0,"gold_gain":0,"player_choice":"Fought Bandits","damage_taken":0,"max_hp_gain":0,"max_hp_loss":0,"event_name":"Masked Bandits","floor":28,"gold_loss":0},{"damage_healed":0,"gold_gain":0,"player_choice":"Simplicity","damage_taken":0,"max_hp_gain":0,"max_hp_loss":0,"event_name":"Back to Basics","floor":30,"gold_loss":0,"cards_upgraded":["Strike_P","Strike_P","Defend_P","Defend_P"]},{"damage_healed":0,"gold_gain":100,"player_choice":"Pray","damage_taken":0,"max_hp_gain":0,"max_hp_loss":0,"event_name":"Golden Shrine","floor":38,"gold_loss":0},{"damage_healed":0,"gold_gain":0,"player_choice":"Max HP","damage_taken":0,"max_hp_gain":0,"max_hp_loss":4,"event_name":"Winding Halls","floor":44,"gold_loss":0}],"is_beta":false,"boss_relics":[{"not_picked":["Runic Pyramid","Fusion Hammer"],"picked":"VioletLotus"},{"not_picked":["Runic Dome","SacredBark"],"picked":"Busted Crown"}],"items_purged_floors":[10,20],"is_endless":false,"potions_floor_spawned":[2,3,6,22,25,28,33,35,41],"killed_by":"Reptomancer","ascension_level":0}}