{"host":"sav7uxregyirlf69","time":1609427970,"event":{"mods":["AchievementEnabler","BaseMod","Colored Map","DeckTracker","Keyboard Shortcuts","Minty Spire (QoL Compilation)","READ ME - Guardian Mod","StSLib","SuperFastMode"],"gold_per_floor":[114,128,203,203,223,223,242,242,242,242,276,291,305,324,324,398,398,418,418,418,296,313,313,363,363,363,363,21,21,21,49,49,121,121,134,8,8,8,18,18,43,60,83,95,95,108,37,37,37],"floor_reached":48,"playtime":1123,"items_purged":["Rip and Tear"],"score":981,"play_id":"8b40feaf-a706-4842-a62a-28a72d524ba5","local_time":"20210101001930","is_ascension_mode":true,"campfire_choices":[{"data":"Zap","floor":6,"key":"SMITH"},{"floor":8,"key":"REST"},{"data":"Reinforced Body","floor":10,"key":"SMITH"},{"data":"Dualcast","floor":15,"key":"SMITH"},{"data":"Fusion","floor":23,"key":"SMITH"},{"data":"Coolheaded","floor":25,"key":"SMITH"},{"data":"Beam Cell","floor":27,"key":"PURGE"},{"data":"Blizzard","floor":29,"key":"SMITH"},{"floor":32,"key":"REST"},{"data":"Apotheosis","floor":40,"key":"SMITH"},{"data":"Hello World","floor":45,"key":"PURGE"}],"circlet_count":0,"master_deck":["AscendersBane","Zap+1","Dualcast+1","Ball Lightning","Coolheaded+1","Electrodynamics","Reinforced Body+1","Double Energy","Glacier","Fusion+1","BootSequence","Lockon","Steam Power","Loop","Blizzard+1","White Noise","Core Surge","Leap+1","Apotheosis+1","Deep Breath","Self Repair","Loop"],"relics":["Cracked Core","StoneCalendar","Pear","The Courier","Pandora\u0027s Box","Peace Pipe","Mummified Hand","Lantern","Coffee Dripper","Medical Kit","Gambling Chip"],"acts_visited":["Exordium","TheCity","TheBeyond"],"potions_floor_usage":[4,11,16,31,33,33,41,41],"damage_taken":[{"damage":6,"enemies":"Cultist","floor":1,"turns":3},{"damage":0,"enemies":"2 Louse","floor":2,"turns":2},{"damage":7,"enemies":"Jaw Worm","floor":5,"turns":3},{"damage":11,"enemies":"Blue Slaver","floor":7,"turns":3},{"damage":6,"enemies":"Gremlin Nob","floor":11,"turns":4},{"damage":2,"enemies":"Looter","floor":12,"turns":2},{"damage":7,"enemies":"Red Slaver","floor":13,"turns":3},{"damage":13,"enemies":"Large Slime","floor":14,"turns":5},{"damage":15,"enemies":"The Guardian","floor":16,"turns":15},{"damage":10,"enemies":"2 Thieves","floor":18,"turns":4},{"damage":8,"enemies":"Chosen","floor":22,"turns":4},{"damage":36,"enemies":"Slavers","floor":31,"turns":6},{"damage":26,"enemies":"Collector","floor":33,"turns":8},{"damage":0,"enemies":"Orb Walker","floor":35,"turns":3},{"damage":0,"enemies":"3 Shapes","floor":39,"turns":4},{"damage":45,"enemies":"Reptomancer","floor":41,"turns":7},{"damage":9,"enemies":"Transient","floor":42,"turns":6},{"damage":11,"enemies":"Jaw Worm Horde","floor":44,"turns":3},{"damage":8,"enemies":"Spire Growth","floor":46,"turns":6},{"damage":66,"enemies":"2 Orb Walkers","floor":48,"turns":4}],"seed_played":"-7922023825593901523","potions_obtained":[{"floor":2,"key":"Swift Potion"},{"floor":4,"key":"Fruit Juice"},{"floor":4,"key":"Weak Potion"},{"floor":5,"key":"EntropicBrew"},{"floor":11,"key":"GamblersBrew"},{"floor":13,"key":"DuplicationPotion"},{"floor":18,"key":"SteroidPotion"},{"floor":35,"key":"AttackPotion"}],"is_trial":false,"path_per_floor":["M","M","?","?","M","R","M","R","T","R","E","M","M","M","R","B",null,"M","?","?","$","M","R","?","R","T","R","$","R","$","E","R","B",null,"M","$","?","?","M","R","E","M","T","M","R","M","$","?"],"character_chosen":"DEFECT","items_purchased":["DuplicationPotion","Mummified Hand","Blizzard","Hello World","Medical Kit","Loop"],"campfire_rested":2,"item_purchase_floors":[21,28,28,28,36,47],"current_hp_per_floor":[40,40,29,34,27,27,16,38,48,48,42,40,33,20,20,5,66,56,56,56,56,48,48,48,48,48,48,48,48,48,12,37,11,67,67,67,57,96,96,96,61,72,72,61,61,60,60,0,0],"gold":37,"neow_bonus":"ONE_RARE_RELIC","is_daily":false,"chose_seed":false,"campfire_upgraded":7,"win_rate":0.0,"timestamp":1609427970,"path_taken":["M","M","?","?","?","R","M","R","T","R","E","M","?","M","R","BOSS","M","?","?","$","M","R","?","R","T","R","$","R","?","E","R","BOSS","M","$","?","?","M","R","E","M","T","?","R","M","$","?"],"items_purchased_type":["Potion","Relic","Card","Card","Relic","Card"],"build_version":"2020-12-22","purchased_purges":1,"victory":false,"max_hp_per_floor":[71,71,71,76,76,76,76,76,86,86,86,86,86,86,86,86,86,86,86,86,86,86,86,86,86,86,86,86,86,86,86,86,86,86,86,86,86,96,96,96,96,96,96,96,96,96,96,96,96],"card_choices":[{"not_picked":["Coolheaded","Turbo"],"picked":"Ball Lightning","floor":1},{"not_picked":["Hologram","Gash"],"picked":"Coolheaded","floor":2},{"not_picked":["Fusion","Sweeping Beam"],"picked":"Electrodynamics","floor":5},{"not_picked":["FTL","Coolheaded"],"picked":"Reinforced Body","floor":7},{"not_picked":["Streamline","Rainbow"],"picked":"Double Energy","floor":11},{"not_picked":["Stack","Streamline","Coolheaded"],"picked":"SKIP","floor":12},{"not_picked":["Skim","Tempest","Hello World"],"picked":"SKIP","floor":13},{"not_picked":["Recycle","Steam"],"picked":"Glacier","floor":14},{"not_picked":["Sweeping Beam","BootSequence","Steam"],"picked":"SKIP","floor":18},{"not_picked":["Barrage","Genetic Algorithm","Heatsinks"],"picked":"SKIP","floor":22},{"not_picked":["Hello World+1","Ball Lightning"],"picked":"White Noise","floor":31},{"not_picked":["Machine Learning","Rainbow"],"picked":"Core Surge","floor":33},{"not_picked":["Barrage","Cold Snap"],"picked":"Leap+1","floor":35},{"not_picked":["Panacea","Mayhem"],"picked":"Apotheosis","floor":37},{"not_picked":["Impatience","Transmutation"],"picked":"Deep Breath","floor":37},{"not_picked":["Conserve Battery","Darkness+1"],"picked":"Self Repair","floor":39},{"not_picked":["Streamline","Fusion+1","Ball Lightning+1"],"picked":"SKIP","floor":41},{"not_picked":["Auto Shields+1","Rebound","Gash"],"picked":"SKIP","floor":42},{"not_picked":["Turbo","Ball Lightning","Steam"],"picked":"SKIP","floor":44},{"not_picked":["Stack+1","Sweeping Beam+1","Steam"],"picked":"SKIP","floor":46}],"player_experience":1082620,"relics_obtained":[{"floor":9,"key":"Pear"},{"floor":11,"key":"The Courier"},{"floor":26,"key":"Peace Pipe"},{"floor":31,"key":"Lantern"},{"floor":41,"key":"Gambling Chip"}],"event_choices":[{"damage_healed":0,"gold_gain":75,"player_choice":"Gather Gold","damage_taken":11,"max_hp_gain":0,"max_hp_loss":0,"event_name":"World of Goop","floor":3,"gold_loss":0},{"damage_healed":0,"gold_gain":0,"player_choice":"Got Potions","damage_taken":0,"max_hp_gain":0,"max_hp_loss":0,"event_name":"Lab","floor":4,"gold_loss":0},{"damage_healed":0,"gold_gain":0,"cards_transformed":["Thunder Strike","Darkness"],"player_choice":"Became Test Subject","damage_taken":0,"max_hp_gain":0,"max_hp_loss":0,"event_name":"Drug Dealer","floor":19,"gold_loss":0,"cards_obtained":["Rip and Tear","Loop"]},{"damage_healed":0,"gold_gain":0,"player_choice":"Ignored","damage_taken":0,"max_hp_gain":0,"max_hp_loss":0,"event_name":"Ghosts","floor":20,"gold_loss":0},{"damage_healed":0,"gold_gain":50,"player_choice":"Stole From Cult","damage_taken":0,"max_hp_gain":0,"max_hp_loss":0,"event_name":"Nest","floor":24,"gold_loss":0},{"damage_healed":0,"gold_gain":0,"player_choice":"Memory 3","damage_taken":10,"max_hp_gain":0,"max_hp_loss":0,"event_name":"SensoryStone","floor":37,"gold_loss":0},{"cards_removed":["All For One"],"damage_healed":29,"gold_gain":0,"player_choice":"Offered Rare","damage_taken":0,"max_hp_gain":10,"max_hp_loss":0,"event_name":"Bonfire Elementals","floor":38,"gold_loss":0},{"damage_healed":0,"gold_gain":0,"player_choice":"Fight","damage_taken":0,"max_hp_gain":0,"max_hp_loss":0,"event_name":"Mysterious Sphere","floor":48,"gold_loss":0}],"is_beta":false,"boss_relics":[{"not_picked":["Runic Pyramid","Velvet Choker"],"picked":"Pandora\u0027s Box"},{"not_picked":["Busted Crown","Runic Dome"],"picked":"Coffee Dripper"}],"items_purged_floors":[21],"is_endless":false,"potions_floor_spawned":[2,5,11,13,18,35,39],"killed_by":"2 Orb Walkers","ascension_level":20}}