{"host":"dhyczjm99amxd3qx","time":1609448589,"event":{"mods":["BaseMod","Colored Map","Googly Eyes","Highlight Path","Minty Spire (QoL Compilation)","Quick Restart","StSLib"],"gold_per_floor":[118,293,311,4,4,43,56,56,130,170,193,193,219,255,255,385,385,408,422,442,492,492,510,510,548,602,602,635,267,283,324,324,449,449,472,216,230,248,262,296,356,128,128,128,171,195,0,0,0,0],"floor_reached":51,"playtime":5488,"items_purged":["Doubt","Defend_R","Seeing Red+1","Defend_R"],"score":1292,"play_id":"ee768d86-cd0d-4ae1-96c3-4127f9bddba0","local_time":"20201231160309","is_ascension_mode":true,"campfire_choices":[{"data":"Carnage","floor":8.0,"key":"SMITH"},{"data":"Rage","floor":15.0,"key":"SMITH"},{"data":"Immolate","floor":24.0,"key":"SMITH"},{"data":"Metallicize","floor":32.0,"key":"SMITH"},{"data":"Brutality","floor":44,"key":"SMITH"},{"data":"Metallicize","floor":49,"key":"SMITH"}],"circlet_count":0,"master_deck":["Defend_R+1","Defend_R+1","Bash","Shrug It Off","Rage+1","Carnage+1","Metallicize","Immolate+1","Bite","Bite","Bite","Bite","Bite","Flex+1","Rage+1","Metallicize+1","Brutality+1","Shrug It Off+1","Metallicize+1","Disarm+1","Shrug It Off+1"],"relics":["Burning Blood","Membership Card","PreservedInsect","Golden Idol","Juzu Bracelet","Gremlin Horn","Vajra","Smiling Mask","Mercury Hourglass","Coffee Dripper","Bag of Preparation","Strawberry","MealTicket","Pen Nib","DollysMirror","Toxic Egg 2","Lantern","Busted Crown","Champion Belt","Eternal Feather","Magic Flower","War Paint","Bronze Scales","CaptainsWheel","StoneCalendar","Red Mask"],"acts_visited":["Exordium","TheCity","TheBeyond"],"potions_floor_usage":[50],"damage_taken":[{"damage":1.0,"enemies":"Jaw Worm","floor":1.0,"turns":5.0},{"damage":0.0,"enemies":"Small Slimes","floor":3.0,"turns":6.0},{"damage":27.0,"enemies":"3 Sentries","floor":6.0,"turns":8.0},{"damage":1.0,"enemies":"2 Louse","floor":7.0,"turns":3.0},{"damage":0.0,"enemies":"Gremlin Nob","floor":10.0,"turns":2.0},{"damage":3.0,"enemies":"Blue Slaver","floor":11.0,"turns":3.0},{"damage":15.0,"enemies":"3 Sentries","floor":14.0,"turns":8.0},{"damage":0.0,"enemies":"Slime Boss","floor":16.0,"turns":9.0},{"damage":7.0,"enemies":"2 Thieves","floor":18.0,"turns":2.0},{"damage":13.0,"enemies":"Shell Parasite","floor":19.0,"turns":4.0},{"damage":22.0,"enemies":"Centurion and Healer","floor":20.0,"turns":5.0},{"damage":0.0,"enemies":"Snecko","floor":23.0,"turns":3.0},{"damage":0.0,"enemies":"Gremlin Leader","floor":25.0,"turns":3.0},{"damage":0.0,"enemies":"Slavers","floor":28.0,"turns":4.0},{"damage":16.0,"enemies":"Chosen and Byrds","floor":30.0,"turns":5.0},{"damage":10.0,"enemies":"Book of Stabbing","floor":31.0,"turns":4.0},{"damage":47.0,"enemies":"Collector","floor":33.0,"turns":4.0},{"damage":13.0,"enemies":"3 Darklings","floor":35.0,"turns":3.0},{"damage":12.0,"enemies":"3 Shapes","floor":37.0,"turns":2.0},{"damage":1.0,"enemies":"Jaw Worm Horde","floor":38.0,"turns":3.0},{"damage":6.0,"enemies":"Transient","floor":39.0,"turns":5.0},{"damage":6.0,"enemies":"Reptomancer","floor":40.0,"turns":6.0},{"damage":14,"enemies":"2 Orb Walkers","floor":41,"turns":3},{"damage":4,"enemies":"Nemesis","floor":45,"turns":5},{"damage":10,"enemies":"Spire Growth","floor":46,"turns":5},{"damage":57,"enemies":"Time Eater","floor":50,"turns":10}],"seed_played":"455502153578110200","potions_obtained":[{"floor":6.0,"key":"Dexterity Potion"},{"floor":11.0,"key":"AttackPotion"},{"floor":16.0,"key":"AttackPotion"},{"floor":28.0,"key":"SkillPotion"},{"floor":30.0,"key":"DistilledChaos"},{"floor":31.0,"key":"Dexterity Potion"},{"floor":33.0,"key":"Weak Potion"},{"floor":39.0,"key":"Weak Potion"},{"floor":40.0,"key":"PowerPotion"}],"is_trial":false,"path_per_floor":["M","?","M","$","?","E","M","R","T","E","M","?","T","E","R","B",null,"M","M","M","?","?","M","R","E","T","?","E","$","M","E","R","B",null,"M","$","M","M","M","E","?","$","T","R","E","M","?","?","R","B",null],"character_chosen":"IRONCLAD","items_purchased":["Membership Card","PreservedInsect","Carnage","Pen Nib","DollysMirror","Metallicize","Toxic Egg 2","Shrug It Off+1","Champion Belt","Metallicize","War Paint","Shrug It Off+1","Bronze Scales"],"campfire_rested":0,"item_purchase_floors":[4,4,4,29,29,29,29,36,36,36,42,42,42],"current_hp_per_floor":[77,77,80,80,60,39,44,44,44,50,53,37,37,28,28,34,69,78,71,67,67,56,56,56,56,63,63,63,63,62,63,63,36,56,59,63,59,63,63,63,59,63,63,63,63,63,63,63,63,40],"gold":0,"neow_bonus":"THREE_CARDS","is_daily":false,"chose_seed":false,"campfire_upgraded":6,"win_rate":0.0,"timestamp":1609448589,"path_taken":["M","?","M","$","?","E","M","R","T","E","M","?","?","E","R","BOSS","M","M","M","?","?","M","R","E","T","?","E","$","M","E","R","BOSS","M","$","M","M","M","E","?","$","T","R","E","M","?","?","R","BOSS"],"items_purchased_type":["Relic","Relic","Card","Relic","Relic","Card","Relic","Card","Relic","Card","Relic","Card","Relic"],"build_version":"2020-12-22","purchased_purges":4,"victory":true,"max_hp_per_floor":[80,80,80,80,80,80,80,80,80,80,80,80,80,80,80,80,80,80,80,80,80,56,56,56,56,63,63,63,63,63,63,63,63,63,63,63,63,63,63,63,63,63,63,63,63,63,63,63,63,63],"card_choices":[{"not_picked":["Spot Weakness","Warcry"],"picked":"Shrug It Off","floor":0.0},{"not_picked":["Heavy Blade","Pummel","Headbutt"],"picked":"SKIP","floor":1.0},{"not_picked":["True Grit","Anger"],"picked":"Rage","floor":3.0},{"not_picked":["True Grit","Power Through","Havoc"],"picked":"SKIP","floor":6.0},{"not_picked":["Reckless Charge","Uppercut"],"picked":"Seeing Red","floor":7.0},{"not_picked":["Reckless Charge","Battle Trance","Body Slam"],"picked":"SKIP","floor":10.0},{"not_picked":["Havoc","Fire Breathing","Sword Boomerang"],"picked":"SKIP","floor":11.0},{"not_picked":["Barricade","Cleave","Wild Strike"],"picked":"SKIP","floor":14.0},{"not_picked":["Bludgeon","Double Tap"],"picked":"Reaper","floor":16.0},{"not_picked":["True Grit","Sword Boomerang","Shrug It Off"],"picked":"SKIP","floor":18.0},{"not_picked":["Evolve","Twin Strike+1"],"picked":"Metallicize","floor":19.0},{"not_picked":["Anger","Seeing Red"],"picked":"Immolate","floor":20.0},{"not_picked":["Clash","Pommel Strike","Rampage"],"picked":"SKIP","floor":23.0},{"not_picked":["Evolve","Feel No Pain"],"picked":"Flex+1","floor":25.0},{"not_picked":["Havoc+1","Sentinel+1","Flex"],"picked":"SKIP","floor":28.0},{"not_picked":["Flex+1","Intimidate+1","Pummel"],"picked":"SKIP","floor":30.0},{"not_picked":["Flame Barrier+1","Perfected Strike","Body Slam+1"],"picked":"SKIP","floor":31.0},{"not_picked":["Demon Form","Fiend Fire"],"picked":"Brutality","floor":33.0},{"not_picked":["Havoc+1"],"picked":"SKIP","floor":35.0},{"not_picked":["Havoc+1"],"picked":"SKIP","floor":37.0},{"not_picked":[],"picked":"Disarm+1","floor":38.0},{"not_picked":["Evolve+1"],"picked":"SKIP","floor":39.0},{"not_picked":["Sentinel+1"],"picked":"SKIP","floor":40.0},{"not_picked":["Ghostly Armor+1"],"picked":"SKIP","floor":45},{"not_picked":["Ghostly Armor+1"],"picked":"SKIP","floor":45},{"not_picked":["Warcry+1"],"picked":"SKIP","floor":46}],"player_experience":248450,"relics_obtained":[{"floor":6.0,"key":"Juzu Bracelet"},{"floor":9.0,"key":"Gremlin Horn"},{"floor":10.0,"key":"Vajra"},{"floor":13.0,"key":"Smiling Mask"},{"floor":14.0,"key":"Mercury Hourglass"},{"floor":25.0,"key":"Bag of Preparation"},{"floor":26.0,"key":"Strawberry"},{"floor":28.0,"key":"MealTicket"},{"floor":31.0,"key":"Lantern"},{"floor":40.0,"key":"Eternal Feather"},{"floor":41,"key":"Magic Flower"},{"floor":43,"key":"CaptainsWheel"},{"floor":45,"key":"StoneCalendar"}],"event_choices":[{"damage_healed":0.0,"max_hp_gain":0.0,"max_hp_loss":0.0,"gold_gain":175.0,"event_name":"Liars Game","player_choice":"AGREE","floor":2.0,"gold_loss":0.0,"damage_taken":0.0,"cards_obtained":["Doubt"]},{"damage_healed":0.0,"max_hp_gain":0.0,"max_hp_loss":0.0,"gold_gain":0.0,"event_name":"Golden Idol","player_choice":"Take Damage","floor":5.0,"gold_loss":0.0,"damage_taken":20.0,"relics_obtained":["Golden Idol"]},{"damage_healed":0.0,"max_hp_gain":0.0,"max_hp_loss":0.0,"gold_gain":0.0,"event_name":"Shining Light","player_choice":"Entered Light","floor":12.0,"gold_loss":0.0,"damage_taken":16.0,"cards_upgraded":["Seeing Red","Strike_R"]},{"damage_healed":0.0,"max_hp_gain":0.0,"max_hp_loss":0.0,"gold_gain":100.0,"event_name":"The Joust","player_choice":"Bet on Murderer","floor":21.0,"gold_loss":50.0,"damage_taken":0.0},{"damage_healed":0.0,"max_hp_gain":0.0,"max_hp_loss":24.0,"gold_gain":0.0,"event_name":"Vampires","player_choice":"Became a vampire","floor":22.0,"gold_loss":0.0,"damage_taken":0.0,"cards_obtained":["Bite","Bite","Bite","Bite","Bite"]},{"damage_healed":0.0,"max_hp_gain":0.0,"max_hp_loss":0.0,"gold_gain":0.0,"event_name":"Ghosts","player_choice":"Ignored","floor":27.0,"gold_loss":0.0,"damage_taken":0.0},{"damage_healed":0,"gold_gain":0,"player_choice":"Fight","damage_taken":0,"max_hp_gain":0,"max_hp_loss":0,"event_name":"Mysterious Sphere","floor":41,"gold_loss":0},{"damage_healed":0,"gold_gain":0,"player_choice":"Paid","damage_taken":0,"relics_obtained":["Red Mask"],"max_hp_gain":0,"max_hp_loss":0,"event_name":"Tomb of Lord Red Mask","floor":47,"gold_loss":195},{"cards_removed":["Reaper"],"damage_healed":0,"gold_gain":0,"player_choice":"Removed Attack","damage_taken":0,"max_hp_gain":0,"max_hp_loss":0,"event_name":"Falling","floor":48,"gold_loss":0}],"is_beta":false,"boss_relics":[{"not_picked":["Runic Cube","Calling Bell"],"picked":"Coffee Dripper"},{"not_picked":["Sozu","Mark of Pain"],"picked":"Busted Crown"}],"items_purged_floors":[4,29,36,42],"is_endless":false,"potions_floor_spawned":[6,11,16,28,30,31,33,39,40,46],"ascension_level":7}}