{"host":"wd6rqtfuac3imub6","time":1609453989,"event":{"mods":["ATMod(°¢èªMod)","Act Like it!","BaseMod","Gensokyo","Lobotomy","Minty Spire (QoL Compilation)","Quick Restart","StSLib"],"gold_per_floor":[109,119,129,142,217,217,247,172,172,184,184,134,134,134,134,229,229,247,247,263,274,135,162,162,181,207,107,118,133,133,160,160,263,263,263,315,315,332,382,382,401,401,401,401,0,19,19,33,33,33],"floor_reached":51,"playtime":998,"items_purged":["True Grit","Defend_R"],"score":939,"play_id":"45748398-0fa9-4699-803e-7d05d999b96b","local_time":"20210101063309","is_ascension_mode":false,"campfire_choices":[{"data":"AT_IchimonjiDouble","floor":6,"key":"SMITH"},{"data":"AT_DrawKnifeCut","floor":11,"key":"SMITH"},{"data":"AT_DrawKnifeCut","floor":13,"key":"SMITH"},{"data":"Iron Wave","floor":15,"key":"SMITH"},{"data":"AT_EmpoweredMortalDraw","floor":24,"key":"SMITH"},{"data":"Double Tap","floor":32,"key":"SMITH"},{"data":"Pommel Strike","floor":40,"key":"SMITH"},{"floor":42,"key":"REST"},{"floor":44,"key":"REST"},{"data":"Feed","floor":49,"key":"SMITH"}],"circlet_count":0,"master_deck":["Strike_R","Strike_R","Strike_R","Strike_R","Strike_R","Defend_R","Defend_R","Bash","Iron Wave+1","Anger","AT_IchimonjiDouble+1","AT_DrawKnifeCut+1","AT_DrawKnifeCut+1","Feed+1","AT_EmpoweredMortalDraw+1","Pommel Strike+1","Double Tap+1","AT_IchimonjiDouble+1"],"relics":["AT_ATBox","Sozu","Shuriken","Paper Frog","NlothsMask","AT_MortalBlade","Singing Bowl","Pocketwatch","Vajra","Black Star","Calipers","Dream Catcher","AT_RabadonDeathcap","Gremlin Horn","Red Mask"],"acts_visited":["Exordium","TheCity","TheBeyond"],"potions_floor_usage":[],"damage_taken":[{"damage":0,"enemies":"Cultist","floor":1,"turns":2},{"damage":6,"enemies":"Jaw Worm","floor":2,"turns":3},{"damage":0,"enemies":"2 Louse","floor":3,"turns":3},{"damage":3,"enemies":"Red Slaver","floor":4,"turns":3},{"damage":19,"enemies":"Lagavulin","floor":7,"turns":4},{"damage":10,"enemies":"Looter","floor":10,"turns":2},{"damage":19,"enemies":"Hexaghost","floor":16,"turns":5},{"damage":3,"enemies":"Chosen","floor":18,"turns":3},{"damage":10,"enemies":"3 Byrds","floor":20,"turns":2},{"damage":5,"enemies":"Centurion and Healer","floor":21,"turns":2},{"damage":0,"enemies":"Gremlin Leader","floor":23,"turns":3},{"damage":0,"enemies":"Snake Plant","floor":25,"turns":2},{"damage":0,"enemies":"3 Cultists","floor":28,"turns":1},{"damage":10,"enemies":"Chosen and Byrds","floor":29,"turns":2},{"damage":0,"enemies":"Sentry and Sphere","floor":30,"turns":2},{"damage":12,"enemies":"Book of Stabbing","floor":31,"turns":2},{"damage":18,"enemies":"Champ","floor":33,"turns":4},{"damage":6,"enemies":"3 Shapes","floor":35,"turns":2},{"damage":18,"enemies":"2 Orb Walkers","floor":36,"turns":3},{"damage":1,"enemies":"3 Darklings","floor":38,"turns":3},{"damage":40,"enemies":"Mind Bloom Boss Battle","floor":39,"turns":4},{"damage":10,"enemies":"Writhing Mass","floor":41,"turns":2},{"damage":0,"enemies":"Sphere and 2 Shapes","floor":46,"turns":1},{"damage":0,"enemies":"Spire Growth","floor":48,"turns":2},{"damage":78,"enemies":"Donu and Deca","floor":50,"turns":5}],"seed_played":"-1502113401121154299","potions_obtained":[],"is_trial":false,"path_per_floor":["M","M","M","M","?","R","E","$","T","M","R","?","R","?","R","B",null,"M","T","M","M","?","E","R","M","T","$","M","M","M","E","R","B",null,"M","?","T","M","?","R","M","R","T","R","?","M","?","M","R","B",null],"character_chosen":"IRONCLAD","items_purchased":[],"campfire_rested":2,"item_purchase_floors":[],"current_hp_per_floor":[80,74,74,71,60,60,41,41,41,31,31,31,31,31,31,12,80,77,77,67,65,65,65,65,67,67,67,67,59,61,51,51,35,93,89,71,71,72,34,34,26,58,58,90,90,92,92,94,94,16],"gold":33,"neow_bonus":"BOSS_RELIC","is_daily":false,"chose_seed":false,"campfire_upgraded":8,"win_rate":0.0,"timestamp":1609453989,"path_taken":["M","M","?","M","?","R","E","$","T","M","R","?","R","?","R","BOSS","M","?","M","M","?","E","R","M","T","$","?","M","M","E","R","BOSS","M","?","?","?","?","R","M","R","T","R","?","M","?","M","R","BOSS"],"items_purchased_type":[],"build_version":"2020-12-22","purchased_purges":2,"victory":true,"max_hp_per_floor":[80,80,80,80,80,80,80,80,80,80,80,80,80,80,80,80,80,80,80,80,83,83,83,83,85,85,85,85,87,89,91,91,93,93,95,95,95,97,99,99,101,103,103,105,105,107,102,104,104,104],"card_choices":[{"not_picked":["Anger","Twin Strike"],"picked":"True Grit","floor":1},{"not_picked":["AT_BodySlamDance","Wild Strike"],"picked":"Iron Wave","floor":2},{"not_picked":["Shrug It Off","Warcry"],"picked":"Anger","floor":3},{"not_picked":["AT_Dispersion","Combust"],"picked":"AT_IchimonjiDouble","floor":4},{"not_picked":["Evolve","Warcry"],"picked":"AT_DrawKnifeCut","floor":7},{"not_picked":["Flex","Combust"],"picked":"AT_DrawKnifeCut","floor":10},{"not_picked":["Corruption","Exhume"],"picked":"Feed","floor":16},{"not_picked":["Flame Barrier","Whirlwind","AT_CaressingTears"],"picked":"SKIP","floor":18},{"not_picked":["Cleave","Iron Wave","Wild Strike+1"],"picked":"SKIP","floor":20},{"not_picked":["Entrench","Clothesline","Body Slam"],"picked":"SKIP","floor":21},{"not_picked":["Havoc","Second Wind"],"picked":"Pommel Strike","floor":23},{"not_picked":["Shockwave","Clothesline","Perfected Strike"],"picked":"Singing Bowl","floor":25},{"not_picked":["AT_GerminateFire","True Grit"],"picked":"Double Tap","floor":28},{"not_picked":["Armaments+1","Battle Trance+1","Rupture"],"picked":"Singing Bowl","floor":29},{"not_picked":["AT_BodySlamDance+1","Clash","Dropkick+1"],"picked":"Singing Bowl","floor":30},{"not_picked":["Uppercut+1","Thunderclap","Wild Strike"],"picked":"Singing Bowl","floor":31},{"not_picked":["Bludgeon","Immolate","Impervious"],"picked":"Singing Bowl","floor":33},{"not_picked":["Ghostly Armor","Burning Pact+1","Wild Strike+1"],"picked":"Singing Bowl","floor":35},{"not_picked":["Bloodletting+1","Wild Strike+1"],"picked":"AT_IchimonjiDouble+1","floor":36},{"not_picked":["Body Slam+1","True Grit","Clothesline"],"picked":"Singing Bowl","floor":38},{"not_picked":["Clothesline","Clash+1","Flex+1"],"picked":"Singing Bowl","floor":39},{"not_picked":["Power Through+1","Thunderclap","Anger"],"picked":"Singing Bowl","floor":41},{"not_picked":["Intimidate+1","Sword Boomerang","Thunderclap"],"picked":"Singing Bowl","floor":42},{"not_picked":["Anger","Thunderclap+1","Second Wind+1"],"picked":"Singing Bowl","floor":44},{"not_picked":["Disarm","Feed","Carnage+1"],"picked":"Singing Bowl","floor":46},{"not_picked":["Clash+1","Flex+1","Armaments"],"picked":"Singing Bowl","floor":48}],"player_experience":86511,"relics_obtained":[{"floor":7,"key":"Shuriken"},{"floor":9,"key":"Paper Frog"},{"floor":23,"key":"Pocketwatch"},{"floor":26,"key":"Vajra"},{"floor":36,"key":"Calipers"},{"floor":37,"key":"Dream Catcher"},{"floor":39,"key":"AT_RabadonDeathcap"},{"floor":43,"key":"Gremlin Horn"}],"event_choices":[{"damage_healed":0,"gold_gain":75,"player_choice":"Gather Gold","damage_taken":11,"max_hp_gain":0,"max_hp_loss":0,"event_name":"World of Goop","floor":5,"gold_loss":0},{"cards_removed":["Defend_R"],"damage_healed":0,"gold_gain":0,"player_choice":"Card Removal","damage_taken":0,"max_hp_gain":0,"max_hp_loss":0,"event_name":"The Cleric","floor":12,"gold_loss":50},{"damage_healed":0,"gold_gain":0,"player_choice":"Trade","damage_taken":0,"relics_obtained":["NlothsMask"],"max_hp_gain":0,"max_hp_loss":0,"event_name":"FaceTrader","floor":14,"gold_loss":0},{"damage_healed":0,"gold_gain":0,"player_choice":"Paid Gold","damage_taken":0,"relics_obtained":["Singing Bowl"],"max_hp_gain":0,"max_hp_loss":0,"event_name":"WeMeetAgain","floor":22,"gold_loss":139},{"damage_healed":0,"gold_gain":0,"player_choice":"Fight","damage_taken":0,"max_hp_gain":0,"max_hp_loss":0,"event_name":"Mysterious Sphere","floor":36,"gold_loss":0},{"damage_healed":0,"gold_gain":0,"player_choice":"Fight","damage_taken":0,"max_hp_gain":0,"max_hp_loss":0,"event_name":"MindBloom","floor":39,"gold_loss":0},{"damage_healed":0,"gold_gain":0,"player_choice":"Paid","damage_taken":0,"relics_obtained":["Red Mask"],"max_hp_gain":0,"max_hp_loss":0,"event_name":"Tomb of Lord Red Mask","floor":45,"gold_loss":401},{"damage_healed":0,"gold_gain":0,"player_choice":"Max HP","damage_taken":0,"max_hp_gain":0,"max_hp_loss":5,"event_name":"Winding Halls","floor":47,"gold_loss":0}],"is_beta":false,"boss_relics":[{"not_picked":["Runic Cube","Pandora\u0027s Box"],"picked":"AT_MortalBlade"},{"not_picked":["Coffee Dripper","Fusion Hammer"],"picked":"Black Star"}],"items_purged_floors":[8,27],"is_endless":false,"potions_floor_spawned":[2,7,10,18,25,28,29,33,36,38,46],"ascension_level":0}}