{"host":"dl7h25vjpuplx29g","time":1609396467,"event":{"mods":["BaseMod","Colored Map","Minty Spire (QoL Compilation)"],"gold_per_floor":[366,366,10,22,38,38,66,82,82,102,113,27,27,57,57,128,128,140,140,154,173,183,212,212,247,247,288,288,288,323,24,24,24,24],"floor_reached":33,"playtime":14480,"items_purged":["Doubt","Defend_R"],"score":570,"play_id":"c1a19bf4-7e17-4888-baf9-924c84eca7c5","local_time":"20201231153427","is_ascension_mode":true,"campfire_choices":[{"data":"Bash","floor":6.0,"key":"SMITH"},{"data":"Disarm","floor":13.0,"key":"SMITH"},{"data":"Offering","floor":15.0,"key":"SMITH"},{"floor":24.0,"key":"REST"},{"floor":29.0,"key":"REST"},{"data":"Perfected Strike","floor":32.0,"key":"SMITH"}],"circlet_count":0,"master_deck":["AscendersBane","Strike_R","Strike_R","Strike_R","Strike_R","Strike_R","Defend_R","Defend_R","Defend_R","Bash+1","Flame Barrier","Metallicize","Rage","Perfected Strike","Disarm+1","Wild Strike","Carnage","Swift Strike","Offering+1","Double Tap","Pommel Strike","Pommel Strike","Warcry","Perfected Strike+1","Warcry","True Grit","Impervious","Fiend Fire"],"relics":["Burning Blood","StrikeDummy","Question Card","Dream Catcher","Pear","Self Forming Clay","Black Star","Turnip","Calipers","Omamori","Akabeko","Bottled Flame","HornCleat","CeramicFish","Bird Faced Urn","TungstenRod","Vajra","OrangePellets"],"acts_visited":[],"potions_floor_usage":[33],"damage_taken":[{"damage":13.0,"enemies":"Jaw Worm","floor":1.0,"turns":4.0},{"damage":1.0,"enemies":"Cultist","floor":4.0,"turns":3.0},{"damage":3.0,"enemies":"Small Slimes","floor":5.0,"turns":4.0},{"damage":36.0,"enemies":"Gremlin Nob","floor":7.0,"turns":5.0},{"damage":4.0,"enemies":"Exordium Wildlife","floor":8.0,"turns":3.0},{"damage":6.0,"enemies":"Blue Slaver","floor":10.0,"turns":3.0},{"damage":1.0,"enemies":"3 Louse","floor":11.0,"turns":3.0},{"damage":19.0,"enemies":"3 Sentries","floor":14.0,"turns":7.0},{"damage":7.0,"enemies":"The Guardian","floor":16.0,"turns":9.0},{"damage":6.0,"enemies":"3 Byrds","floor":18.0,"turns":3.0},{"damage":17.0,"enemies":"Shell Parasite","floor":20.0,"turns":5.0},{"damage":21.0,"enemies":"Snake Plant","floor":21.0,"turns":3.0},{"damage":13.0,"enemies":"Snecko","floor":22.0,"turns":3.0},{"damage":26.0,"enemies":"Slavers","floor":23.0,"turns":6.0},{"damage":32.0,"enemies":"Book of Stabbing","floor":25.0,"turns":3.0},{"damage":9.0,"enemies":"Gremlin Leader","floor":27.0,"turns":4.0},{"damage":21.0,"enemies":"Book of Stabbing","floor":30.0,"turns":3.0},{"damage":57,"enemies":"Automaton","floor":33,"turns":8}],"seed_played":"3168537306401443793","potions_obtained":[{"floor":4.0,"key":"ColorlessPotion"},{"floor":7.0,"key":"HeartOfIron"},{"floor":14.0,"key":"BloodPotion"},{"floor":20.0,"key":"ColorlessPotion"},{"floor":23.0,"key":"SteroidPotion"}],"is_trial":false,"path_per_floor":["M","?","$","M","M","R","E","M","T","M","M","$","R","E","R","B",null,"M","?","M","M","M","E","R","E","T","E","?","R","E","$","R","B"],"character_chosen":"IRONCLAD","items_purchased":["Question Card","Flame Barrier","Swift Strike","OrangePellets","SkillPotion"],"campfire_rested":2,"item_purchase_floors":[3,3,12,31,31],"current_hp_per_floor":[61,61,61,66,69,69,39,41,51,51,56,56,56,43,43,42,74,74,74,80,65,58,38,63,37,37,34,34,59,44,44,44,0,0],"gold":24,"neow_bonus":"TWO_FIFTY_GOLD","is_daily":false,"chose_seed":false,"campfire_upgraded":4,"win_rate":0.0,"timestamp":1609396467,"path_taken":["M","?","$","M","M","R","E","M","T","M","M","?","R","E","R","BOSS","M","?","M","M","M","E","R","E","T","E","?","R","E","?","R","BOSS"],"items_purchased_type":["Relic","Card","Card","Relic","Potion"],"build_version":"2020-12-22","purchased_purges":2,"victory":false,"max_hp_per_floor":[75,75,75,75,75,75,75,75,85,85,85,85,85,85,85,85,85,85,85,85,85,85,85,85,85,85,85,85,85,85,85,85,85,85],"card_choices":[{"not_picked":["Warcry","Anger"],"picked":"Rage","floor":1.0},{"not_picked":["Clothesline","Twin Strike","Sever Soul"],"picked":"Metallicize","floor":4.0},{"not_picked":["Havoc","Clash","Body Slam"],"picked":"Rage","floor":5.0},{"not_picked":["Spot Weakness","Fire Breathing","Flame Barrier"],"picked":"Perfected Strike","floor":7.0},{"not_picked":["Pummel","Headbutt","Flex"],"picked":"Disarm","floor":8.0},{"not_picked":["Rupture","Warcry","Spot Weakness"],"picked":"Wild Strike","floor":10.0},{"not_picked":["Burning Pact","Searing Blow","Wild Strike"],"picked":"Carnage","floor":11.0},{"not_picked":["Sword Boomerang","Dark Embrace","Clash"],"picked":"Offering","floor":14.0},{"not_picked":["Brutality","Reaper","Feed"],"picked":"Double Tap","floor":16.0},{"not_picked":["Sentinel","Anger","Fire Breathing"],"picked":"Pommel Strike","floor":18.0},{"not_picked":["Spot Weakness","Iron Wave","Thunderclap"],"picked":"Pommel Strike","floor":20.0},{"not_picked":["Clash","Sword Boomerang","Dual Wield"],"picked":"Warcry","floor":21.0},{"not_picked":["Blood for Blood","Warcry","Thunderclap"],"picked":"Perfected Strike","floor":22.0},{"not_picked":["Dual Wield","Body Slam","Metallicize"],"picked":"Warcry","floor":23.0},{"not_picked":["Combust","Armaments","Rage"],"picked":"True Grit","floor":24.0},{"not_picked":["Rampage+1","Iron Wave","Flex","Searing Blow"],"picked":"SKIP","floor":25.0},{"not_picked":["Brutality","Warcry","Second Wind"],"picked":"Impervious","floor":27.0},{"not_picked":["Blood for Blood","Pommel Strike","Bloodletting"],"picked":"Fiend Fire","floor":30.0}],"player_experience":1336376,"relics_obtained":[{"floor":7.0,"key":"Dream Catcher"},{"floor":9.0,"key":"Pear"},{"floor":14.0,"key":"Self Forming Clay"},{"floor":23.0,"key":"Calipers"},{"floor":23.0,"key":"Omamori"},{"floor":25.0,"key":"Akabeko"},{"floor":25.0,"key":"Bottled Flame"},{"floor":26.0,"key":"HornCleat"},{"floor":27.0,"key":"CeramicFish"},{"floor":27.0,"key":"Bird Faced Urn"},{"floor":30.0,"key":"TungstenRod"},{"floor":30.0,"key":"Vajra"}],"event_choices":[{"cards_removed":["Rage"],"damage_healed":0.0,"max_hp_gain":0.0,"max_hp_loss":0.0,"gold_gain":0.0,"event_name":"WeMeetAgain","player_choice":"Gave Card","floor":2.0,"gold_loss":0.0,"damage_taken":0.0,"relics_obtained":["StrikeDummy"]},{"damage_healed":0.0,"max_hp_gain":0.0,"max_hp_loss":0.0,"gold_gain":0.0,"event_name":"The Mausoleum","player_choice":"Opened","floor":19.0,"gold_loss":0.0,"damage_taken":0.0,"relics_obtained":["Turnip"]},{"damage_healed":0.0,"max_hp_gain":0.0,"max_hp_loss":0.0,"gold_gain":0.0,"event_name":"Vampires","player_choice":"Ignored","floor":28.0,"gold_loss":0.0,"damage_taken":0.0}],"is_beta":false,"boss_relics":[{"not_picked":["Runic Dome","Ectoplasm"],"picked":"Black Star"}],"items_purged_floors":[3,31],"is_endless":false,"potions_floor_spawned":[4,7,10,14,20,22,23],"killed_by":"Automaton","ascension_level":14}}