{"host":"kos1s9q8ffr8fqos","time":1609411287,"event":{"mods":["BaseMod","Bestiary","Better Altar","Better Match","Better Note","Better Sensory Stone","Better Skull","Better Third Choice","Better Vampires","Colored Map","Colored Powertips","Curses Come First","Downfall","Hermit","Infinite Spire","Minty Spire (QoL Compilation)","Quick Restart","Random Character Button","Relic Stats","Replay The Spire","StSLib","The Blue Laboratory","The Disciple"],"gold_per_floor":[0,20,37,152,166,166,166,91,91,120,133,133,43,73,89,186,186,111,126,126,226,239,339,339,339,367,367,292,326,343,371,382,485,485,485,496,596,120,29,29,29,35,54,54,66,85,85,85,105,105,105,131,55,55,55],"floor_reached":56,"playtime":5274,"items_purged":["champ:Defend","champ:Execute"],"score":1599,"play_id":"ea13d71c-e74a-489e-9db2-aedd9d846479","local_time":"20201231044127","is_ascension_mode":true,"campfire_choices":[{"data":"champ:Taunt","floor":1.0,"key":"SMITH"},{"floor":6.0,"key":"REST"},{"data":"champ:StanceDance","floor":8.0,"key":"SMITH"},{"data":"champ:DefensiveStyle","floor":9.0,"key":"SMITH"},{"floor":12.0,"key":"REST"},{"floor":18.0,"key":"DIG"},{"floor":25.0,"key":"RECALL"},{"data":"J.A.X.","floor":28.0,"key":"SMITH"},{"data":"infinitespire:SevenWalls","floor":40,"key":"SMITH"},{"data":"champ:BerserkerStyle","floor":44,"key":"SMITH"},{"floor":47,"key":"DIG"},{"data":"infinitespire:UltimateForm","floor":54,"key":"SMITH"}],"circlet_count":0,"master_deck":["champ:Strike+1","champ:Strike+1","champ:Defend","champ:Defend","champ:Taunt+1","champ:AdrenalArmor+1","champ:DefensiveStyle+1","champ:StanceDance+1","champ:BringItOn+1","champ:CheapShot+1","champ:Control+1","champ:IronFortress+1","champ:FanOfKnives","champ:DefensiveShout","champ:Improvising+1","champ:EnGarde","champ:ViciousMockery+1","J.A.X.+1","champ:FlashCut","champ:VampiricStrike+1","champ:HeavySlash+1","champ:IgnorePain+1","champ:EndlessRage+1","champ:DeathBlow","champ:Encircle","champ:StanceDance+1","champ:HeavySlash+1","champ:Circumvent+1","Replay:Fractal Strike","champ:CrownThrow+1","infinitespire:SevenWalls+1","champ:Haymaker+1","champ:VampiricStrike+1","expansioncontent:QuickStudy+1","champ:BerserkerStyle+1","champ:GladiatorsShout+1","infinitespire:UltimateForm+1","champ:DancingMaster+1","champ:Encircle","champ:HoldFirm+1"],"relics":["champ:ChampionCrown","WingedGreaves","downfall:HeartBlessingBlue","Golden Egg","champ:FightingForDummies","ChewingGum","downfall:HeartBlessingGreen","infinitespire:CursedDice","Kunai","champ:BlackKnightHelmet","Bottled Lightning","MutagenicStrength","Question Card","Art of War","downfall:HeartBlessingRed","Shuriken","infinitespire:BottledMercury","infinitespire:Cupcake","Replay:Multitool","Mirror","Bottled Tornado","Lee\u0027s Waffle","Coffee Dripper","champ:GladiatorsBookOfMartialProwess"],"acts_visited":["Exordium","TheCity","TheBeyond","TheEnding"],"potions_floor_usage":[55,55,55],"damage_taken":[{"damage":6.0,"enemies":"Small Slimes","floor":2.0,"turns":3.0},{"damage":18.0,"enemies":"Cultist","floor":3.0,"turns":5.0},{"damage":5.0,"enemies":"2 Louse","floor":5.0,"turns":2.0},{"damage":27.0,"enemies":"Gremlin Nob","floor":10.0,"turns":5.0},{"damage":11.0,"enemies":"2 Fungi Beasts","floor":11.0,"turns":4.0},{"damage":15.0,"enemies":"downfall:FleeingMerchant","floor":13.0,"turns":5.0},{"damage":24.0,"enemies":"3 Sentries","floor":14.0,"turns":8.0},{"damage":6.0,"enemies":"Large Slime","floor":15.0,"turns":4.0},{"damage":57.0,"enemies":"downfall:Ironclad","floor":16.0,"turns":8.0},{"damage":14.0,"enemies":"Chosen","floor":19.0,"turns":4.0},{"damage":23.0,"enemies":"Chosen","floor":21.0,"turns":9.0},{"damage":24.0,"enemies":"Shell Parasite","floor":22.0,"turns":5.0},{"damage":41.0,"enemies":"downfall:Augmenter","floor":23.0,"turns":9.0},{"damage":24.0,"enemies":"Gremlin Leader","floor":26.0,"turns":6.0},{"damage":30.0,"enemies":"Slavers","floor":29.0,"turns":6.0},{"damage":9.0,"enemies":"3 Cultists","floor":30.0,"turns":4.0},{"damage":25.0,"enemies":"Gremlin Leader","floor":31.0,"turns":6.0},{"damage":0.0,"enemies":"Cultist and Chosen","floor":32.0,"turns":3.0},{"damage":66.0,"enemies":"downfall:Silent","floor":33.0,"turns":7.0},{"damage":10.0,"enemies":"Orb Walker","floor":36.0,"turns":2.0},{"damage":28.0,"enemies":"infinitespire:Three Voidlings","floor":37.0,"turns":5.0},{"damage":140.0,"enemies":"Nightmare_Alpha","floor":37.0,"turns":10.0},{"damage":7,"enemies":"downfall:FleeingMerchant","floor":39,"turns":4},{"damage":0,"enemies":"downfall:FleeingMerchant","floor":42,"turns":3},{"damage":21,"enemies":"3 Darklings","floor":43,"turns":4},{"damage":3,"enemies":"Spire Growth","floor":45,"turns":3},{"damage":3,"enemies":"Transient","floor":46,"turns":5},{"damage":23,"enemies":"Sphere and 2 Shapes","floor":49,"turns":3},{"damage":15,"enemies":"downfall:Watcher","floor":50,"turns":6},{"damage":101,"enemies":"downfall:CharBossMerchant","floor":52,"turns":6},{"damage":81,"enemies":"downfall:NeowBoss","floor":55,"turns":16}],"seed_played":"-9000946237015373746","potions_obtained":[{"floor":5.0,"key":"blueLaboratory:HummingbirdPotion"},{"floor":11.0,"key":"Milkshake"},{"floor":15.0,"key":"champ:CounterPotion"},{"floor":16.0,"key":"blueLaboratory:PhilterOfMotion"},{"floor":21.0,"key":"blueLaboratory:BottleOfRum"},{"floor":29.0,"key":"infinitespire:BlackPotion"},{"floor":32.0,"key":"Venom Potion"},{"floor":33.0,"key":"EntropicBrew"},{"floor":43,"key":"blueLaboratory:Moonshine"},{"floor":45,"key":"PowerPotion"}],"is_trial":false,"path_per_floor":["R","M","M","?","M","R","T","R","R","E","M","R","$","E","M","B",null,"R_BF","M","T","?","M","?","T","R","E","?","R","E","M","E","M","B",null,"R_BF","M","?","?","$","R","T","?","M","R","M","M","R","AVR","M","B",null,"E","$","R","B",null],"character_chosen":"THE_CHAMP","items_purchased":["champ:IronFortress","blueLaboratory:StoneskinPotion","expansioncontent:QuickStudy","DuplicationPotion","champ:HoldFirm"],"campfire_rested":2,"item_purchase_floors":[13,39,42,42,53],"current_hp_per_floor":[90,89,89,36,36,63,63,73,73,64,61,91,91,83,77,48,100,100,99,99,99,99,96,96,96,93,85,85,97,100,100,100,71,100,100,93,42,42,91,91,91,101,94,94,102,102,102,109,109,109,109,68,68,68,95],"gold":55,"neow_bonus":"ONE_RARE_RELIC","is_daily":false,"chose_seed":false,"campfire_upgraded":7,"win_rate":0.0,"timestamp":1609411287,"path_taken":["R","M","M","?","M","R","T","R","R","E","M","R","$","E","M","BOSS","R_BF","M","?","?","M","?","T","R","E","?","R","E","?","E","M","BOSS","R_BF","M","?","?","$","R","T","?","M","R","M","M","R","AVR","M","BOSS","E","$","R","BOSS"],"items_purchased_type":["Card","Potion","Card","Potion","Card"],"build_version":"2020-12-22","purchased_purges":2,"victory":true,"max_hp_per_floor":[90,90,90,90,90,90,90,100,100,100,100,100,100,100,100,100,100,100,100,100,100,100,100,100,100,100,100,100,100,100,100,100,100,100,100,100,102,102,102,102,102,102,102,102,102,102,102,109,109,109,109,109,109,109,109],"relic_stats":{"Lee\u0027s Waffle":7,"counters":[31,170],"Shuriken":[29],"Art of War":[12],"Kunai":[34],"Question Card":23,"obtain_stats":[{"Golden Egg":10,"infinitespire:BottledMercury":31,"champ:BlackKnightHelmet":21,"Lee\u0027s Waffle":48,"downfall:HeartBlessingRed":28,"infinitespire:CursedDice":18,"champ:ChampionCrown":0,"downfall:HeartBlessingGreen":18,"Replay:Multitool":37,"Bottled Tornado":47,"Question Card":24,"champ:GladiatorsBookOfMartialProwess":52,"downfall:HeartBlessingBlue":8,"Shuriken":29,"MutagenicStrength":23,"ChewingGum":17,"WingedGreaves":0,"Art of War":26,"Coffee Dripper":48,"Kunai":20,"Bottled Lightning":21,"champ:FightingForDummies":14,"Mirror":41,"infinitespire:Cupcake":34},{"Golden Egg":4,"infinitespire:BottledMercury":17,"champ:BlackKnightHelmet":11,"Lee\u0027s Waffle":27,"downfall:HeartBlessingRed":14,"infinitespire:CursedDice":9,"champ:ChampionCrown":0,"downfall:HeartBlessingGreen":9,"Replay:Multitool":22,"Bottled Tornado":27,"Question Card":13,"champ:GladiatorsBookOfMartialProwess":30,"downfall:HeartBlessingBlue":3,"Shuriken":15,"MutagenicStrength":13,"ChewingGum":9,"WingedGreaves":0,"Art of War":14,"Coffee Dripper":27,"Kunai":10,"Bottled Lightning":11,"champ:FightingForDummies":7,"Mirror":23,"infinitespire:Cupcake":19},{"Golden Egg":15,"infinitespire:BottledMercury":93,"champ:BlackKnightHelmet":57,"Lee\u0027s Waffle":139,"downfall:HeartBlessingRed":77,"infinitespire:CursedDice":44,"champ:ChampionCrown":0,"downfall:HeartBlessingGreen":44,"Replay:Multitool":120,"Bottled Tornado":139,"Question Card":71,"champ:GladiatorsBookOfMartialProwess":154,"downfall:HeartBlessingBlue":10,"Shuriken":83,"MutagenicStrength":71,"ChewingGum":44,"WingedGreaves":0,"Art of War":77,"Coffee Dripper":139,"Kunai":48,"Bottled Lightning":57,"champ:FightingForDummies":32,"Mirror":124,"infinitespire:Cupcake":103}]},"card_choices":[{"not_picked":["champ:ShieldWall","champ:FlashCut"],"picked":"champ:AdrenalArmor","floor":2.0},{"not_picked":["champ:BerserkersShout","champ:BringItOn"],"picked":"champ:DefensiveStyle","floor":3.0},{"not_picked":["champ:ShieldWall","champ:BerserkersShout"],"picked":"champ:StanceDance","floor":5.0},{"not_picked":["champ:GutPunch","champ:BladeFlurry"],"picked":"champ:BringItOn","floor":10.0},{"not_picked":["champ:Haymaker","champ:FocusedBerserking"],"picked":"champ:CheapShot","floor":11.0},{"not_picked":["champ:DefensiveShout","champ:BerserkersShout"],"picked":"champ:Control","floor":13.0},{"not_picked":["champ:FocusedBerserking","champ:Duel"],"picked":"champ:FanOfKnives","floor":14.0},{"not_picked":["champ:BerserkersShout","champ:FlashCut"],"picked":"champ:DefensiveShout","floor":15.0},{"not_picked":["champ:PerfectForm","champ:DancingMaster"],"picked":"champ:Improvising","floor":16.0},{"not_picked":["champ:FalseCounter","champ:FanOfKnives","champ:BerserkersShout"],"picked":"SKIP","floor":19.0},{"not_picked":["champ:BladeFlurry","champ:PerfectedStrike"],"picked":"champ:EnGarde","floor":21.0},{"not_picked":["champ:PerfectedStrike","champ:GladiatorsShout"],"picked":"champ:ViciousMockery+1","floor":22.0},{"not_picked":[],"picked":"J.A.X.","floor":23.0},{"not_picked":["champ:Circumvent","champ:CalledShot"],"picked":"champ:FlashCut","floor":23.0},{"not_picked":["champ:Circumvent","champ:StanceDance","champ:FlashCut"],"picked":"champ:IgnorePain","floor":26.0},{"not_picked":["champ:BerserkersShout","champ:PreciseThrust","champ:Control"],"picked":"champ:EndlessRage","floor":29.0},{"not_picked":["champ:GladiatorsShout","champ:DefensiveShout","champ:BerserkersShout"],"picked":"champ:DeathBlow","floor":30.0},{"not_picked":["champ:Backstep+1","champ:GutPunch","champ:FaceSlap"],"picked":"champ:Encircle","floor":31.0},{"not_picked":["champ:VampiricStrike","champ:FlashCut","champ:PreciseThrust"],"picked":"champ:StanceDance+1","floor":32.0},{"not_picked":["champ:Improvising","champ:ShieldThrow","champ:DancingMaster"],"picked":"champ:HeavySlash","floor":33.0},{"not_picked":["champ:FanOfKnives","champ:RisingSlash","champ:Shatter+1"],"picked":"champ:Circumvent+1","floor":36.0},{"not_picked":["infinitespire:FinalStrike","infinitespire:Punishment"],"picked":"Replay:Fractal Strike","floor":37},{"not_picked":["champ:TornadoPunch+1","champ:FaceSlap+1","champ:GladiatorStyle+1"],"picked":"champ:CrownThrow","floor":37},{"not_picked":["infinitespire:Punishment","infinitespire:Collect"],"picked":"infinitespire:SevenWalls","floor":38},{"not_picked":["champ:PerfectedStrike","champ:StanceDance","champ:AdrenalArmor+1"],"picked":"champ:Haymaker","floor":39},{"not_picked":["champ:BladeFlurry","champ:AdrenalArmor+1","champ:TornadoPunch+1"],"picked":"champ:VampiricStrike","floor":42},{"not_picked":["champ:TornadoPunch+1","champ:AdrenalArmor+1","champ:GladiatorsShout+1"],"picked":"champ:BerserkerStyle","floor":43},{"not_picked":["champ:SkillfulDodge+1","champ:DefensiveShout","champ:FlashCut+1","champ:BladeFlurry+1"],"picked":"SKIP","floor":45},{"not_picked":["champ:Backstep","champ:GutPunch","champ:FocusedBerserking"],"picked":"champ:GladiatorsShout+1","floor":46},{"not_picked":["champ:FlashCut+1","champ:FightOn","champ:Haymaker+1"],"picked":"champ:DancingMaster","floor":49},{"not_picked":["champ:Circumvent+1","champ:DeathBlow","champ:HeartStrike"],"picked":"champ:Encircle","floor":52}],"player_experience":1273758,"relics_obtained":[{"floor":10.0,"key":"Golden Egg"},{"floor":14.0,"key":"champ:FightingForDummies"},{"floor":18.0,"key":"infinitespire:CursedDice"},{"floor":20.0,"key":"Kunai"},{"floor":21.0,"key":"champ:BlackKnightHelmet"},{"floor":21.0,"key":"Bottled Lightning"},{"floor":23.0,"key":"MutagenicStrength"},{"floor":24.0,"key":"Question Card"},{"floor":26.0,"key":"Art of War"},{"floor":29.0,"key":"Shuriken"},{"floor":31.0,"key":"infinitespire:BottledMercury"},{"floor":37,"key":"Replay:Multitool"},{"floor":41,"key":"Mirror"},{"floor":47,"key":"Bottled Tornado"},{"floor":52,"key":"champ:GladiatorsBookOfMartialProwess"}],"event_choices":[{"damage_healed":0.0,"max_hp_gain":0.0,"max_hp_loss":0.0,"gold_gain":115.0,"event_name":"betterSkull:BetterSkull","player_choice":"GO UP UP UP ","floor":4.0,"gold_loss":0.0,"damage_taken":60.0,"cards_upgraded":["champ:Strike","champ:Strike","champ:AdrenalArmor"],"relics_obtained":[]},{"damage_healed":6,"gold_gain":0,"player_choice":"LEAVE ","damage_taken":0,"relics_obtained":[],"max_hp_gain":0,"max_hp_loss":0,"event_name":"betterSkull:BetterSkull","floor":37,"gold_loss":0,"cards_upgraded":[]}],"is_beta":false,"boss_relics":[{"not_picked":["Replay:Bronze Core","Replay:Ancient Bell"],"picked":"ChewingGum"},{"not_picked":["Calling Bell","SacredBark"],"picked":"infinitespire:Cupcake"}],"items_purged_floors":[42,48],"is_endless":false,"potions_floor_spawned":[5,11,15,16,21,29,32,33,43,45,46,49,52],"ascension_level":1}}