{"host":"qm4rv4rkpk76sbxu","time":1609426055,"event":{"mods":["BaseMod","Bestiary","Block Reminder","DeckTracker","Filter the Spire","Keyboard Shortcuts","Minty Spire (QoL Compilation)","MonsterHotkey","Potion Indicator Mod","Quick Restart","Random Character Button","Relic Stats","Slay-I","StSLib","ojb\u0027s Better Paths Mod"],"gold_per_floor":[211,211,223,235,32,32,61,61,84,84,84],"floor_reached":10,"playtime":369,"items_purged":[],"score":124,"play_id":"bc8fb0fb-c1a8-453a-aba3-eab30db507fc","local_time":"20201231154735","is_ascension_mode":true,"campfire_choices":[{"floor":6.0,"key":"REST"},{"floor":8,"key":"REST"}],"circlet_count":0,"master_deck":["AscendersBane","Strike_G","Strike_G","Strike_G","Strike_G","Defend_G","Defend_G","Defend_G","Defend_G","Defend_G","Survivor","Neutralize","Bouncing Flask","Outmaneuver","All Out Attack"],"relics":["Ring of the Snake","MawBank","OrangePellets","Matryoshka","Gremlin Horn","Centennial Puzzle"],"acts_visited":["Exordium"],"potions_floor_usage":[7,7],"damage_taken":[{"damage":13.0,"enemies":"Jaw Worm","floor":1.0,"turns":7.0},{"damage":18,"enemies":"Lagavulin","floor":7,"turns":6},{"damage":19,"enemies":"3 Sentries","floor":10,"turns":5}],"seed_played":"8899018321384728704","potions_obtained":[{"floor":1.0,"key":"Weak Potion"}],"is_trial":false,"path_per_floor":["M","?","?","$","$","R","E","R","T","E"],"character_chosen":"THE_SILENT","items_purchased":["OrangePellets","AttackPotion"],"campfire_rested":2,"item_purchase_floors":[5,5],"current_hp_per_floor":[46,1,1,1,1,20,2,21,21,2,2],"gold":84,"neow_bonus":"HUNDRED_GOLD","is_daily":false,"chose_seed":false,"campfire_upgraded":0,"win_rate":0.0,"timestamp":1609426055,"path_taken":["M","?","?","?","$","R","E","R","T","E"],"items_purchased_type":["Relic","Potion"],"build_version":"2020-12-22","purchased_purges":0,"victory":false,"max_hp_per_floor":[66,66,66,66,66,66,66,66,66,66,66],"relic_stats":{"OrangePellets":[0],"Centennial Puzzle":[3],"Gremlin Horn":[0,0],"counters":[3,18],"MawBank":36,"obtain_stats":[{"OrangePellets":5,"Centennial Puzzle":9,"Matryoshka":7,"Gremlin Horn":9,"MawBank":2,"Ring of the Snake":0},{"OrangePellets":1,"Centennial Puzzle":2,"Matryoshka":2,"Gremlin Horn":2,"MawBank":1,"Ring of the Snake":0},{"OrangePellets":7,"Centennial Puzzle":13,"Matryoshka":13,"Gremlin Horn":13,"MawBank":7,"Ring of the Snake":0}],"Ring of the Snake":[6]},"card_choices":[{"not_picked":["Expertise","Deflect"],"picked":"Bouncing Flask","floor":1.0},{"not_picked":["Dodge and Roll","Deadly Poison"],"picked":"All Out Attack","floor":7}],"player_experience":1175381,"relics_obtained":[{"floor":7,"key":"Matryoshka"},{"floor":9,"key":"Gremlin Horn"},{"floor":9,"key":"Centennial Puzzle"}],"event_choices":[{"damage_healed":0.0,"max_hp_gain":0.0,"max_hp_loss":0.0,"gold_gain":0.0,"event_name":"Scrap Ooze","player_choice":"Success","floor":2.0,"gold_loss":0.0,"damage_taken":45.0,"relics_obtained":["MawBank"]},{"damage_healed":0.0,"max_hp_gain":0.0,"max_hp_loss":0.0,"gold_gain":0.0,"cards_transformed":["Strike_G"],"event_name":"Living Wall","player_choice":"Change","floor":3.0,"gold_loss":0.0,"damage_taken":0.0,"cards_obtained":["Outmaneuver"]}],"is_beta":false,"boss_relics":[],"items_purged_floors":[],"is_endless":false,"potions_floor_spawned":[1],"killed_by":"3 Sentries","ascension_level":20}}