{"host":"rmsq46plbpwfbxcc","time":1609430295,"event":{"mods":["AchievementEnabler","BaseMod","Colored Map","Colored Powertips","DeckTracker","KOR Keyword Fix","Minty Spire (QoL Compilation)","Permanent Neow","Quick Restart","SuperFastMode"],"gold_per_floor":[109,123,273,285,129,129,157,157,157,157,174,206,206,106,106,177,177,189,64,64,81,100,135,135,166,189,189,189,189],"floor_reached":28,"playtime":844,"items_purged":["Doubt","Defend_G","Strike_G"],"score":588,"play_id":"6909c88f-c6b5-4877-9dab-acd93fce76f9","local_time":"20210101005815","is_ascension_mode":true,"campfire_choices":[{"data":"Neutralize","floor":6.0,"key":"SMITH"},{"data":"Blade Dance","floor":8.0,"key":"SMITH"},{"data":"Finisher","floor":10.0,"key":"SMITH"},{"data":"Terror","floor":15.0,"key":"SMITH"},{"data":"Cloak And Dagger","floor":24.0,"key":"SMITH"},{"data":"Well Laid Plans","floor":27.0,"key":"SMITH"}],"circlet_count":0,"master_deck":["AscendersBane","Strike_G","Strike_G","Strike_G","Defend_G","Defend_G","Defend_G","Defend_G","Survivor","Neutralize+1","PiercingWail","Backflip","Finisher+1","Blade Dance+1","Terror+1","Dash","Well Laid Plans+1","Writhe","Cloak And Dagger+1","Choke"],"relics":["Coffee Dripper","Pear","Lantern","Question Card","SacredBark","Eternal Feather","StrikeDummy","Red Mask","Anchor"],"acts_visited":["Exordium","TheCity"],"potions_floor_usage":[28],"damage_taken":[{"damage":2.0,"enemies":"Jaw Worm","floor":1.0,"turns":5.0},{"damage":0.0,"enemies":"Small Slimes","floor":2.0,"turns":5.0},{"damage":3.0,"enemies":"Cultist","floor":4.0,"turns":5.0},{"damage":16.0,"enemies":"Lagavulin","floor":7.0,"turns":9.0},{"damage":13.0,"enemies":"Blue Slaver","floor":11.0,"turns":2.0},{"damage":12.0,"enemies":"3 Sentries","floor":12.0,"turns":7.0},{"damage":0.0,"enemies":"Slime Boss","floor":16.0,"turns":3.0},{"damage":2.0,"enemies":"Chosen","floor":18.0,"turns":3.0},{"damage":20.0,"enemies":"Spheric Guardian","floor":21.0,"turns":4.0},{"damage":0.0,"enemies":"Centurion and Healer","floor":22.0,"turns":5.0},{"damage":22.0,"enemies":"Slavers","floor":23.0,"turns":6.0},{"damage":52.0,"enemies":"Masked Bandits","floor":25.0,"turns":7.0},{"damage":46,"enemies":"Gremlin Leader","floor":28,"turns":3}],"seed_played":"-5665976852801555768","potions_obtained":[{"floor":2.0,"key":"Block Potion"},{"floor":4.0,"key":"BlessingOfTheForge"},{"floor":7.0,"key":"SpeedPotion"},{"floor":16.0,"key":"LiquidBronze"},{"floor":21.0,"key":"FairyPotion"},{"floor":25.0,"key":"FearPotion"}],"is_trial":false,"path_per_floor":["M","M","?","M","$","R","E","R","T","R","M","E","?","$","R","B",null,"M","$","?","M","M","E","R","?","T","R","E"],"character_chosen":"THE_SILENT","items_purchased":["Finisher"],"campfire_rested":0,"item_purchase_floors":[5],"current_hp_per_floor":[57,57,57,54,54,54,48,48,48,48,35,23,16,16,16,16,61,59,59,59,39,39,17,26,28,28,40,0,0],"gold":189,"neow_bonus":"BOSS_RELIC","is_daily":false,"chose_seed":false,"campfire_upgraded":6,"win_rate":0.0,"timestamp":1609430295,"path_taken":["M","M","?","M","$","R","E","R","T","R","M","E","?","?","R","BOSS","M","$","?","M","M","E","R","?","T","R","E"],"items_purchased_type":["Card"],"build_version":"2020-12-22","purchased_purges":3,"victory":false,"max_hp_per_floor":[66,66,66,66,66,66,76,76,76,76,76,76,76,76,76,76,76,76,76,76,76,76,76,76,76,76,76,76,76],"card_choices":[{"not_picked":["Tactician","Endless Agony"],"picked":"PiercingWail","floor":1.0},{"not_picked":["Prepared","Poisoned Stab","Concentrate"],"picked":"SKIP","floor":2.0},{"not_picked":["Outmaneuver","Sucker Punch"],"picked":"Backflip","floor":4.0},{"not_picked":["Dodge and Roll","Escape Plan"],"picked":"Blade Dance","floor":7.0},{"not_picked":["Flying Knee","Underhanded Strike"],"picked":"Terror","floor":11.0},{"not_picked":["Terror","Backflip"],"picked":"Dash","floor":12.0},{"not_picked":["Leg Sweep","Catalyst","Dash"],"picked":"Well Laid Plans","floor":18.0},{"not_picked":["Deadly Poison","Infinite Blades","Dagger Spray"],"picked":"Cloak And Dagger","floor":21.0},{"not_picked":["Backflip","Crippling Poison","Backstab","Prepared"],"picked":"SKIP","floor":22.0},{"not_picked":["Calculated Gamble","Unload","Dagger Throw","Caltrops"],"picked":"SKIP","floor":23.0},{"not_picked":["Caltrops+1","Infinite Blades","Deadly Poison"],"picked":"Choke","floor":25.0}],"player_experience":1422688,"relics_obtained":[{"floor":7.0,"key":"Pear"},{"floor":9.0,"key":"Lantern"},{"floor":12.0,"key":"Question Card"},{"floor":23.0,"key":"StrikeDummy"},{"floor":25.0,"key":"Red Mask"},{"floor":26.0,"key":"Anchor"}],"event_choices":[{"damage_healed":0.0,"max_hp_gain":0.0,"max_hp_loss":0.0,"gold_gain":150.0,"event_name":"Liars Game","player_choice":"AGREE","floor":3.0,"gold_loss":0.0,"damage_taken":0.0,"cards_obtained":["Doubt"]},{"cards_removed":["Strike_G"],"damage_healed":0.0,"max_hp_gain":0.0,"max_hp_loss":0.0,"gold_gain":0.0,"event_name":"Golden Wing","player_choice":"Card Removal","floor":13.0,"gold_loss":0.0,"damage_taken":7.0},{"damage_healed":0.0,"max_hp_gain":0.0,"max_hp_loss":0.0,"gold_gain":0.0,"event_name":"The Mausoleum","player_choice":"Opened","floor":20.0,"gold_loss":0.0,"damage_taken":0.0,"relics_obtained":["Eternal Feather"],"cards_obtained":["Writhe"]},{"damage_healed":0.0,"max_hp_gain":0.0,"max_hp_loss":0.0,"gold_gain":0.0,"event_name":"Masked Bandits","player_choice":"Fought Bandits","floor":25.0,"gold_loss":0.0,"damage_taken":0.0}],"is_beta":false,"boss_relics":[{"not_picked":["SlaversCollar","Snecko Eye"],"picked":"SacredBark"}],"items_purged_floors":[5,14,19],"is_endless":false,"potions_floor_spawned":[2,4,7,16,21,25],"killed_by":"Gremlin Leader","ascension_level":20}}