{"host":"ELF","time":1609407475,"event":{"mods":["BaseMod","Minty Spire (QoL Compilation)"],"gold_per_floor":[117,117,30,30,50,50,94,127,181,204,204,43,43,385,385,385,385],"floor_reached":16,"playtime":617,"items_purged":[],"score":266,"play_id":"529a1399-ce19-4c9b-86c2-532cfd5fef7a","local_time":"20201231033755","is_ascension_mode":true,"campfire_choices":[{"data":"Tools of the Trade","floor":6,"key":"SMITH"},{"floor":11,"key":"REST"},{"floor":15,"key":"REST"}],"circlet_count":0,"master_deck":["AscendersBane","Strike_G","Strike_G","Strike_G","Strike_G","Strike_G","Defend_G","Defend_G","Defend_G","Defend_G","Defend_G","Survivor","Neutralize","Poisoned Stab","Tools of the Trade+1","Deadly Poison","Blur","Deadly Poison","Crippling Poison","Prepared"],"relics":["Ring of the Snake","NeowsBlessing","Golden Idol","CeramicFish","Regal Pillow","Chemical X","Old Coin"],"acts_visited":["Exordium"],"potions_floor_usage":[14,16],"damage_taken":[{"damage":0,"enemies":"Small Slimes","floor":1,"turns":1},{"damage":0,"enemies":"2 Louse","floor":5,"turns":1},{"damage":0,"enemies":"Lagavulin","floor":7,"turns":1},{"damage":1,"enemies":"Cultist","floor":8,"turns":3},{"damage":8,"enemies":"Blue Slaver","floor":10,"turns":4},{"damage":33,"enemies":"3 Sentries","floor":14,"turns":11},{"damage":66,"enemies":"Slime Boss","floor":16,"turns":10}],"seed_played":"-1883919803738884338","potions_obtained":[{"floor":1,"key":"PowerPotion"},{"floor":4,"key":"Ancient Potion"},{"floor":14,"key":"Fire Potion"}],"is_trial":false,"path_per_floor":["M","?","$","?","M","R","E","M","T","M","R","$","?","E","R","B"],"character_chosen":"THE_SILENT","items_purchased":["Tools of the Trade","Chemical X"],"campfire_rested":2,"item_purchase_floors":[3,12],"current_hp_per_floor":[59,59,59,59,59,59,59,58,58,50,66,66,59,26,60,0,0],"gold":385,"neow_bonus":"THREE_ENEMY_KILL","is_daily":false,"chose_seed":false,"campfire_upgraded":1,"win_rate":0.0,"timestamp":1609407475,"path_taken":["M","?","$","?","?","R","E","M","T","M","R","$","?","E","R","BOSS"],"items_purchased_type":["Card","Relic"],"build_version":"2020-12-18","purchased_purges":0,"victory":false,"max_hp_per_floor":[66,66,66,66,66,66,66,66,66,66,66,66,66,66,66,66,66],"card_choices":[{"not_picked":["Heel Hook","Acrobatics"],"picked":"Poisoned Stab","floor":1},{"not_picked":["Sucker Punch","Eviscerate"],"picked":"Deadly Poison","floor":5},{"not_picked":["Envenom","Choke"],"picked":"Blur","floor":7},{"not_picked":["Flying Knee","Dagger Spray"],"picked":"Deadly Poison","floor":8},{"not_picked":["Deflect","Distraction"],"picked":"Crippling Poison","floor":10},{"not_picked":["PiercingWail","Acrobatics"],"picked":"Prepared","floor":14}],"player_experience":3118916,"relics_obtained":[{"floor":7,"key":"CeramicFish"},{"floor":9,"key":"Regal Pillow"},{"floor":14,"key":"Old Coin"}],"event_choices":[{"damage_healed":0,"gold_gain":0,"player_choice":"Take Wound","damage_taken":0,"relics_obtained":["Golden Idol"],"max_hp_gain":0,"max_hp_loss":0,"event_name":"Golden Idol","floor":2,"gold_loss":0,"cards_obtained":["Injury"]},{"damage_healed":0,"gold_gain":0,"player_choice":"Got Potions","damage_taken":0,"max_hp_gain":0,"max_hp_loss":0,"event_name":"Lab","floor":4,"gold_loss":0},{"cards_removed":["Injury"],"damage_healed":0,"gold_gain":0,"player_choice":"Card Removal","damage_taken":7,"max_hp_gain":0,"max_hp_loss":0,"event_name":"Golden Wing","floor":13,"gold_loss":0}],"is_beta":true,"boss_relics":[],"items_purged_floors":[],"is_endless":false,"potions_floor_spawned":[1,8,10,14],"killed_by":"Slime Boss","ascension_level":20}}