{"host":"x1qj4d8ympd5jdqh","time":1609398664,"event":{"mods":["AchievementEnabler","AlwaysNeverKeys","BaseMod","Colored Map","Custom Start","DeckTracker","Highlight Path","Minty Spire (QoL Compilation)","StSLib","SuperFastMode"],"gold_per_floor":[111,161,161,12,12,55,2,38,38,38,81,6,25,43,43,137,137,156,1,1,1,0,0,23,23,23,23,23,63,63,63,63],"floor_reached":31,"playtime":568,"items_purged":["Strike_R","Strike_R"],"score":630,"play_id":"bddaa63a-c856-4095-ba16-ee44be6c594f","local_time":"20201231161104","is_ascension_mode":true,"campfire_choices":[{"data":"Spot Weakness","floor":10,"key":"SMITH"},{"data":"Sword Boomerang","floor":15,"key":"SMITH"},{"data":"Dual Wield","floor":23,"key":"SMITH"},{"floor":25,"key":"REST"},{"data":"Burning Pact","floor":27,"key":"SMITH"}],"circlet_count":0,"master_deck":["AscendersBane","Strike_R","Strike_R","Strike_R","Defend_R","Defend_R","Defend_R","Defend_R","Bash","Wild Strike","Reaper","Sword Boomerang+1","Spot Weakness+1","Dual Wield+1","Fire Breathing+1","Burning Pact+1","Feed","J.A.X.","Warcry+1"],"relics":["Burning Blood","NeowsBlessing","Golden Idol","Self Forming Clay","Vajra","Frozen Egg 2","Bottled Lightning","Orichalcum","Runic Cube","Ancient Tea Set","StrikeDummy","Enchiridion"],"acts_visited":["Exordium","TheCity"],"potions_floor_usage":[16,16,18,29],"damage_taken":[{"damage":0.0,"enemies":"2 Louse","floor":1.0,"turns":1.0},{"damage":0,"enemies":"3 Sentries","floor":6,"turns":1},{"damage":0,"enemies":"Gremlin Nob","floor":8,"turns":1},{"damage":32,"enemies":"Lagavulin","floor":11,"turns":6},{"damage":0,"enemies":"Cultist","floor":13,"turns":3},{"damage":12,"enemies":"Small Slimes","floor":14,"turns":3},{"damage":24,"enemies":"Hexaghost","floor":16,"turns":9},{"damage":31,"enemies":"2 Thieves","floor":18,"turns":4},{"damage":45,"enemies":"Spheric Guardian","floor":24,"turns":5},{"damage":43,"enemies":"Slavers","floor":29,"turns":3},{"damage":0,"enemies":"Book of Stabbing","floor":31,"turns":1}],"seed_played":"8236926205938746253","potions_obtained":[{"floor":8,"key":"Strength Potion"},{"floor":11,"key":"ColorlessPotion"},{"floor":16,"key":"EssenceOfSteel"},{"floor":29,"key":"Energy Potion"}],"is_trial":false,"path_per_floor":["M","?","$","$","?","E","?","E","T","R","E","$","M","M","R","B",null,"M","$","?","?","?","R","M","R","T","R","?","E","?","E"],"character_chosen":"IRONCLAD","items_purchased":["Reaper","Swift Potion"],"campfire_rested":1,"item_purchase_floors":[4,19],"current_hp_per_floor":[74,67,67,67,41,47,47,53,53,53,34,34,47,50,50,32,64,64,64,64,64,64,64,25,48,48,48,48,29,8,8,8],"gold":63,"neow_bonus":"THREE_ENEMY_KILL","is_daily":false,"chose_seed":false,"campfire_upgraded":4,"win_rate":0.0,"timestamp":1609398664,"path_taken":["M","?","?","$","?","E","?","E","T","R","E","$","M","M","R","BOSS","M","$","?","?","?","R","M","R","T","R","?","E","?","E"],"items_purchased_type":["Card","Potion"],"build_version":"2020-12-22","purchased_purges":2,"victory":false,"max_hp_per_floor":[75,75,75,75,75,75,75,75,75,75,75,75,75,75,75,75,75,78,78,78,78,78,78,78,78,78,78,78,78,78,78,78],"card_choices":[{"not_picked":["Flex","Armaments"],"picked":"Wild Strike","floor":1.0},{"not_picked":["Sentinel","Flame Barrier"],"picked":"Sword Boomerang","floor":6},{"not_picked":["Perfected Strike","Clash"],"picked":"Spot Weakness","floor":8},{"not_picked":["True Grit","Armaments"],"picked":"Dual Wield","floor":11},{"not_picked":["Clash","Perfected Strike"],"picked":"Fire Breathing+1","floor":13},{"not_picked":["Intimidate","Seeing Red"],"picked":"Burning Pact","floor":14},{"not_picked":["Corruption+1","Berserk+1"],"picked":"Feed","floor":16},{"not_picked":["Warcry","Body Slam","Uppercut"],"picked":"SKIP","floor":18},{"not_picked":["Perfected Strike","Twin Strike","Clothesline"],"picked":"SKIP","floor":24},{"not_picked":["Second Wind","Feel No Pain+1"],"picked":"Warcry+1","floor":29}],"player_experience":1295417,"relics_obtained":[{"floor":6,"key":"Self Forming Clay"},{"floor":8,"key":"Frozen Egg 2"},{"floor":9,"key":"Bottled Lightning"},{"floor":11,"key":"Orichalcum"},{"floor":26,"key":"Ancient Tea Set"},{"floor":29,"key":"StrikeDummy"},{"floor":30,"key":"Enchiridion"}],"event_choices":[{"damage_healed":0,"gold_gain":50,"player_choice":"Touch","damage_taken":7,"max_hp_gain":0,"max_hp_loss":0,"event_name":"FaceTrader","floor":2,"gold_loss":0},{"damage_healed":0,"gold_gain":0,"player_choice":"Take Damage","damage_taken":26,"relics_obtained":["Golden Idol"],"max_hp_gain":0,"max_hp_loss":0,"event_name":"Golden Idol","floor":5,"gold_loss":0},{"damage_healed":0,"gold_gain":0,"player_choice":"Paid Gold","damage_taken":0,"relics_obtained":["Vajra"],"max_hp_gain":0,"max_hp_loss":0,"event_name":"WeMeetAgain","floor":7,"gold_loss":53},{"damage_healed":0,"gold_gain":0,"player_choice":"Ignored","damage_taken":0,"max_hp_gain":0,"max_hp_loss":0,"event_name":"Ghosts","floor":20,"gold_loss":0},{"damage_healed":0,"gold_gain":0,"player_choice":"Paid Fearfully","damage_taken":0,"max_hp_gain":0,"max_hp_loss":0,"event_name":"Masked Bandits","floor":22,"gold_loss":1},{"damage_healed":0,"gold_gain":0,"player_choice":"Obtain J.A.X.","damage_taken":0,"max_hp_gain":0,"max_hp_loss":0,"event_name":"Drug Dealer","floor":28,"gold_loss":0,"cards_obtained":["J.A.X."]},{"damage_healed":0,"gold_gain":0,"player_choice":"Obtained Book","damage_taken":21,"max_hp_gain":0,"max_hp_loss":0,"event_name":"Cursed Tome","floor":30,"gold_loss":0}],"is_beta":false,"boss_relics":[{"not_picked":["Black Blood","Velvet Choker"],"picked":"Runic Cube"}],"items_purged_floors":[12,19],"is_endless":false,"potions_floor_spawned":[8,11,16,29],"killed_by":"Book of Stabbing","ascension_level":20}}