{"host":"bz6gkvdcavhdnmlv","time":1609394260,"event":{"mods":["2.2 Compatiblity","Aspiration","BaseMod","BetterRewards","Block Reminder","CCEM","Clawfect","Colored Map","Conspire","Downfall","Energized Spire","GifTheSpireLib","Googly Eyes","Halation","Highlight Path","Hubris","Infinite Spire","Minty Spire (QoL Compilation)","Permanent Neow","Quick Restart","Replay The Spire","Spicy Shops","StSLib","Stuff the Spire","SuperFastMode","The Construct","The IronCluck","Unceasing Turn Reminder","everything is the same but u backflip on backflip"],"gold_per_floor":[115,127,127,127,54,87,87,101,101,137,157,193,230,230,230,360,360,380,380,393,393,416,416,163,163,208,208,28,47,47,47,47,170,170,195,41,62,86,86,86,86,86],"floor_reached":41,"playtime":2061,"items_purged":["sneckomod:Bewildered","Shame"],"score":457,"play_id":"a673253c-d6fe-4d02-9d85-405787be2587","local_time":"20201231005740","is_ascension_mode":false,"campfire_choices":[{"floor":7.0,"key":"REST"},{"floor":15.0,"key":"REST"},{"floor":23,"key":"REST"},{"floor":25,"key":"RECALL"},{"floor":32,"key":"REST"},{"floor":40,"key":"REST"}],"circlet_count":0,"master_deck":["Gash","Gash","Gash","Gash","Gash","Defend_B","Defend_B","Defend_B","Defend_B","Defend_B","Clawfect:Clawrage","Chaos","Injury","Gash","StuffTheSpire:CleanHardDrive","ReplayTheSpireMod:Dual Polarity","Clawfect:ClawForTheEyes","Clawfect:ClawForTheEyes","Clawfect:ClawSnap","Echo Form","Clawfect:ClawpileDriver","Gash","Clawfect:ClawingBeam","Clawfect:ClawAndGloom","Coolheaded","Clawfect:ClawLightning","Clawfect:ClawForOne","hubris:Wrath","Slimebound:CorrosiveSpit","Rainbow","ReplayTheSpireMod:Uncanny Aura","infinitespire:Gouge","construct:Boost","FIFO Queue","FIFO Queue","hexamod:SoulSteal+1"],"relics":["Cursed Key","Golden Idol","StuffTheSpire:RedRose","Bag of Marbles","TungstenRod","hubris:SoftwareUpdate","hubris:PeanutButter","halation:AfternoonTea","Kunai","hubris:Icosahedron","Empty Cage","MutagenicStrength","Strange Spoon","Juzu Bracelet","ReplayTheSpireMod:CursedCoin","infinitespire:Broken Mirror","PrismaticShard","ReplayTheSpireMod:SealedPack"],"acts_visited":["Exordium","TheCity","TheBeyond"],"potions_floor_usage":[29,33,33,35,38],"damage_taken":[{"damage":7.0,"enemies":"Small Slimes","floor":1.0,"turns":4.0},{"damage":0.0,"enemies":"2 Louse","floor":2.0,"turns":4.0},{"damage":4.0,"enemies":"hubris:Merchant","floor":5.0,"turns":1.0},{"damage":18.0,"enemies":"3 Sentries","floor":6.0,"turns":8.0},{"damage":5.0,"enemies":"Jaw Worm","floor":8.0,"turns":5.0},{"damage":12.0,"enemies":"Lagavulin","floor":10.0,"turns":6.0},{"damage":3.0,"enemies":"Large Slime","floor":11.0,"turns":4.0},{"damage":19.0,"enemies":"Gremlin Nob","floor":12.0,"turns":5.0},{"damage":14.0,"enemies":"conspire:MimicChest","floor":13.0,"turns":6.0},{"damage":40,"enemies":"The Guardian","floor":16,"turns":11},{"damage":5,"enemies":"Shell Parasite","floor":18,"turns":4},{"damage":0,"enemies":"3 Byrds","floor":20,"turns":3},{"damage":0,"enemies":"Centurion and Healer","floor":22,"turns":5},{"damage":0,"enemies":"conspire:HollyBat","floor":29,"turns":6},{"damage":33,"enemies":"Automaton","floor":33,"turns":7},{"damage":18,"enemies":"3 Darklings","floor":35,"turns":3},{"damage":36,"enemies":"3 Shapes","floor":37,"turns":4},{"damage":41,"enemies":"Sphere and 2 Shapes","floor":38,"turns":5},{"damage":50,"enemies":"4 Shapes","floor":41,"turns":3}],"seed_played":"-5982297941473672411","potions_obtained":[{"floor":1.0,"key":"Block Potion"},{"floor":6.0,"key":"Block Potion"},{"floor":10.0,"key":"ColorlessPotion"},{"floor":12.0,"key":"Adrenaline Potion"},{"floor":22,"key":"sneckomod:MuddlingPotion"},{"floor":33,"key":"AttackPotion"},{"floor":37,"key":"Venom Potion"}],"is_trial":false,"path_per_floor":["M","M","?","?","$","E","R","M","T","E","M","E","?","?","R","B",null,"M","?","M","?","M","R","$","R","T","?","$","M","?","?","R_BF","B",null,"M","$","M","M","?","R","M"],"character_chosen":"DEFECT","items_purchased":["Bag of Marbles","Strange Spoon","Regen Potion","Clawfect:ClawAndGloom","ReplayTheSpireMod:CursedCoin","infinitespire:Broken Mirror","FIFO Queue"],"campfire_rested":5,"item_purchase_floors":[5,24,24,24,28,28,36],"current_hp_per_floor":[68,68,68,68,64,46,68,63,63,51,48,29,15,15,37,12,75,70,19,19,19,19,41,41,41,41,41,41,56,56,49,71,57,75,57,57,56,15,15,37,0,0],"gold":86,"neow_bonus":"BOSS_RELIC","is_daily":false,"chose_seed":false,"campfire_upgraded":0,"win_rate":0.0,"timestamp":1609394260,"path_taken":["M","M","?","?","$","E","R","M","T","E","M","E","?","?","R","BOSS","M","?","M","?","M","R","?","R","T","?","$","M","?","?","R_BF","BOSS","M","$","M","M","?","R","M"],"items_purchased_type":["Relic","Relic","Potion","Card","Relic","Relic","Card"],"build_version":"2020-12-22","purchased_purges":2,"victory":false,"max_hp_per_floor":[75,75,75,75,75,75,75,75,75,75,75,75,75,75,75,75,75,75,75,75,75,75,75,75,75,75,75,75,75,75,75,75,75,75,75,75,75,75,75,75,75,75],"card_choices":[{"not_picked":["Defragment","Gash"],"picked":"Clawfect:Clawrage","floor":1.0},{"not_picked":["Clawfect:ClawAndGloom","conspire:SharedLibrary"],"picked":"Chaos","floor":2.0},{"not_picked":["Conserve Battery","StuffTheSpire:Purify"],"picked":"Gash","floor":6.0},{"not_picked":["Hello World","Clawfect:ClawAndTear"],"picked":"StuffTheSpire:CleanHardDrive","floor":8.0},{"not_picked":["FTL","Tempest"],"picked":"ReplayTheSpireMod:Dual Polarity","floor":10.0},{"not_picked":["Panic Button","BasicCrystalCard"],"picked":"Clawfect:ClawForTheEyes","floor":11.0},{"not_picked":["conspire:Rain","Coolheaded"],"picked":"Clawfect:ClawForTheEyes","floor":12.0},{"not_picked":["ReplayTheSpireMod:Omega Cannon","Conserve Battery"],"picked":"Clawfect:ClawSnap","floor":13.0},{"not_picked":["Amplify","Meteor Strike"],"picked":"Echo Form","floor":16},{"not_picked":["StuffTheSpire:LoadUp","Panic Button"],"picked":"Clawfect:ClawpileDriver","floor":18},{"not_picked":["Panic Button","Coolheaded"],"picked":"Gash","floor":20},{"not_picked":["Redo","Clawfect:ClawSnap"],"picked":"Clawfect:ClawingBeam","floor":22},{"not_picked":["Steam Power","hubris:SpecializedCircuitry"],"picked":"Coolheaded","floor":29},{"not_picked":["Tempest","Skim"],"picked":"Clawfect:ClawLightning","floor":31},{"not_picked":["hubris:EnhanceAbility","Master of Strategy"],"picked":"Clawfect:ClawForOne","floor":33},{"not_picked":["Replay:GuardianBash","construct:DefenseMode"],"picked":"Slimebound:CorrosiveSpit","floor":34},{"not_picked":["Machine Learning","Echo Form"],"picked":"Rainbow","floor":34},{"not_picked":["expansioncontent:DarkVoid","expansioncontent:ManipulateTime"],"picked":"ReplayTheSpireMod:Uncanny Aura","floor":34},{"not_picked":["infinitespire:Menacing","ReplayTheSpireMod:Book of Names"],"picked":"infinitespire:Gouge","floor":34},{"not_picked":["Riddle With Holes+1","Slimebound:SlimeBarrage+1"],"picked":"construct:Boost","floor":35},{"not_picked":["Guardian:Reroute+1","construct:Accumulate"],"picked":"hexamod:SoulSteal+1","floor":37},{"not_picked":["StuffTheSpire:Incineration+1","hexamod:Firestarter","Massacre"],"picked":"SKIP","floor":38}],"player_experience":199024,"relics_obtained":[{"floor":6.0,"key":"TungstenRod"},{"floor":9.0,"key":"hubris:SoftwareUpdate"},{"floor":10.0,"key":"hubris:PeanutButter"},{"floor":12.0,"key":"halation:AfternoonTea"},{"floor":13.0,"key":"Kunai"},{"floor":26,"key":"Juzu Bracelet"},{"floor":31,"key":"PrismaticShard"}],"event_choices":[{"damage_healed":0.0,"max_hp_gain":0.0,"max_hp_loss":0.0,"gold_gain":0.0,"event_name":"Golden Idol","player_choice":"Take Wound","floor":3.0,"gold_loss":0.0,"damage_taken":0.0,"relics_obtained":["Golden Idol"],"cards_obtained":["Injury"]},{"damage_healed":0,"gold_gain":0,"player_choice":"Inject Mutagens","damage_taken":0,"relics_obtained":["MutagenicStrength"],"max_hp_gain":0,"max_hp_loss":0,"event_name":"Drug Dealer","floor":21,"gold_loss":0},{"damage_healed":0,"gold_gain":0,"player_choice":"Ignored","damage_taken":0,"max_hp_gain":0,"max_hp_loss":0,"event_name":"Cursed Tome","floor":27,"gold_loss":0},{"damage_healed":0,"gold_gain":0,"player_choice":"Ignored","damage_taken":0,"max_hp_gain":0,"max_hp_loss":0,"event_name":"Vampires","floor":30,"gold_loss":0}],"is_beta":false,"boss_relics":[{"not_picked":["energizedSpire:HugeHouse","energizedSpire:CursedPentagram"],"picked":"Empty Cage"},{"not_picked":["aspiration:RitualDagger","Tiny House"],"picked":"ReplayTheSpireMod:SealedPack"}],"items_purged_floors":[28,36],"is_endless":false,"potions_floor_spawned":[1,6,10,12,22,33,37],"killed_by":"4 Shapes","ascension_level":0}}