{"host":"yvb207ks1sg3cxef","time":1609436390,"event":{"mods":["2.2 Compatiblity","BaseMod","Bestiary","Colored Powertips","Minty Spire (QoL Compilation)","Permanent Neow","Quick Restart","Relic Stats","StSLib"],"gold_per_floor":[367,386,12,22,22,22,57,57,57,89,104,104,69,85,85,189,189,209,209,222,240,240,274,274,274,327,359,40,75,90,103,103,200,200,210,0,10,55,65,90,90,122,122,142,122,122,139,60,60,60,60,60,11,46,46],"floor_reached":56,"playtime":3841,"items_purged":[],"score":1698,"play_id":"969f6ba9-87bc-4cbd-b886-2ccb49a6ebf2","local_time":"20201231230950","is_ascension_mode":true,"campfire_choices":[{"data":"Eruption","floor":6.0,"key":"SMITH"},{"data":"Wallop","floor":8.0,"key":"SMITH"},{"data":"Halt","floor":15.0,"key":"SMITH"},{"data":"Scrawl","floor":25,"key":"SMITH"},{"data":"Indignation","floor":32,"key":"SMITH"},{"data":"Perseverance","floor":41,"key":"SMITH"},{"floor":46,"key":"RECALL"},{"floor":49,"key":"REST"},{"data":"Establishment","floor":52,"key":"SMITH"}],"circlet_count":0,"master_deck":["Strike_P","Strike_P","Defend_P","Defend_P","Defend_P","Defend_P","Eruption+1","Vigilance","Protect","EmptyBody","Adaptation","Wallop+1","Brilliance","FollowUp","WheelKick","ClearTheMind","Halt+1","Vault","CurseOfTheBell","Perseverance+1","FlurryOfBlows","Protect+1","WindmillStrike","SandsOfTime","Scrawl+1","Collect+1","TalkToTheHand+1","FollowUp+1","Indignation+1","Sanctity","EmptyFist+1","Wallop+1","Adaptation+1","ThirdEye+1","Establishment+1","Tantrum+1","Vault","LikeWater","SandsOfTime+1","Omniscience"],"relics":["PureWater","HornCleat","Pear","Darkstone Periapt","Pen Nib","Torii","Calling Bell","PreservedInsect","Question Card","CloakClasp","Molten Egg 2","Art of War","Lizard Tail","White Beast Statue","Sundial","Snecko Eye","Red Mask","Unceasing Top","Incense Burner","Oddly Smooth Stone","Yang"],"acts_visited":["Exordium","TheCity","TheBeyond","TheEnding"],"potions_floor_usage":[29,33,42,47,50,50,55,55,55],"damage_taken":[{"damage":0.0,"enemies":"Small Slimes","floor":1.0,"turns":3.0},{"damage":0.0,"enemies":"2 Louse","floor":2.0,"turns":2.0},{"damage":0.0,"enemies":"Jaw Worm","floor":4.0,"turns":7.0},{"damage":32.0,"enemies":"Lagavulin","floor":7.0,"turns":11.0},{"damage":8.0,"enemies":"Gremlin Nob","floor":10.0,"turns":4.0},{"damage":8.0,"enemies":"Exordium Wildlife","floor":11.0,"turns":4.0},{"damage":0.0,"enemies":"Gremlin Gang","floor":14.0,"turns":4.0},{"damage":9.0,"enemies":"Hexaghost","floor":16.0,"turns":10.0},{"damage":0.0,"enemies":"3 Byrds","floor":18.0,"turns":9.0},{"damage":0.0,"enemies":"Chosen","floor":20.0,"turns":7.0},{"damage":7.0,"enemies":"Snecko","floor":21.0,"turns":9.0},{"damage":1,"enemies":"Gremlin Leader","floor":23,"turns":5},{"damage":0,"enemies":"Slavers","floor":27,"turns":8},{"damage":29,"enemies":"Gremlin Leader","floor":29,"turns":8},{"damage":0,"enemies":"Snake Plant","floor":30,"turns":5},{"damage":0,"enemies":"Shelled Parasite and Fungi","floor":31,"turns":5},{"damage":0,"enemies":"Automaton","floor":33,"turns":8},{"damage":7,"enemies":"Orb Walker","floor":35,"turns":5},{"damage":12,"enemies":"3 Darklings","floor":37,"turns":5},{"damage":11,"enemies":"2 Orb Walkers","floor":38,"turns":7},{"damage":0,"enemies":"Writhing Mass","floor":39,"turns":6},{"damage":0,"enemies":"Giant Head","floor":40,"turns":6},{"damage":14,"enemies":"Nemesis","floor":42,"turns":10},{"damage":0,"enemies":"Jaw Worm Horde","floor":44,"turns":5},{"damage":1,"enemies":"Sphere and 2 Shapes","floor":47,"turns":6},{"damage":3,"enemies":"Donu and Deca","floor":50,"turns":11},{"damage":0,"enemies":"Shield and Spear","floor":54,"turns":13},{"damage":111,"enemies":"The Heart","floor":55,"turns":14}],"seed_played":"-8627649197205378000","potions_obtained":[{"floor":1.0,"key":"Fruit Juice"},{"floor":7.0,"key":"GamblersBrew"},{"floor":10.0,"key":"Explosive Potion"},{"floor":16.0,"key":"StancePotion"},{"floor":23,"key":"DuplicationPotion"},{"floor":29,"key":"DistilledChaos"},{"floor":33,"key":"Explosive Potion"},{"floor":40,"key":"Strength Potion"},{"floor":42,"key":"BlessingOfTheForge"},{"floor":47,"key":"Weak Potion"},{"floor":54,"key":"BlessingOfTheForge"}],"is_trial":false,"path_per_floor":["M","M","$","M","?","R","E","R","T","E","M","?","?","M","R","B",null,"M","?","M","M","?","E","?","R","T","E","$","E","M","M","R","B",null,"M","?","M","?","M","E","R","E","T","M","?","R","M","$","R","B",null,"R","$","E","B",null],"character_chosen":"WATCHER","items_purchased":["Adaptation","HornCleat","Wallop","White Beast Statue","TalkToTheHand+1","SandsOfTime+1","FearPotion"],"campfire_rested":1,"item_purchase_floors":[3,3,3,28,28,48,53],"current_hp_per_floor":[65,65,65,65,65,65,43,43,43,35,27,9,27,27,27,23,72,72,72,72,65,65,64,64,64,64,64,64,35,35,35,35,35,73,66,66,54,43,43,43,43,29,29,29,29,29,28,28,53,50,77,77,77,77,11],"gold":46,"neow_bonus":"TWO_FIFTY_GOLD","is_daily":false,"chose_seed":false,"campfire_upgraded":7,"win_rate":0.0,"timestamp":1609436390,"path_taken":["M","M","$","M","?","R","E","R","T","E","M","?","?","?","R","BOSS","M","?","?","M","?","E","?","R","T","E","$","E","?","M","R","BOSS","M","?","M","?","M","E","R","E","T","M","?","R","M","$","R","BOSS","R","$","E","BOSS"],"items_purchased_type":["Card","Relic","Card","Relic","Card","Card","Potion"],"build_version":"2020-12-22","purchased_purges":0,"victory":true,"max_hp_per_floor":[65,65,65,65,65,65,75,75,75,75,75,75,75,75,75,80,86,86,86,86,86,86,86,86,86,86,86,86,86,86,86,86,86,86,86,86,86,86,86,86,86,86,86,86,86,86,86,86,86,86,86,86,86,86,86],"relic_stats":{"Darkstone Periapt":6,"Torii":43,"counters":[28,197],"Yang":[31],"Pen Nib":[31],"PreservedInsect":369,"CloakClasp":[763],"Question Card":18,"Lizard Tail":43,"Sundial":[12],"Snecko Eye":[131,155,145,158],"Art of War":[23],"obtain_stats":[{"Darkstone Periapt":9,"Pear":7,"Torii":12,"Oddly Smooth Stone":42,"Yang":54,"Pen Nib":10,"PreservedInsect":17,"CloakClasp":17,"Incense Burner":40,"Question Card":17,"White Beast Statue":28,"Calling Bell":17,"Lizard Tail":27,"HornCleat":3,"Sundial":29,"Snecko Eye":34,"Molten Egg 2":23,"Art of War":26,"Red Mask":36,"PureWater":0,"Unceasing Top":38},{"Darkstone Periapt":4,"Pear":4,"Torii":6,"Oddly Smooth Stone":23,"Yang":27,"Pen Nib":5,"PreservedInsect":8,"CloakClasp":8,"Incense Burner":22,"Question Card":8,"White Beast Statue":13,"Calling Bell":8,"Lizard Tail":13,"HornCleat":2,"Sundial":14,"Snecko Eye":17,"Molten Egg 2":12,"Art of War":12,"Red Mask":18,"PureWater":0,"Unceasing Top":20},{"Darkstone Periapt":23,"Pear":23,"Torii":31,"Oddly Smooth Stone":148,"Yang":183,"Pen Nib":27,"PreservedInsect":45,"CloakClasp":45,"Incense Burner":138,"Question Card":45,"White Beast Statue":83,"Calling Bell":45,"Lizard Tail":83,"HornCleat":5,"Sundial":91,"Snecko Eye":109,"Molten Egg 2":75,"Art of War":75,"Red Mask":114,"PureWater":0,"Unceasing Top":126}],"Unceasing Top":[0]},"card_choices":[{"not_picked":["Vengeance","Pray"],"picked":"Protect","floor":1.0},{"not_picked":["ThirdEye","Evaluate"],"picked":"EmptyBody","floor":2.0},{"not_picked":["LikeWater","ClearTheMind"],"picked":"Brilliance","floor":4.0},{"not_picked":["EmptyBody","Weave"],"picked":"FollowUp","floor":7.0},{"not_picked":["Evaluate","BowlingBash"],"picked":"WheelKick","floor":10.0},{"not_picked":["Swivel","CutThroughFate"],"picked":"ClearTheMind","floor":11.0},{"not_picked":["JustLucky","BattleHymn"],"picked":"Halt","floor":14.0},{"not_picked":["Scrawl","Blasphemy"],"picked":"Vault","floor":16.0},{"not_picked":["Prostrate+1","FollowUp","Swivel"],"picked":"Perseverance","floor":18.0},{"not_picked":["InnerPeace","CutThroughFate","Wireheading"],"picked":"FlurryOfBlows","floor":20.0},{"not_picked":["WindmillStrike","CutThroughFate","Crescendo"],"picked":"Protect+1","floor":21.0},{"not_picked":["Nirvana+1","SignatureMove+1","Protect"],"picked":"Scrawl","floor":23},{"not_picked":["EmptyBody+1","PathToVictory","Crescendo+1"],"picked":"Collect+1","floor":27},{"not_picked":["Crescendo","Collect+1","Protect+1"],"picked":"FollowUp+1","floor":29},{"not_picked":["Consecrate+1","ClearTheMind","Crescendo"],"picked":"Indignation","floor":30},{"not_picked":["Collect","CrushJoints+1","Protect"],"picked":"Sanctity","floor":31},{"not_picked":["EmptyBody+1","Prostrate","WreathOfFlame"],"picked":"EmptyFist+1","floor":35},{"not_picked":["Crescendo+1","Swivel+1","PathToVictory+1"],"picked":"Wallop+1","floor":37},{"not_picked":["EmptyMind+1","CarveReality+1","Crescendo+1"],"picked":"Adaptation+1","floor":38},{"not_picked":["BowlingBash+1","ClearTheMind+1","Crescendo"],"picked":"ThirdEye+1","floor":39},{"not_picked":["Weave+1","JustLucky+1","SandsOfTime+1"],"picked":"Establishment","floor":40},{"not_picked":["CrushJoints+1","FlurryOfBlows+1","DeusExMachina"],"picked":"Tantrum+1","floor":42},{"not_picked":["FlurryOfBlows+1","Prostrate","FlyingSleeves+1"],"picked":"Vault","floor":44},{"not_picked":["FlurryOfBlows+1","EmptyBody","Fasting2+1"],"picked":"LikeWater","floor":47},{"not_picked":["FollowUp+1","Blasphemy","Consecrate+1"],"picked":"Omniscience","floor":54}],"player_experience":250921,"relics_obtained":[{"floor":7.0,"key":"Pear"},{"floor":9.0,"key":"Darkstone Periapt"},{"floor":10.0,"key":"Pen Nib"},{"floor":17.0,"key":"PreservedInsect"},{"floor":17.0,"key":"Question Card"},{"floor":17.0,"key":"CloakClasp"},{"floor":23,"key":"Molten Egg 2"},{"floor":26,"key":"Art of War"},{"floor":27,"key":"Lizard Tail"},{"floor":29,"key":"Sundial"},{"floor":38,"key":"Unceasing Top"},{"floor":40,"key":"Incense Burner"},{"floor":42,"key":"Oddly Smooth Stone"},{"floor":54,"key":"Yang"}],"event_choices":[{"damage_healed":0.0,"max_hp_gain":0.0,"max_hp_loss":0.0,"gold_gain":0.0,"event_name":"Liars Game","player_choice":"Ignored","floor":5.0,"gold_loss":0.0,"damage_taken":0.0},{"damage_healed":0.0,"max_hp_gain":0.0,"max_hp_loss":0.0,"gold_gain":0.0,"event_name":"Scrap Ooze","player_choice":"Success","floor":12.0,"gold_loss":0.0,"damage_taken":18.0,"relics_obtained":["Torii"]},{"damage_healed":18.0,"max_hp_gain":0.0,"max_hp_loss":0.0,"gold_gain":0.0,"event_name":"The Cleric","player_choice":"Healed","floor":13.0,"gold_loss":35.0,"damage_taken":0.0},{"damage_healed":0.0,"max_hp_gain":0.0,"max_hp_loss":0.0,"gold_gain":0.0,"event_name":"FaceTrader","player_choice":"Leave","floor":19.0,"gold_loss":0.0,"damage_taken":0.0},{"damage_healed":0,"gold_gain":0,"cards_transformed":["Strike_P","Strike_P"],"player_choice":"Became Test Subject","damage_taken":0,"max_hp_gain":0,"max_hp_loss":0,"event_name":"Drug Dealer","floor":22,"gold_loss":0,"cards_obtained":["WindmillStrike","SandsOfTime"]},{"damage_healed":0,"gold_gain":0,"player_choice":"Ignored","damage_taken":0,"max_hp_gain":0,"max_hp_loss":0,"event_name":"Vampires","floor":24,"gold_loss":0},{"damage_healed":0,"gold_gain":0,"player_choice":"Paid","damage_taken":0,"relics_obtained":["Red Mask"],"max_hp_gain":0,"max_hp_loss":0,"event_name":"Tomb of Lord Red Mask","floor":36,"gold_loss":210},{"damage_healed":0,"gold_gain":0,"player_choice":"Fight","damage_taken":0,"max_hp_gain":0,"max_hp_loss":0,"event_name":"Mysterious Sphere","floor":38,"gold_loss":0},{"damage_healed":0,"gold_gain":0,"player_choice":"Bought 1 Potion","damage_taken":0,"max_hp_gain":0,"max_hp_loss":0,"event_name":"The Woman in Blue","floor":45,"gold_loss":0}],"is_beta":false,"boss_relics":[{"not_picked":["Black Star","Empty Cage"],"picked":"Calling Bell"},{"not_picked":["Tiny House","Sozu"],"picked":"Snecko Eye"}],"items_purged_floors":[],"is_endless":false,"potions_floor_spawned":[1,7,10,16,23,29,30,31,33,35,37,38,39,40,42,44,47,54],"ascension_level":6}}