{"host":"m77rrhbqzv44va4v","time":1609428455,"event":{"mods":["AchievementEnabler","BaseMod","Colored Map","DeckTracker","Keyboard Shortcuts","Minty Spire (QoL Compilation)","StSLib","SuperFastMode","everything is the same but u backflip on backflip"],"gold_per_floor":[14,25,25,38,50,79,92,92,142,67,102,102,114,129,129,227,227,241,258,19,34,34,34],"floor_reached":22,"playtime":1030,"items_purged":["Defend_G"],"score":200,"play_id":"0c3adc47-d6ca-460c-b29e-327bda0b761e","local_time":"20210101002735","is_ascension_mode":false,"campfire_choices":[{"data":"Noxious Fumes","floor":12.0,"key":"SMITH"},{"data":"Adrenaline","floor":15.0,"key":"SMITH"}],"circlet_count":0,"master_deck":["Strike_G","Strike_G","Strike_G","Strike_G","Defend_G","Defend_G","Defend_G","Defend_G","Survivor","Neutralize","After Image","Bouncing Flask","Escape Plan","Underhanded Strike","Noxious Fumes+1","Grand Finale","PiercingWail","Well Laid Plans","Adrenaline+1","Tools of the Trade","Prepared+1","Footwork+1","Purity","Outmaneuver"],"relics":["Ring of the Snake","Bag of Marbles","Snake Skull","Letter Opener","Snecko Eye","PreservedInsect"],"acts_visited":["Exordium","TheCity"],"potions_floor_usage":[21,22],"damage_taken":[{"damage":0.0,"enemies":"2 Louse","floor":1.0,"turns":4.0},{"damage":0.0,"enemies":"Cultist","floor":2.0,"turns":4.0},{"damage":0.0,"enemies":"Jaw Worm","floor":4.0,"turns":4.0},{"damage":0.0,"enemies":"Large Slime","floor":5.0,"turns":7.0},{"damage":15.0,"enemies":"3 Sentries","floor":6.0,"turns":8.0},{"damage":14.0,"enemies":"Exordium Thugs","floor":7.0,"turns":5.0},{"damage":20.0,"enemies":"Gremlin Nob","floor":11.0,"turns":4.0},{"damage":1.0,"enemies":"Lots of Slimes","floor":13.0,"turns":4.0},{"damage":2.0,"enemies":"Exordium Wildlife","floor":14.0,"turns":4.0},{"damage":38.0,"enemies":"Slime Boss","floor":16.0,"turns":10.0},{"damage":4.0,"enemies":"Shell Parasite","floor":18.0,"turns":6.0},{"damage":28,"enemies":"2 Thieves","floor":19,"turns":4},{"damage":22,"enemies":"Cultist and Chosen","floor":21,"turns":6},{"damage":0,"enemies":"Snake Plant","floor":22,"turns":1}],"seed_played":"-4174506551965859528","potions_obtained":[{"floor":2.0,"key":"Dexterity Potion"},{"floor":3.0,"key":"DistilledChaos"},{"floor":3.0,"key":"Regen Potion"},{"floor":6.0,"key":"Regen Potion"},{"floor":11.0,"key":"SteroidPotion"},{"floor":18.0,"key":"LiquidBronze"},{"floor":21,"key":"Fire Potion"}],"is_trial":false,"path_per_floor":["M","M","?","M","M","E","M","?","T","$","E","R","M","M","R","B",null,"M","M","$","M","M"],"character_chosen":"THE_SILENT","items_purchased":["PreservedInsect","Purity"],"campfire_rested":0,"item_purchase_floors":[20,20],"current_hp_per_floor":[70,70,70,70,70,70,70,63,63,63,43,43,42,40,40,2,70,66,38,38,16,16,16],"gold":34,"neow_bonus":"THREE_RARE_CARDS","is_daily":false,"chose_seed":false,"campfire_upgraded":2,"win_rate":0.0,"timestamp":1609428455,"path_taken":["M","M","?","M","M","E","?","?","T","$","E","R","M","M","R","BOSS","M","M","$","M","M"],"items_purchased_type":["Relic","Card"],"build_version":"2020-12-22","purchased_purges":1,"victory":false,"max_hp_per_floor":[70,70,70,70,70,70,70,70,70,70,70,70,70,70,70,70,70,70,70,70,70,70,70],"card_choices":[{"not_picked":["Doppelganger","Burst"],"picked":"After Image","floor":0.0},{"not_picked":["Outmaneuver","Concentrate"],"picked":"Bouncing Flask","floor":1.0},{"not_picked":["Underhanded Strike","Flying Knee"],"picked":"Escape Plan","floor":2.0},{"not_picked":["Prepared","Choke"],"picked":"Underhanded Strike","floor":4.0},{"not_picked":["Quick Slash","Underhanded Strike"],"picked":"Noxious Fumes","floor":5.0},{"not_picked":["Dodge and Roll","Setup"],"picked":"Grand Finale","floor":6.0},{"not_picked":["Quick Slash","Cloak And Dagger","Blade Dance"],"picked":"SKIP","floor":7.0},{"not_picked":["Finisher","Deflect"],"picked":"PiercingWail","floor":11.0},{"not_picked":["Quick Slash","Poisoned Stab"],"picked":"Well Laid Plans","floor":13.0},{"not_picked":["Deflect","Dash"],"picked":"Adrenaline","floor":14.0},{"not_picked":["Unload","Storm of Steel"],"picked":"Tools of the Trade","floor":16.0},{"not_picked":["Quick Slash","Acrobatics"],"picked":"Prepared+1","floor":18.0},{"not_picked":["Flying Knee+1","Tools of the Trade"],"picked":"Footwork+1","floor":19},{"not_picked":["Blur+1","Poisoned Stab"],"picked":"Outmaneuver","floor":21}],"player_experience":859374,"relics_obtained":[{"floor":6.0,"key":"Bag of Marbles"},{"floor":9.0,"key":"Snake Skull"},{"floor":11.0,"key":"Letter Opener"}],"event_choices":[{"damage_healed":0.0,"max_hp_gain":0.0,"max_hp_loss":0.0,"gold_gain":0.0,"event_name":"Lab","player_choice":"Got Potions","floor":3.0,"gold_loss":0.0,"damage_taken":0.0},{"cards_removed":["Strike_G"],"damage_healed":0.0,"max_hp_gain":0.0,"max_hp_loss":0.0,"gold_gain":0.0,"event_name":"Golden Wing","player_choice":"Card Removal","floor":8.0,"gold_loss":0.0,"damage_taken":7.0}],"is_beta":false,"boss_relics":[{"not_picked":["Astrolabe","Calling Bell"],"picked":"Snecko Eye"}],"items_purged_floors":[10],"is_endless":false,"potions_floor_spawned":[2,4,6,11,18,21],"killed_by":"Snake Plant","ascension_level":0}}