{"host":"dhyczjm99amxd3qx","time":1609458619,"event":{"mods":["BaseMod","Colored Map","Googly Eyes","Highlight Path","Minty Spire (QoL Compilation)","Quick Restart","StSLib"],"gold_per_floor":[111,130,55,55,55,55,88,88,115,138,170,184,203,203,203],"floor_reached":14,"playtime":900,"items_purged":["Strike_G"],"score":132,"play_id":"1fdda8b1-6976-4433-a405-f98383a7dc79","local_time":"20201231185019","is_ascension_mode":true,"campfire_choices":[{"data":"Neutralize","floor":6,"key":"SMITH"},{"data":"Noxious Fumes","floor":8,"key":"SMITH"}],"circlet_count":0,"master_deck":["Strike_G","Strike_G","Strike_G","Defend_G","Defend_G","Defend_G","Defend_G","Defend_G","Survivor+1","Neutralize+1","Noxious Fumes","Poisoned Stab","Noxious Fumes+1","Poisoned Stab","Escape Plan"],"relics":["Ring of the Snake","Omamori","MealTicket","Art of War","Nunchaku","Bronze Scales"],"acts_visited":["Exordium"],"potions_floor_usage":[11,14],"damage_taken":[{"damage":0,"enemies":"Cultist","floor":1,"turns":4},{"damage":1,"enemies":"2 Louse","floor":2,"turns":4},{"damage":39,"enemies":"Gremlin Nob","floor":7,"turns":5},{"damage":10,"enemies":"Lagavulin","floor":11,"turns":6},{"damage":0,"enemies":"Jaw Worm","floor":12,"turns":4},{"damage":0,"enemies":"3 Louse","floor":13,"turns":4},{"damage":17,"enemies":"Gremlin Nob","floor":14,"turns":3}],"seed_played":"2159363418330775209","potions_obtained":[{"floor":7,"key":"DistilledChaos"},{"floor":12,"key":"PowerPotion"},{"floor":13,"key":"LiquidBronze"}],"is_trial":false,"path_per_floor":["M","M","$","?","?","R","E","R","T","T","E","M","M","E"],"character_chosen":"THE_SILENT","items_purchased":[],"campfire_rested":0,"item_purchase_floors":[],"current_hp_per_floor":[63,62,62,55,52,52,13,13,13,13,3,3,3,0,0],"gold":203,"neow_bonus":"UPGRADE_CARD","is_daily":false,"chose_seed":false,"campfire_upgraded":2,"win_rate":0.0,"timestamp":1609458619,"path_taken":["M","?","$","?","?","R","E","R","T","?","E","M","M","E"],"items_purchased_type":[],"build_version":"2020-12-22","purchased_purges":1,"victory":false,"max_hp_per_floor":[70,70,70,70,70,70,70,70,70,70,70,70,70,70,70],"card_choices":[{"not_picked":["Outmaneuver","Backstab"],"picked":"Noxious Fumes","floor":1},{"not_picked":["Well Laid Plans","Backflip"],"picked":"Poisoned Stab","floor":2},{"not_picked":["PiercingWail","Eviscerate"],"picked":"Noxious Fumes","floor":7},{"not_picked":["Skewer","Slice"],"picked":"Poisoned Stab","floor":11},{"not_picked":["Deflect","Outmaneuver"],"picked":"Escape Plan","floor":12},{"not_picked":["Predator","PiercingWail","Expertise"],"picked":"SKIP","floor":13}],"player_experience":255873,"relics_obtained":[{"floor":7,"key":"MealTicket"},{"floor":9,"key":"Art of War"},{"floor":10,"key":"Nunchaku"},{"floor":11,"key":"Bronze Scales"}],"event_choices":[{"cards_removed":["Strike_G"],"damage_healed":0,"gold_gain":0,"player_choice":"Card Removal","damage_taken":7,"max_hp_gain":0,"max_hp_loss":0,"event_name":"Golden Wing","floor":4,"gold_loss":0},{"damage_healed":0,"gold_gain":0,"player_choice":"Success","damage_taken":3,"relics_obtained":["Omamori"],"max_hp_gain":0,"max_hp_loss":0,"event_name":"Scrap Ooze","floor":5,"gold_loss":0}],"is_beta":false,"boss_relics":[],"items_purged_floors":[3],"is_endless":false,"potions_floor_spawned":[7,12,13],"killed_by":"Gremlin Nob","ascension_level":7}}