{"host":"5gc11emcm5chfr5t","time":1609429520,"event":{"mods":["2.2 Compatiblity","AchievementEnabler","BaseMod","Bestiary","Better Note","Colored Map","Colored Powertips","Downfall","Googly Eyes","Minty Spire (QoL Compilation)","Rare Cards Sparkle","StSLib"],"gold_per_floor":[99,99,99,99,114,99,126,126,143,173,191,218,68,82,97,176,176,176,193,211,211,28,28,28,13,13,13],"floor_reached":26,"playtime":1284,"items_purged":[],"score":428,"play_id":"a45f2e1b-1fe8-4216-9932-041f40cd9f16","local_time":"20201231104520","is_ascension_mode":true,"campfire_choices":[{"floor":1,"key":"RECALL"},{"floor":13,"key":"REST"},{"data":"sneckomod:DiceBoulder","floor":18,"key":"SMITH"}],"circlet_count":0,"master_deck":["AscendersBane","sneckomod:TailWhip","sneckomod:SnekBite","sneckomod:Unknown","sneckomod:Unknown","sneckomod:UnknownUncommonSkill","sneckomod:QuickMove","sneckomod:UnknownVulnerable","sneckomod:Unknown2Cost","sneckomod:Nope+1","sneckomod:SoulExchange","sneckomod:UnknownUncommonPower","sneckomod:DiceBoulder+1","sneckomod:UnknownColorless","sneckomod:UnknownCommonSkill","sneckomod:IronFang","sneckomod:UnknownRareAttack","sneckomod:UnknownClassRED","sneckomod:Unknown1Cost","sneckomod:UnknownUncommonPower","sneckomod:SnakeSap","sneckomod:UnknownRareSkill","sneckomod:SoulRoll","sneckomod:DiceBlock","sneckomod:UnknownDexterity","sneckomod:ImprovisedAttack","sneckomod:ImprovisedGuard"],"relics":["sneckomod:SneckoSoul","downfall:HeartsMalice","Toy Ornithopter","Ancient Tea Set","Lizard Tail","downfall:HeartBlessingGreen","downfall:HeartBlessingRed","Pandora\u0027s Box","Meat on the Bone","Membership Card","Eternal Feather"],"acts_visited":["Exordium","TheCity"],"potions_floor_usage":[9,10,12,15,16,19,22],"damage_taken":[{"damage":0,"enemies":"Cultist","floor":2,"turns":1},{"damage":0,"enemies":"2 Louse","floor":3,"turns":1},{"damage":0,"enemies":"downfall:FleeingMerchant","floor":4,"turns":1},{"damage":7,"enemies":"Small Slimes","floor":5,"turns":3},{"damage":5,"enemies":"downfall:FleeingMerchant","floor":6,"turns":4},{"damage":2,"enemies":"Exordium Thugs","floor":9,"turns":6},{"damage":20,"enemies":"Lagavulin","floor":10,"turns":5},{"damage":1,"enemies":"Blue Slaver","floor":11,"turns":3},{"damage":18,"enemies":"3 Sentries","floor":12,"turns":5},{"damage":23,"enemies":"Red Slaver","floor":14,"turns":4},{"damage":14,"enemies":"Large Slime","floor":15,"turns":5},{"damage":73,"enemies":"downfall:Defect","floor":16,"turns":6},{"damage":20,"enemies":"Shell Parasite","floor":19,"turns":5},{"damage":20,"enemies":"3 Byrds","floor":20,"turns":4},{"damage":3,"enemies":"downfall:FleeingMerchant","floor":22,"turns":4},{"damage":12,"enemies":"downfall:FleeingMerchant","floor":25,"turns":4},{"damage":65,"enemies":"Gremlin Leader","floor":26,"turns":6}],"seed_played":"-1095296197938717696","potions_obtained":[{"floor":5,"key":"sneckomod:MuddlingPotion"},{"floor":8,"key":"BlessingOfTheForge"},{"floor":8,"key":"sneckomod:OffclassReductionPotion"},{"floor":10,"key":"DistilledChaos"},{"floor":11,"key":"EssenceOfSteel"},{"floor":12,"key":"BlessingOfTheForge"},{"floor":16,"key":"SteroidPotion"},{"floor":20,"key":"EssenceOfSteel"}],"is_trial":false,"path_per_floor":["R","M","M","$","M","$","T","?","M","E","M","E","R","M","M","B",null,"R","M","M","?","$","?","T","$","E"],"character_chosen":"THE_SNECKO","items_purchased":["Membership Card"],"campfire_rested":1,"item_purchase_floors":[22],"current_hp_per_floor":[75,76,76,77,71,66,66,66,69,55,54,42,68,46,37,20,77,77,62,43,43,64,52,52,58,0,0],"gold":13,"neow_bonus":"THREE_ENEMY_KILL","is_daily":false,"chose_seed":false,"campfire_upgraded":1,"win_rate":0.0,"timestamp":1609429520,"path_taken":["R","M","M","$","?","$","T","?","M","E","M","E","R","?","M","BOSS","R","M","M","?","?","?","T","$","E"],"items_purchased_type":["Relic"],"build_version":"2020-12-22","purchased_purges":0,"victory":false,"max_hp_per_floor":[83,84,84,85,86,86,86,86,86,87,87,88,88,89,89,90,94,94,94,95,95,95,95,95,95,95,95],"card_choices":[{"not_picked":["sneckomod:DiceBlock","sneckomod:SoulDraw"],"picked":"sneckomod:UnknownUncommonSkill","floor":2},{"not_picked":["sneckomod:UnknownCommonSkill","sneckomod:UnknownCommonAttack"],"picked":"sneckomod:QuickMove","floor":3},{"not_picked":["sneckomod:SoulDraw","sneckomod:QuickMove"],"picked":"sneckomod:UnknownVulnerable","floor":4},{"not_picked":["sneckomod:UnknownBlock","sneckomod:IronFang"],"picked":"sneckomod:Unknown2Cost","floor":5},{"not_picked":["sneckomod:UnknownX","sneckomod:SoulDraw"],"picked":"sneckomod:Nope","floor":6},{"not_picked":["sneckomod:CheapStock","sneckomod:UnknownVulnerable"],"picked":"sneckomod:SoulExchange","floor":9},{"not_picked":["sneckomod:UnknownClassGREEN","sneckomod:Unknown0Cost"],"picked":"sneckomod:UnknownUncommonPower","floor":10},{"not_picked":["sneckomod:UnknownVulnerable","sneckomod:UnknownWeak"],"picked":"sneckomod:DiceBoulder","floor":11},{"not_picked":["sneckomod:UnknownVulnerable","sneckomod:WideSting"],"picked":"sneckomod:UnknownColorless","floor":12},{"not_picked":["sneckomod:UnknownBlock","sneckomod:UnknownCommonAttack"],"picked":"sneckomod:UnknownCommonSkill","floor":14},{"not_picked":["sneckomod:UnknownBlock","sneckomod:SoulRoll"],"picked":"sneckomod:IronFang","floor":15},{"not_picked":["sneckomod:UnlimitedRolls","sneckomod:GlitteringGambit"],"picked":"sneckomod:UnknownRareAttack","floor":16},{"not_picked":["sneckomod:Nope","sneckomod:UnknownStrike"],"picked":"sneckomod:DiceBlock","floor":19},{"not_picked":["sneckomod:Nope","sneckomod:UnknownWeak"],"picked":"sneckomod:UnknownDexterity","floor":20},{"not_picked":["sneckomod:UnknownVulnerable","sneckomod:SoulDraw"],"picked":"sneckomod:ImprovisedAttack","floor":22},{"not_picked":["sneckomod:QuickMove","sneckomod:Nope"],"picked":"sneckomod:ImprovisedGuard","floor":25}],"player_experience":515142,"relics_obtained":[{"floor":7,"key":"Toy Ornithopter"},{"floor":10,"key":"Ancient Tea Set"},{"floor":12,"key":"Lizard Tail"},{"floor":24,"key":"Eternal Feather"}],"event_choices":[{"damage_healed":0,"gold_gain":0,"player_choice":"Got Potions","damage_taken":0,"max_hp_gain":0,"max_hp_loss":0,"event_name":"Lab","floor":8,"gold_loss":0}],"is_beta":false,"boss_relics":[{"not_picked":["SlaversCollar","Astrolabe"],"picked":"Pandora\u0027s Box"}],"items_purged_floors":[],"is_endless":false,"potions_floor_spawned":[5,10,11,12,16,20],"killed_by":"Gremlin Leader","ascension_level":20}}