{"host":"i19jjmeqmvseha12","time":1609394281,"event":{"mods":["BaseMod","Colored Powertips","Dota2Spire","Minty Spire (QoL Compilation)","Replay The Spire","StSLib","The Cursed"],"gold_per_floor":[113,132,180,180,180,180,194,227,227,227,147,147,165,182,182,277,277,295,295,1,18,28,28,43,43,43],"floor_reached":25,"playtime":942,"items_purged":[],"score":203,"play_id":"5b4b1ff7-f98d-4f43-8785-53280d27775d","local_time":"20201230215801","is_ascension_mode":false,"campfire_choices":[{"data":"TheCursedMod:CursedWand","floor":6,"key":"SMITH"},{"floor":12,"key":"REST"},{"floor":15,"key":"REST"},{"floor":23,"key":"REST"}],"circlet_count":0,"master_deck":["TheCursedMod:Strike_TheCursed","TheCursedMod:Strike_TheCursed+1","TheCursedMod:Strike_TheCursed","TheCursedMod:Strike_TheCursed","TheCursedMod:Defend_TheCursed+1","TheCursedMod:Defend_TheCursed","TheCursedMod:Defend_TheCursed","TheCursedMod:Defend_TheCursed","TheCursedMod:CursedWand+1","TheCursedMod:CleanUpWorkshop","TheCursedMod:CircleOfBlood","TheCursedMod:CircleOfCorruption","TheCursedMod:WearCloak+1","TheCursedMod:CircleOfCorruption","TheCursedMod:SpitefulStrike","TheCursedMod:Hemoplague","TheCursedMod:Mangle","TheCursedMod:CursedBlade","TheCursedMod:VoidForm","TheCursedMod:Torture+1","TheCursedMod:HellfireBreathing","TheCursedMod:Obscuration+1"],"relics":["TheCursedMod:BlackMagic101","Replay:Accelerometer","Letter Opener","Philosopher\u0027s Stone","Frozen Egg 2"],"acts_visited":["Exordium","TheCity"],"potions_floor_usage":[8,22],"damage_taken":[{"damage":6,"enemies":"Jaw Worm","floor":1,"turns":3},{"damage":0,"enemies":"Small Slimes","floor":2,"turns":3},{"damage":0,"enemies":"Cultist","floor":7,"turns":3},{"damage":26,"enemies":"3 Sentries","floor":8,"turns":9},{"damage":1,"enemies":"Blue Slaver","floor":13,"turns":3},{"damage":10,"enemies":"Looter","floor":14,"turns":4},{"damage":41,"enemies":"The Guardian","floor":16,"turns":10},{"damage":6,"enemies":"Spheric Guardian","floor":18,"turns":4},{"damage":38,"enemies":"Shell Parasite","floor":21,"turns":5},{"damage":17,"enemies":"Sentry and Sphere","floor":22,"turns":5},{"damage":23,"enemies":"3 Cultists","floor":24,"turns":5},{"damage":33,"enemies":"Gremlin Leader","floor":25,"turns":2}],"seed_played":"-2841528248301316821","potions_obtained":[{"floor":2,"key":"BlessingOfTheForge"},{"floor":3,"key":"CultistPotion"},{"floor":3,"key":"Explosive Potion"},{"floor":14,"key":"LifebloodPotion"}],"is_trial":false,"path_per_floor":["M","M","?","$","?","R","M","E","T","?","$","R","M","M","R","B",null,"M","?","$","M","M","R","M","E"],"character_chosen":"THE_CURSED","items_purchased":["TheCursedMod:Hemoplague","TheCursedMod:HellfireBreathing","Frozen Egg 2"],"campfire_rested":3,"item_purchase_floors":[11,20,20],"current_hp_per_floor":[76,80,60,60,60,60,64,42,42,26,26,50,53,47,71,32,82,76,76,76,40,25,49,26,0,0],"gold":43,"neow_bonus":"TEN_PERCENT_HP_BONUS","is_daily":false,"chose_seed":false,"campfire_upgraded":1,"win_rate":0.0,"timestamp":1609394281,"path_taken":["M","M","?","$","?","R","M","E","T","?","$","R","M","M","R","BOSS","M","?","$","M","M","R","M","E"],"items_purchased_type":["Card","Card","Relic"],"build_version":"2020-12-22","purchased_purges":0,"victory":false,"max_hp_per_floor":[82,82,82,82,82,82,82,82,82,82,82,82,82,82,82,82,82,82,82,82,82,82,82,82,82,82],"card_choices":[{"not_picked":["TheCursedMod:CursedAmulet","TheCursedMod:TroublousMinions"],"picked":"TheCursedMod:CircleOfBlood","floor":1},{"not_picked":["TheCursedMod:FleshFromBone","TheCursedMod:RapidMovement"],"picked":"TheCursedMod:CircleOfCorruption","floor":2},{"not_picked":["TheCursedMod:CursedMace","TheCursedMod:CircleOfWindfury"],"picked":"TheCursedMod:WearCloak","floor":3},{"not_picked":["TheCursedMod:CircleOfBlood","TheCursedMod:CursedBlade"],"picked":"TheCursedMod:CircleOfCorruption","floor":7},{"not_picked":["TheCursedMod:ShockAndAwe","TheCursedMod:Grudge"],"picked":"TheCursedMod:SpitefulStrike","floor":8},{"not_picked":["TheCursedMod:CursedSpellbook","TheCursedMod:SoulReap"],"picked":"TheCursedMod:Mangle","floor":13},{"not_picked":["TheCursedMod:Obscuration","TheCursedMod:Stretching"],"picked":"TheCursedMod:CursedBlade","floor":14},{"not_picked":["TheCursedMod:OutForBlood","TheCursedMod:ShockAndAwe"],"picked":"TheCursedMod:VoidForm","floor":16},{"not_picked":["TheCursedMod:SpitefulPlan","TheCursedMod:SaltUponWound"],"picked":"TheCursedMod:Torture+1","floor":18},{"not_picked":["TheCursedMod:CursedBlade","TheCursedMod:AshesToAshes+1"],"picked":"TheCursedMod:Obscuration+1","floor":21},{"not_picked":["TheCursedMod:SmokeScreen","TheCursedMod:FleshFromBone","TheCursedMod:Wield"],"picked":"SKIP","floor":22},{"not_picked":["TheCursedMod:FleshFromBone","TheCursedMod:SmokeScreen","TheCursedMod:CursedShiv"],"picked":"SKIP","floor":24}],"player_experience":119082,"relics_obtained":[{"floor":8,"key":"Replay:Accelerometer"},{"floor":9,"key":"Letter Opener"}],"event_choices":[{"damage_healed":0,"gold_gain":0,"player_choice":"Entered Light","damage_taken":16,"max_hp_gain":0,"max_hp_loss":0,"event_name":"Shining Light","floor":10,"gold_loss":0,"cards_upgraded":["TheCursedMod:WearCloak","TheCursedMod:Defend_TheCursed"]},{"cards_removed":["TheCursedMod:Dregs"],"damage_healed":0,"gold_gain":0,"player_choice":"Removed Curses","damage_taken":0,"max_hp_gain":0,"max_hp_loss":0,"event_name":"Fountain of Cleansing","floor":19,"gold_loss":0}],"is_beta":false,"boss_relics":[{"not_picked":["Replay:Wanted Poster","Honey Jar"],"picked":"Philosopher\u0027s Stone"}],"items_purged_floors":[],"is_endless":false,"potions_floor_spawned":[2,14,18],"killed_by":"Gremlin Leader","ascension_level":0}}