{"host":"78zdngn0u28jm0pp","time":1609383053,"event":{"mods":["BaseMod","Jorbs\u0027s Wanderer Trilogy","Minty Spire (QoL Compilation)","Permanent Neow","Quick Restart","Relic Stats","StSLib","Unceasing Turn Reminder"],"gold_per_floor":[115,215,229,229,246,246,271,288,288,288,314,46,46,46,46,123,123,136,150,150,161,161,161],"floor_reached":22,"playtime":917,"items_purged":["Strike_G"],"score":413,"play_id":"1f7318e7-2500-4320-8343-11ec993e9bbf","local_time":"20201230195053","is_ascension_mode":true,"campfire_choices":[{"data":"Choke","floor":6.0,"key":"SMITH"},{"floor":10.0,"key":"REST"},{"floor":13.0,"key":"REST"},{"data":"Neutralize","floor":15.0,"key":"SMITH"}],"circlet_count":0,"master_deck":["AscendersBane","Defend_G","Defend_G","Defend_G","Defend_G","Survivor","Neutralize+1","Slice","Choke+1","Backflip","Terror","Endless Agony","PiercingWail","Dash","Footwork","Dagger Spray","Leg Sweep","After Image","Cloak And Dagger","Noxious Fumes","Bite","Bite","Bite","Bite","Bite"],"relics":["Empty Cage","Dream Catcher","StoneCalendar","Ornamental Fan","Coffee Dripper"],"acts_visited":["Exordium","TheCity"],"potions_floor_usage":[],"damage_taken":[{"damage":1.0,"enemies":"Jaw Worm","floor":1.0,"turns":6.0},{"damage":6.0,"enemies":"Cultist","floor":3.0,"turns":5.0},{"damage":0.0,"enemies":"Small Slimes","floor":5.0,"turns":2.0},{"damage":54.0,"enemies":"Lagavulin","floor":7.0,"turns":9.0},{"damage":0.0,"enemies":"3 Louse","floor":8.0,"turns":3.0},{"damage":14.0,"enemies":"3 Sentries","floor":11.0,"turns":9.0},{"damage":5,"enemies":"The Guardian","floor":16,"turns":13},{"damage":9,"enemies":"Chosen","floor":18,"turns":6},{"damage":2,"enemies":"Shell Parasite","floor":19,"turns":6},{"damage":36,"enemies":"3 Cultists","floor":21,"turns":7},{"damage":22,"enemies":"Shelled Parasite and Fungi","floor":22,"turns":1}],"seed_played":"3071173902345305048","potions_obtained":[{"floor":3.0,"key":"BlessingOfTheForge"},{"floor":5.0,"key":"GhostInAJar"},{"floor":7.0,"key":"Regen Potion"},{"floor":8.0,"key":"ColorlessPotion"}],"is_trial":false,"path_per_floor":["M","?","M","?","M","R","E","M","T","R","E","$","R","?","R","B",null,"M","M","?","M","M"],"character_chosen":"THE_SILENT","items_purchased":["Dash","Footwork","Dagger Spray"],"campfire_rested":2,"item_purchase_floors":[12,12,12],"current_hp_per_floor":[58,58,52,57,57,57,3,12,12,33,19,19,40,29,29,24,59,50,48,48,19,0,0],"gold":161,"neow_bonus":"BOSS_RELIC","is_daily":false,"chose_seed":false,"campfire_upgraded":2,"win_rate":0.0,"timestamp":1609383053,"path_taken":["M","?","?","?","M","R","E","M","T","R","E","$","R","?","R","BOSS","M","M","?","M","M"],"items_purchased_type":["Card","Card","Card"],"build_version":"2020-12-22","purchased_purges":1,"victory":false,"max_hp_per_floor":[66,66,66,71,71,71,71,71,71,71,71,71,71,71,71,71,71,71,71,49,49,49,49],"relic_stats":{"Dream Catcher":2,"counters":[11,67],"Ornamental Fan":[44],"StoneCalendar":[47],"obtain_stats":[{"Dream Catcher":7,"Ornamental Fan":14,"StoneCalendar":11,"Coffee Dripper":17,"Empty Cage":0,"Ring of the Snake":0},{"Dream Catcher":4,"Ornamental Fan":6,"StoneCalendar":6,"Coffee Dripper":7,"Empty Cage":0,"Ring of the Snake":0},{"Dream Catcher":22,"Ornamental Fan":34,"StoneCalendar":34,"Coffee Dripper":47,"Empty Cage":0,"Ring of the Snake":0}]},"card_choices":[{"not_picked":["Calculated Gamble","Underhanded Strike"],"picked":"Slice","floor":1.0},{"not_picked":["Reflex","Outmaneuver"],"picked":"Choke","floor":3.0},{"not_picked":["Blur","Deflect"],"picked":"Backflip","floor":5.0},{"not_picked":["Caltrops","Dodge and Roll","Prepared"],"picked":"SKIP","floor":7.0},{"not_picked":["Crippling Poison","Sucker Punch"],"picked":"Terror","floor":8.0},{"not_picked":["Blur","Doppelganger"],"picked":"Endless Agony","floor":10.0},{"not_picked":["Skewer","Underhanded Strike"],"picked":"PiercingWail","floor":11.0},{"not_picked":["Flechettes","Concentrate"],"picked":"Leg Sweep","floor":13.0},{"not_picked":["Envenom","Bullet Time"],"picked":"After Image","floor":16},{"not_picked":["Dagger Spray","Concentrate"],"picked":"Cloak And Dagger","floor":18},{"not_picked":["Poisoned Stab","Choke"],"picked":"Noxious Fumes","floor":19},{"not_picked":["Caltrops","Riddle With Holes","Bane"],"picked":"SKIP","floor":21}],"player_experience":744316,"relics_obtained":[{"floor":7.0,"key":"Dream Catcher"},{"floor":11.0,"key":"StoneCalendar"}],"event_choices":[{"damage_healed":0.0,"max_hp_gain":0.0,"max_hp_loss":0.0,"gold_gain":100.0,"event_name":"Wheel of Change","player_choice":"Gold","floor":2.0,"gold_loss":0.0,"damage_taken":0.0},{"damage_healed":0.0,"max_hp_gain":5.0,"max_hp_loss":0.0,"gold_gain":0.0,"event_name":"Big Fish","player_choice":"Donut","floor":4.0,"gold_loss":0.0,"damage_taken":0.0},{"damage_healed":0.0,"max_hp_gain":0.0,"max_hp_loss":0.0,"gold_gain":0.0,"event_name":"Scrap Ooze","player_choice":"Success","floor":14.0,"gold_loss":0.0,"damage_taken":11.0,"relics_obtained":["Ornamental Fan"]},{"damage_healed":0,"gold_gain":0,"player_choice":"Became a vampire","damage_taken":0,"max_hp_gain":0,"max_hp_loss":22,"event_name":"Vampires","floor":20,"gold_loss":0,"cards_obtained":["Bite","Bite","Bite","Bite","Bite"]}],"is_beta":false,"boss_relics":[{"not_picked":["Black Star","SlaversCollar"],"picked":"Coffee Dripper"}],"items_purged_floors":[12],"is_endless":false,"potions_floor_spawned":[3,5,7,8],"killed_by":"Shelled Parasite and Fungi","ascension_level":20}}