{"host":"0dvp4uxbao5ucv2j","time":1609421375,"event":{"mods":["AchievementEnabler","Act Like it!","Aspiration","BaseMod","Beaked The Cultist","BetterRewards","DNKmod","DNKmod Update","Downfall","Friendly Minions","GifTheSpireLib","Hallownest","Hubris","Infinite Spire","Minty Spire (QoL Compilation)","Replay The Spire","StSLib","???Mod??????Boss"],"gold_per_floor":[10013,10024,9203,9203,9218,9248,9248,8731,8785,8816,8816,8851,8851,8865,8865,8966,8966,8984,8984,7540,7555,6426,6426,6472,6472,6524,6555,6580,6646,6676,6724,6724,6852,6852,6877,6877,6909,6036,6036,6036,6081,6142,6142,6184,6208,6229,6269,6304,6304,6439,10000,10000],"floor_reached":51,"playtime":4310,"items_purged":["Regret","Strike_R","Strike_R"],"score":1402,"play_id":"d33ee660-be89-4007-bc70-a8e0b84fc3ed","local_time":"20201231142935","is_ascension_mode":true,"campfire_choices":[{"data":"Armaments","floor":7.0,"key":"SMITH"},{"floor":11.0,"key":"RECALL"},{"floor":15.0,"key":"REST"},{"data":"Demon Form","floor":23,"key":"SMITH"},{"data":"Shockwave","floor":25,"key":"SMITH"},{"floor":32,"key":"DIG"},{"data":"Immolate","floor":40,"key":"SMITH"}],"circlet_count":0,"master_deck":["Defend_R","Defend_R","Defend_R","Bash","Armaments+1","Wild Strike","Evolve","Reckless Charge+1","Secret Technique","Pot Of Greed","Pot Of Greed","Wild Strike","Armaments+1","infinitespire:NeuralNetwork","Demon Form+1","Immolate+1","Clothesline","Barricade+1","Sever Soul","Pot Of Greed","expansioncontent:SuperHexaguard","Panache+1","Combust+1","Spot Weakness","Shockwave+1","hubris:CleavingFinish+1","Run Through","Body Slam","Dark Embrace+1","Pummel","Carnage","expansioncontent:Corrupt","Pot Of Greed","Sever Soul+1","Hemokinesis","Perfected Strike","Combust+1","ReplayTheSpireMod:Corrosion Curse+1","Dark Embrace+1","Demon Form+1","ReplayTheSpireMod:LeadingStrike+1","Fiend Fire+1","Spot Weakness+1","Shrug It Off+1","ReplayReversal+1","Pot Of Greed","Feel No Pain+1","Shrug It Off","Blood for Blood","Replay:SS_hec_1+1","Sadistic Nature+1","Bludgeon","Fire Breathing+1","Dark Embrace+1","Rampage+1","Perfected Strike+1","ReplayTheSpireMod:Corrosion Curse+1","Fire Breathing+1","Pot Of Greed","Defy Death","Demon Form+1","Hallownest:curseDreamersLament","Injury","Overencumbered"],"relics":["Burning Blood","NeowsBlessing","aspiration:TomeofQuesting","ReplayTheSpireMod:Lightbulb","aspiration:Nostalgia","Slimebound:AbsorbEndCombat","Grinning Jar","Potion Belt","Bottled Tornado","Frozen Egg 2","hubris:BlackHole","OrangePellets","Durian","Ice Cream","Toolbox","Gambling Chip","Replay:Bandana","Blood Vial","Bag of Marbles","beaked:ShinyBauble","Snack Pack","King of Hearts","Astrolabe","Lee\u0027s Waffle","Bronze Scales","Gremlin Horn","Iron Hammer","Smiling Mask","hubris:Reverence","Replay:Ancient Bell","Vajra","aspiration:SeaSaltIceCream","Molten Egg 2","aspiration:AnachronicSnailShell"],"acts_visited":["Exordium","TheCity","TheBeyond","Exordium"],"potions_floor_usage":[18,21,21,21,24,42],"damage_taken":[{"damage":0.0,"enemies":"Jaw Worm","floor":1.0,"turns":1.0},{"damage":0.0,"enemies":"2 Louse","floor":2.0,"turns":1.0},{"damage":0.0,"enemies":"Cultist","floor":5.0,"turns":1.0},{"damage":39.0,"enemies":"Gremlin Nob","floor":6.0,"turns":4.0},{"damage":32.0,"enemies":"3 Sentries","floor":10.0,"turns":6.0},{"damage":30.0,"enemies":"Gremlin Nob","floor":12.0,"turns":4.0},{"damage":2.0,"enemies":"2 Fungi Beasts","floor":14.0,"turns":3.0},{"damage":7.0,"enemies":"Slime Boss","floor":16.0,"turns":6.0},{"damage":100,"enemies":"3 Byrds","floor":18,"turns":15},{"damage":0,"enemies":"2 Thieves","floor":21,"turns":2},{"damage":0,"enemies":"Book of Stabbing","floor":24,"turns":3},{"damage":0,"enemies":"Snecko","floor":27,"turns":2},{"damage":18,"enemies":"Snake Plant","floor":28,"turns":2},{"damage":0,"enemies":"Gremlin Leader","floor":29,"turns":3},{"damage":0,"enemies":"Centurion and Healer","floor":30,"turns":2},{"damage":0,"enemies":"Book of Stabbing","floor":31,"turns":1},{"damage":2,"enemies":"Collector","floor":33,"turns":1},{"damage":0,"enemies":"3 Darklings","floor":35,"turns":1},{"damage":8,"enemies":"3 Shapes","floor":37,"turns":3},{"damage":17,"enemies":"beaked:SuperParasite","floor":41,"turns":3},{"damage":0,"enemies":"Transient","floor":42,"turns":5},{"damage":0,"enemies":"Reptomancer","floor":44,"turns":1},{"damage":0,"enemies":"Sphere and 2 Shapes","floor":45,"turns":2},{"damage":9,"enemies":"Jaw Worm Horde","floor":46,"turns":2},{"damage":3,"enemies":"Nightmare","floor":47,"turns":4},{"damage":0,"enemies":"3 Darklings","floor":48,"turns":1},{"damage":17,"enemies":"Replay:Hell Engine","floor":50,"turns":2}],"seed_played":"7571665615846163237","potions_obtained":[{"floor":1.0,"key":"LiquidBronze"},{"floor":2.0,"key":"Swift Potion"},{"floor":6.0,"key":"Guardian:BlockOnCardUsePotion"},{"floor":16.0,"key":"Doom Potion"},{"floor":18,"key":"SkillPotion"},{"floor":27,"key":"FearPotion"},{"floor":29,"key":"SkillPotion"},{"floor":31,"key":"Death Potion"},{"floor":35,"key":"Venom Potion"},{"floor":41,"key":"Doom Potion"},{"floor":46,"key":"GamblersBrew"},{"floor":50,"key":"BlessingOfTheForge"}],"is_trial":false,"path_per_floor":["M","M","$","?","M","E","R","?","T","E","R","E","?","M","R","B",null,"M","?","$","M","$","R","E","R","T","M","M","E","M","E","R","B",null,"M","?","M","$","?","R","E","M","T","E","M","M","NM","M","R","B",null],"character_chosen":"IRONCLAD","items_purchased":["Evolve","Reckless Charge+1","aspiration:TomeofQuesting","ReplayTheSpireMod:Lightbulb","aspiration:Nostalgia","Secret Technique","OrangePellets","Durian","Ice Cream","Panache+1","Combust+1","Spot Weakness","Shockwave","hubris:CleavingFinish+1","Run Through","Explosive Potion","Explosive Potion","Toolbox","Gambling Chip","Replay:Bandana","Dark Embrace+1","Pummel","Carnage","expansioncontent:Corrupt","Lee\u0027s Waffle","Bronze Scales","Feel No Pain+1","Shrug It Off","Blood for Blood","Replay:SS_hec_1+1","Sadistic Nature+1"],"campfire_rested":1,"item_purchase_floors":[3,3,3,3,3,3,20,20,20,20,20,20,20,20,20,20,20,22,22,22,22,22,22,22,38,38,38,38,38,38,38],"current_hp_per_floor":[120,120,120,120,120,87,87,87,87,61,61,37,37,41,77,76,109,15,3,8,14,14,14,20,20,20,42,32,40,48,56,56,70,111,121,121,123,132,132,132,125,132,132,132,132,129,132,132,132,129,120,120],"gold":10000,"neow_bonus":"THREE_ENEMY_KILL","is_daily":false,"chose_seed":false,"campfire_upgraded":4,"win_rate":0.0,"timestamp":1609421375,"path_taken":["M","M","$","?","M","E","R","?","T","E","R","E","?","?","R","BOSS","M","?","$","M","?","R","E","R","T","M","M","E","M","E","R","BOSS","M","?","M","$","?","R","E","M","T","E","M","?","NM","M","R","BOSS"],"items_purchased_type":["Card","Card","Relic","Relic","Relic","Card","Relic","Relic","Relic","Card","Card","Card","Card","Card","Card","Potion","Potion","Relic","Relic","Relic","Card","Card","Card","Card","Relic","Relic","Card","Card","Card","Card","Card"],"build_version":"2020-12-22","purchased_purges":3,"victory":false,"max_hp_per_floor":[120,120,120,120,120,120,120,120,120,120,120,120,120,120,120,120,120,120,120,125,125,125,125,125,125,125,125,125,125,125,125,125,125,125,125,125,125,132,132,132,132,132,132,132,132,132,132,132,132,132,120,120],"card_choices":[{"not_picked":["Clothesline","Infernal Blade"],"picked":"Armaments","floor":1.0},{"not_picked":["Massacre","Thunderclap"],"picked":"Wild Strike","floor":2.0},{"not_picked":["Sword Boomerang","Havoc"],"picked":"Wild Strike","floor":5.0},{"not_picked":["Cleave","Sword Boomerang"],"picked":"Armaments","floor":6.0},{"not_picked":["hubris:Rewind","infinitespire:Fortify"],"picked":"infinitespire:NeuralNetwork","floor":8.0},{"not_picked":["Anger","Clothesline"],"picked":"Demon Form","floor":10.0},{"not_picked":["Shockwave","Shrug It Off"],"picked":"Immolate","floor":12.0},{"not_picked":["Havoc","ReplayReversal"],"picked":"Clothesline","floor":14.0},{"not_picked":["hubris:StunningStrike","Limit Break"],"picked":"Barricade+1","floor":16.0},{"not_picked":["Armaments","Flex"],"picked":"Sever Soul","floor":18},{"not_picked":["Sentinel","Shockwave"],"picked":"Body Slam","floor":21},{"not_picked":["Flex+1","Bloodletting+1"],"picked":"Sever Soul+1","floor":24},{"not_picked":["Reckless Charge","Disarm"],"picked":"Hemokinesis","floor":27},{"not_picked":["Rage","Hemokinesis"],"picked":"Perfected Strike","floor":28},{"not_picked":["True Grit","Barricade+1"],"picked":"Combust+1","floor":29},{"not_picked":["Sword Boomerang","Defy Death+1"],"picked":"ReplayTheSpireMod:Corrosion Curse","floor":30},{"not_picked":["hubris:CleavingFinish","Havoc+1"],"picked":"Dark Embrace+1","floor":31},{"not_picked":["Berserk+1","Reaper"],"picked":"Demon Form+1","floor":33},{"not_picked":["Iron Wave","Cleave"],"picked":"Shrug It Off+1","floor":35},{"not_picked":["Run Through+1","Cleave"],"picked":"ReplayReversal+1","floor":37},{"not_picked":["Iron Wave+1","Feel No Pain+1"],"picked":"Bludgeon","floor":41},{"not_picked":["ReplayTheSpireMod:Corrosion Curse+1","Warcry"],"picked":"Fire Breathing+1","floor":42},{"not_picked":["Perfected Strike","Eclipse"],"picked":"Dark Embrace+1","floor":44},{"not_picked":["Havoc","Seeing Red"],"picked":"Rampage+1","floor":45},{"not_picked":["Iron Wave","Thunderclap"],"picked":"Perfected Strike+1","floor":46},{"not_picked":["Reaper","hubris:SharpeningStone"],"picked":"ReplayTheSpireMod:Corrosion Curse+1","floor":47},{"not_picked":["Second Wind","Havoc+1"],"picked":"Fire Breathing+1","floor":48},{"not_picked":["Demonic Infusion","Replay:Many Hands"],"picked":"Demon Form+1","floor":50},{"not_picked":["CurseOfTheBell","Guardian:Aged"],"picked":"Hallownest:curseDreamersLament","floor":51},{"not_picked":["Pain","Doubt"],"picked":"Injury","floor":51},{"not_picked":["Decay","hubris:Lust"],"picked":"Overencumbered","floor":51}],"player_experience":117271,"relics_obtained":[{"floor":6.0,"key":"Potion Belt"},{"floor":10.0,"key":"Bottled Tornado"},{"floor":12.0,"key":"Frozen Egg 2"},{"floor":24,"key":"Blood Vial"},{"floor":26,"key":"Bag of Marbles"},{"floor":29,"key":"beaked:ShinyBauble"},{"floor":31,"key":"Snack Pack"},{"floor":32,"key":"King of Hearts"},{"floor":41,"key":"Gremlin Horn"},{"floor":43,"key":"Iron Hammer"},{"floor":44,"key":"Smiling Mask"},{"floor":47,"key":"hubris:Reverence"}],"event_choices":[{"damage_healed":0.0,"max_hp_gain":0.0,"max_hp_loss":0.0,"gold_gain":0.0,"event_name":"Big Fish","player_choice":"Box","floor":4.0,"gold_loss":0.0,"damage_taken":0.0,"relics_obtained":["Grinning Jar"],"cards_obtained":["Regret"]},{"damage_healed":0.0,"max_hp_gain":0.0,"max_hp_loss":0.0,"gold_gain":0.0,"event_name":"Living Wall","player_choice":"Grow","floor":13.0,"gold_loss":0.0,"damage_taken":0.0,"cards_upgraded":["Armaments"]},{"damage_healed":0,"gold_gain":0,"player_choice":"CARD ","damage_taken":12,"max_hp_gain":0,"max_hp_loss":0,"event_name":"Knowing Skull","floor":19,"potions_obtained":[],"gold_loss":0,"cards_obtained":["expansioncontent:SuperHexaguard"]},{"damage_healed":0,"gold_gain":0,"player_choice":"Ignored","damage_taken":0,"max_hp_gain":0,"max_hp_loss":0,"event_name":"Tomb of Lord Red Mask","floor":36,"gold_loss":0},{"damage_healed":0,"gold_gain":0,"player_choice":"Upgraded","damage_taken":0,"max_hp_gain":0,"max_hp_loss":0,"event_name":"Upgrade Shrine","floor":39,"gold_loss":0,"cards_upgraded":["ReplayTheSpireMod:Corrosion Curse"]}],"is_beta":false,"boss_relics":[{"not_picked":["Replay:Drink Me","Sozu"],"picked":"hubris:BlackHole"},{"not_picked":["Painkiller Herb","Philosopher\u0027s Stone"],"picked":"Astrolabe"},{"not_picked":["ReplayTheSpireMod:DimensionalGlitch","SlaversCollar"],"picked":"Replay:Ancient Bell"},{"not_picked":["Strawberry","Gremlin Food"],"picked":"Vajra"},{"not_picked":["ReplayTheSpireMod:Shallot","Onion Ring"],"picked":"aspiration:SeaSaltIceCream"},{"not_picked":["StoneCalendar","Mango"],"picked":"aspiration:AnachronicSnailShell"}],"items_purged_floors":[20,22,38],"is_endless":true,"potions_floor_spawned":[1,2,6,16,18,27,29,31,35,41,46,50],"ascension_level":7}}