{"host":"nkk8fh3pvuwuvqaz","time":1609387972,"event":{"mods":["Act Like it!","Bard","BaseMod","Downfall","Elementarium","GifTheSpireLib","Hermit","Jorbs\u0027s Wanderer Trilogy","Minty Spire (QoL Compilation)","Shade Mod","StSLib","The Druid","The Runesmith","TheArtist","TheBandit"],"gold_per_floor":[99,99,99,99,99,99,99,125,141,141,158,183,183,200,214,214,214,214],"floor_reached":16,"playtime":1046,"items_purged":[],"score":98,"play_id":"7825cb61-5668-4a06-b41f-8853b7388bcf","local_time":"20201230231252","is_ascension_mode":false,"campfire_choices":[{"data":"hexamod:Float","floor":1,"key":"SMITH"},{"data":"hexamod:VolcanoVisage","floor":10,"key":"SMITH"},{"floor":13,"key":"REST"}],"circlet_count":0,"master_deck":["hexamod:Strike","hexamod:Strike","hexamod:Strike","hexamod:Defend","hexamod:Defend","hexamod:Defend","hexamod:Defend","hexamod:Sear","hexamod:Float+1","hexamod:Incineration","hexamod:RainOfEmbers","hexamod:FastForward","hexamod:EmpoweredFlame","hexamod:VolcanoVisage+1","hexamod:InspiringFlames","hexamod:HeatMetal","hexamod:StepThrough","hexamod:NecessarySacrifice"],"relics":["hexamod:SpiritBrand","downfall:HeartsMalice","Unceasing Top","Singing Bowl","Odd Mushroom"],"acts_visited":["Exordium"],"potions_floor_usage":[12],"damage_taken":[{"damage":0,"enemies":"Jaw Worm","floor":2,"turns":1},{"damage":0,"enemies":"Cultist","floor":5,"turns":1},{"damage":0,"enemies":"2 Louse","floor":6,"turns":1},{"damage":21,"enemies":"Lagavulin","floor":8,"turns":6},{"damage":0,"enemies":"Exordium Wildlife","floor":9,"turns":3},{"damage":10,"enemies":"3 Louse","floor":11,"turns":5},{"damage":21,"enemies":"The Mushroom Lair","floor":12,"turns":4},{"damage":20,"enemies":"Gremlin Gang","floor":14,"turns":5},{"damage":9,"enemies":"Exordium Thugs","floor":15,"turns":3},{"damage":29,"enemies":"downfall:Defect","floor":16,"turns":4}],"seed_played":"5930229065585159915","potions_obtained":[{"floor":8,"key":"SneckoOil"},{"floor":9,"key":"Energy Potion"},{"floor":14,"key":"Regen Potion"},{"floor":15,"key":"ColorlessPotion"}],"is_trial":false,"path_per_floor":["R","M","?","?","M","M","T","E","M","R","M","?","R","M","M","B"],"character_chosen":"THE_SPIRIT","items_purchased":[],"campfire_rested":1,"item_purchase_floors":[],"current_hp_per_floor":[70,70,75,75,75,75,75,54,54,54,44,23,45,25,16,0,0,0],"gold":214,"neow_bonus":"THREE_ENEMY_KILL","is_daily":false,"chose_seed":false,"campfire_upgraded":2,"win_rate":0.0,"timestamp":1609387972,"path_taken":["R","M","?","?","M","?","T","E","M","R","M","?","R","M","M","BOSS"],"items_purchased_type":[],"build_version":"2020-12-22","purchased_purges":0,"victory":false,"max_hp_per_floor":[70,70,75,75,75,75,75,75,75,75,75,75,75,75,75,75,75,75],"card_choices":[{"not_picked":["hexamod:ShieldOfDarkness","hexamod:GhostLash"],"picked":"hexamod:Incineration","floor":2},{"not_picked":["hexamod:BacktrackSmack","hexamod:ShieldOfDarkness"],"picked":"hexamod:RainOfEmbers","floor":5},{"not_picked":["hexamod:GhostOfSpirePresent","hexamod:HeatCrush"],"picked":"hexamod:FastForward","floor":6},{"not_picked":["hexamod:PhantomFireball","hexamod:ShieldOfDarkness"],"picked":"hexamod:EmpoweredFlame","floor":8},{"not_picked":["hexamod:FirstSeal","hexamod:BurningTouch"],"picked":"hexamod:VolcanoVisage","floor":9},{"not_picked":["hexamod:SwordOfDarkness","hexamod:AdvancingGuard"],"picked":"hexamod:InspiringFlames","floor":11},{"not_picked":["hexamod:GhostOfSpirePresent","hexamod:RainOfEmbers"],"picked":"hexamod:HeatMetal","floor":12},{"not_picked":["hexamod:SwordOfDarkness","hexamod:ThirdSeal"],"picked":"hexamod:StepThrough","floor":14},{"not_picked":["hexamod:EtherealExpedition","hexamod:BacktrackSmack"],"picked":"hexamod:NecessarySacrifice","floor":15}],"player_experience":931822,"relics_obtained":[{"floor":7,"key":"Unceasing Top"},{"floor":8,"key":"Singing Bowl"},{"floor":12,"key":"Odd Mushroom"}],"event_choices":[{"damage_healed":0,"gold_gain":0,"player_choice":"Donut","damage_taken":0,"max_hp_gain":5,"max_hp_loss":0,"event_name":"Big Fish","floor":3,"gold_loss":0},{"cards_removed":["hexamod:Strike"],"damage_healed":0,"gold_gain":0,"player_choice":"Purged","damage_taken":0,"max_hp_gain":0,"max_hp_loss":0,"event_name":"Purifier","floor":4,"gold_loss":0},{"damage_healed":0,"gold_gain":0,"player_choice":"Fought Mushrooms","damage_taken":0,"max_hp_gain":0,"max_hp_loss":0,"event_name":"Mushrooms","floor":12,"gold_loss":0}],"is_beta":false,"boss_relics":[],"items_purged_floors":[],"is_endless":false,"potions_floor_spawned":[8,9,14,15],"killed_by":"downfall:Defect","ascension_level":0}}