{"host":"74rphcgmhz43g39u","time":1609392218,"event":{"mods":["Act Like it!","BaseMod","Colored Powertips","Gensokyo","Marisa£®ÏF”Í°°ƒß¿Ì…≥£©","Minty Spire (QoL Compilation)","Quick Restart","Reimu£®≤©¿ˆ¡È√Œ£©","Remilia£®¿Ÿ√◊¿Ú—«£©","StSLib"],"gold_per_floor":[112,212,292,311,151,151,185,185,232,271,294,319,11,24,24,120,120,139,139,239,257,267,299,299,333,359,359,394,394,414,447,447,543,543,558,558,576,366,376,411,411,437,461,461,476,244,263,274,274,274,274,274,77,105,105],"floor_reached":56,"playtime":4916,"items_purged":["Strike_Lin:ReiMu","Strike_Lin:ReiMu"],"score":1436,"play_id":"9e2e44ab-fe12-4bd0-bfb7-d73aaef230a6","local_time":"20201231132338","is_ascension_mode":true,"campfire_choices":[{"data":"Conquer:ReiMu","floor":6.0,"key":"SMITH"},{"data":"NB:ReiMu","floor":8.0,"key":"SMITH"},{"data":"FoulBorder2:ReiMu","floor":15.0,"key":"SMITH"},{"data":"Revelation:ReiMu","floor":24.0,"key":"SMITH"},{"floor":27.0,"key":"RECALL"},{"data":"Mountainwind:ReiMu","floor":29.0,"key":"SMITH"},{"data":"Stagnation:ReiMu","floor":32.0,"key":"SMITH"},{"data":"Defend_Lin:ReiMu","floor":41.0,"key":"SMITH"},{"data":"Gathering:ReiMu","floor":44.0,"key":"SMITH"},{"data":"Defend_Lin:ReiMu","floor":49.0,"key":"SMITH"},{"data":"Defend_Lin:ReiMu","floor":52.0,"key":"SMITH"}],"circlet_count":0,"master_deck":["Defend_Lin:ReiMu+1","Defend_Lin:ReiMu","Defend_Lin:ReiMu+1","Defend_Lin:ReiMu+1","NB:ReiMu+1","Stagnation:ReiMu+1","Conquer:ReiMu+1","Mountainwind:ReiMu+1","FoulBorder2:ReiMu+1","Gathering:ReiMu+1","Revelation:ReiMu+1","Revelation:ReiMu+1","PrepareRite:ReiMu+1","KamiRite:ReiMu+1","FantasyBorder:ReiMu+1","Meditation:ReiMu+1","ShadowOfCrow2:ReiMu+1","Enchanting:ReiMu+1","PrayRite:ReiMu+1","Amulet:ReiMu+1","Intuition:ReiMu+1","LearningPray:ReiMu+1","SpreadBorder2:ReiMu+1","MikOfLucky:ReiMu+1","KamiRite:ReiMu+1","PassingAway:ReiMu+1","PassingAway:ReiMu+1","LovePray:ReiMu+1","Purity+1","YinYangSange:ReiMu+1","CareerPray:ReiMu+1","CeremonyResonance:ReiMu+1"],"relics":["FlyPower:ReiMu","NeowsBlessing","Gensokyo:BookOfSpecters","Oddly Smooth Stone","Kunai","Toxic Egg 2","TungstenRod","Bird Faced Urn","Blood Vial","Frozen Egg 2","CrazyTorch:ReiMu","Eternal Feather","Runic Pyramid","Gensokyo:DualWield","MealTicket","Bottled Lightning","Ancient Tea Set","OrangePellets","Tea:ReiMu"],"acts_visited":["Exordium","Gensokyo:Gensokyo","Gensokyo:Gensokyoer","TheEnding"],"potions_floor_usage":[55,55,55],"damage_taken":[{"damage":0.0,"enemies":"Gensokyo:3_Fairies","floor":1.0,"turns":2.0},{"damage":0.0,"enemies":"Gensokyo:Python","floor":4.0,"turns":1.0},{"damage":0.0,"enemies":"Gensokyo:Aya","floor":7.0,"turns":1.0},{"damage":0.0,"enemies":"Gensokyo:Mamizou","floor":10.0,"turns":17.0},{"damage":2.0,"enemies":"Gensokyo:Gryphon","floor":11.0,"turns":3.0},{"damage":3.0,"enemies":"Gensokyo:2_Rabbits","floor":12.0,"turns":5.0},{"damage":0.0,"enemies":"Gensokyo:Python_and_Kodama","floor":14.0,"turns":4.0},{"damage":11.0,"enemies":"Gensokyo:Kokoro","floor":16.0,"turns":13.0},{"damage":0.0,"enemies":"Gensokyo:2_Gloops","floor":18.0,"turns":3.0},{"damage":15.0,"enemies":"Gensokyo:2_Gloops","floor":20.0,"turns":9.0},{"damage":6.0,"enemies":"Gensokyo:AngelMirror","floor":21.0,"turns":4.0},{"damage":7.0,"enemies":"Gensokyo:Swordslinger","floor":22.0,"turns":7.0},{"damage":17.0,"enemies":"Gensokyo:Reisen","floor":23.0,"turns":7.0},{"damage":4.0,"enemies":"Gensokyo:Tenshi","floor":25.0,"turns":6.0},{"damage":0.0,"enemies":"Gensokyo:Reisen","floor":28.0,"turns":5.0},{"damage":4.0,"enemies":"Gensokyo:Wraith","floor":30.0,"turns":5.0},{"damage":6.0,"enemies":"Gensokyo:Koishi","floor":31.0,"turns":8.0},{"damage":21.0,"enemies":"Gensokyo:Kaguya","floor":33.0,"turns":11.0},{"damage":0.0,"enemies":"Gensokyo:AncientGuardian","floor":35.0,"turns":5.0},{"damage":6.0,"enemies":"Gensokyo:3_Bats","floor":37.0,"turns":4.0},{"damage":0.0,"enemies":"Gensokyo:3_Boulders","floor":39.0,"turns":4.0},{"damage":1.0,"enemies":"Gensokyo:Doremy","floor":40.0,"turns":7.0},{"damage":5.0,"enemies":"Gensokyo:Marisa","floor":42.0,"turns":9.0},{"damage":41.0,"enemies":"Gensokyo:SeedOfUnknown","floor":45.0,"turns":7.0},{"damage":0.0,"enemies":"Gensokyo:Rafflesia","floor":47.0,"turns":8.0},{"damage":2.0,"enemies":"Gensokyo:3_Boulders","floor":48.0,"turns":4.0},{"damage":16.0,"enemies":"Gensokyo:Yuyuko","floor":50.0,"turns":5.0},{"damage":45.0,"enemies":"Shield and Spear","floor":54.0,"turns":7.0},{"damage":15,"enemies":"The Heart","floor":55,"turns":6}],"seed_played":"-7158247447904259670","potions_obtained":[{"floor":1.0,"key":"Regen Potion"},{"floor":10.0,"key":"Explosive Potion"},{"floor":12.0,"key":"EssenceOfSteel"},{"floor":18.0,"key":"BlessingOfTheForge"},{"floor":22.0,"key":"Dexterity Potion"},{"floor":23.0,"key":"HakureiPotion:ReiMu"},{"floor":25.0,"key":"ZuzhouPotion:ReiMu"},{"floor":30.0,"key":"Swift Potion"},{"floor":40.0,"key":"Regen Potion"},{"floor":47.0,"key":"LiquidFlight:ReiMu"}],"is_trial":false,"path_per_floor":["M","?","?","M","?","R","E","R","T","E","M","M","$","M","R","B",null,"M","?","?","M","M","E","R","E","T","R","E","R","M","E","R","B",null,"M","?","M","$","M","E","R","E","T","R","M","$","M","M","R","B",null,"R","$","E","B",null],"character_chosen":"REIMU","items_purchased":["Toxic Egg 2","Revelation:ReiMu+1","KamiRite:ReiMu+1","LovePray:ReiMu+1","Purity+1","OrangePellets","CareerPray:ReiMu+1"],"campfire_rested":0,"item_purchase_floors":[13,13,38,46,46,53,53],"current_hp_per_floor":[65,65,65,65,65,65,65,65,65,65,63,60,60,60,60,49,65,65,65,50,48,45,32,32,49,49,49,55,55,57,57,65,46,65,65,65,63,63,65,65,65,64,64,65,40,55,63,63,65,65,65,65,65,22,17],"gold":105,"neow_bonus":"THREE_ENEMY_KILL","is_daily":false,"chose_seed":false,"campfire_upgraded":10,"win_rate":0.0,"timestamp":1609392218,"path_taken":["M","?","?","?","?","R","E","R","T","E","M","?","?","M","R","BOSS","M","?","?","M","M","E","R","E","T","R","E","R","M","E","R","BOSS","M","?","M","$","M","E","R","E","T","R","?","$","M","M","R","BOSS","R","$","E","BOSS"],"items_purchased_type":["Relic","Card","Card","Card","Card","Relic","Card"],"build_version":"2020-12-22","purchased_purges":2,"victory":true,"max_hp_per_floor":[65,65,65,65,65,65,65,65,65,65,65,65,65,65,65,65,65,65,65,65,65,65,65,65,65,65,65,65,65,65,65,65,65,65,65,65,65,65,65,65,65,65,65,65,65,65,65,65,65,65,65,65,65,65,65],"card_choices":[{"not_picked":["UpKicking:ReiMu","FantasyBorder:ReiMu"],"picked":"Conquer:ReiMu","floor":1.0},{"not_picked":["KamiSacrifice:ReiMu","CareerPray:ReiMu"],"picked":"Mountainwind:ReiMu","floor":4.0},{"not_picked":["TightArray:ReiMu","BarrageOfMoneybags:ReiMu","SafetyPray:ReiMu"],"picked":"SKIP","floor":7.0},{"not_picked":["BarrageOfMoneybags:ReiMu","CollectionFlower2:ReiMu"],"picked":"FoulBorder2:ReiMu","floor":10.0},{"not_picked":["SubAcupoint:ReiMu","AirStrike:ReiMu"],"picked":"Gathering:ReiMu","floor":11.0},{"not_picked":["Meditation:ReiMu","FantasyBorder:ReiMu"],"picked":"Revelation:ReiMu","floor":12.0},{"not_picked":["EmergencyTakeOff:ReiMu+1","WonderfulDomain:ReiMu+1"],"picked":"PrepareRite:ReiMu+1","floor":14.0},{"not_picked":["BlastKick2:ReiMu","Shading:ReiMu+1"],"picked":"KamiRite:ReiMu+1","floor":16.0},{"not_picked":["Conquer:ReiMu","BarrageOfMoneybags:ReiMu"],"picked":"FantasyBorder:ReiMu+1","floor":18.0},{"not_picked":["AirStrike:ReiMu","SubcavityInstant:ReiMu+1"],"picked":"Meditation:ReiMu+1","floor":20.0},{"not_picked":["KamiSacrifice:ReiMu+1","Amulet:ReiMu+1"],"picked":"ShadowOfCrow2:ReiMu+1","floor":21.0},{"not_picked":["TightArray:ReiMu+1","Dreaming:ReiMu"],"picked":"Enchanting:ReiMu+1","floor":22.0},{"not_picked":["Amulet:ReiMu+1","EmergencyTakeOff:ReiMu+1"],"picked":"PrayRite:ReiMu+1","floor":23.0},{"not_picked":["SubAcupoint:ReiMu","TightArray:ReiMu+1"],"picked":"Amulet:ReiMu+1","floor":25.0},{"not_picked":["AlertArray:ReiMu+1","Conquer:ReiMu","Mountainwind:ReiMu+1"],"picked":"SKIP","floor":28.0},{"not_picked":["Conquer:ReiMu+1","CareerPray:ReiMu+1"],"picked":"Intuition:ReiMu+1","floor":30.0},{"not_picked":["SafetyPray:ReiMu+1","TightArray:ReiMu"],"picked":"LearningPray:ReiMu+1","floor":31.0},{"not_picked":["Crusade:ReiMu+1","Conquer:ReiMu"],"picked":"SpreadBorder2:ReiMu+1","floor":35.0},{"not_picked":["Enchanting:ReiMu+1","SpiritualOutbreak2:ReiMu"],"picked":"MikOfLucky:ReiMu+1","floor":37.0},{"not_picked":["SubAcupoint:ReiMu","TightArray:ReiMu"],"picked":"PassingAway:ReiMu+1","floor":39.0},{"not_picked":["AirManeuver:ReiMu+1","SafetyPray:ReiMu+1","SubcavityInstant:ReiMu+1"],"picked":"SKIP","floor":40.0},{"not_picked":["AirStrike:ReiMu+1","DoubleButterfly:ReiMu+1"],"picked":"PassingAway:ReiMu+1","floor":42.0},{"not_picked":["AirStrike:ReiMu+1","SubcavityInstant:ReiMu+1","Conquer:ReiMu"],"picked":"SKIP","floor":45.0},{"not_picked":["SubAcupoint:ReiMu","Amulet:ReiMu+1"],"picked":"YinYangSange:ReiMu+1","floor":47.0},{"not_picked":["Dreaming2:ReiMu+1","AlertArray:ReiMu+1","SafetyPray:ReiMu+1"],"picked":"SKIP","floor":48.0},{"not_picked":["MountainWay:ReiMu+1","UpKicking:ReiMu"],"picked":"CeremonyResonance:ReiMu+1","floor":54.0}],"player_experience":1084523,"relics_obtained":[{"floor":7.0,"key":"Oddly Smooth Stone"},{"floor":9.0,"key":"MawBank"},{"floor":10.0,"key":"Kunai"},{"floor":20.0,"key":"TungstenRod"},{"floor":20.0,"key":"Bird Faced Urn"},{"floor":23.0,"key":"Blood Vial"},{"floor":25.0,"key":"Frozen Egg 2"},{"floor":28.0,"key":"CrazyTorch:ReiMu"},{"floor":31.0,"key":"Eternal Feather"},{"floor":40.0,"key":"MealTicket"},{"floor":42.0,"key":"Bottled Lightning"},{"floor":43.0,"key":"Ancient Tea Set"},{"floor":54.0,"key":"Tea:ReiMu"}],"event_choices":[],"is_beta":false,"boss_relics":[{"not_picked":["Sozu","Snecko Eye","Velvet Choker"]},{"not_picked":["Calling Bell","Coffee Dripper"],"picked":"Runic Pyramid"}],"items_purged_floors":[38,46],"is_endless":false,"potions_floor_spawned":[1,10,12,18,22,23,25,30,40,42,47,54],"ascension_level":2}}