{"host":"tq7pufgtqftqw8yr","time":1609403843,"event":{"mods":["BaseMod","Downfall","Minty Spire (QoL Compilation)","StSLib"],"gold_per_floor":[99,99,45,220,230,380,429,441,457,489,242,252,102,134,154,249,249,174,186,186,186,23,23,23,53,63,63,77,77,96,111,111,111,111],"floor_reached":32,"playtime":4175,"items_purged":["Doubt"],"score":295,"play_id":"5e51ba89-180e-4f13-9a1c-0ea21e123893","local_time":"20201231163723","is_ascension_mode":false,"campfire_choices":[{"floor":1,"key":"RECALL"},{"floor":13,"key":"REST"},{"floor":18,"key":"DIG"},{"data":"Guardian:Orbwalk","floor":23,"key":"SMITH"},{"floor":27,"key":"REST"}],"circlet_count":0,"master_deck":["Guardian:Strike_Guardian","Guardian:Strike_Guardian","Guardian:Strike_Guardian","Guardian:Strike_Guardian","Guardian:Defend_Guardian","Guardian:Defend_Guardian","Guardian:Defend_Guardian","Guardian:Defend_Guardian","Guardian:CurlUp","Guardian:TwinSlam","Guardian:SphericShield","Guardian:Planning","Guardian:Orbwalk+1","Guardian:ChargeUp","Guardian:Clone","Guardian:TimeCapacitor","Guardian:PrimingBeam","Guardian:ArmoredProtocol","Guardian:TimeSifter","Guardian:StasisStrike","CurseOfTheBell","Guardian:Suspension","Guardian:Gem_Lightblue","Guardian:TemporalStrike","Guardian:BronzeArmor","Guardian:Gem_Purple"],"relics":["Guardian:ModeShifter","Bottled Tornado","Regal Pillow","downfall:HeartBlessingBlue","downfall:HeartBlessingRed","Sundial","Calling Bell","Strawberry","Frozen Egg 2","Shovel","downfall:HeartBlessingGreen","Kunai","Bronze Scales","HornCleat","Darkstone Periapt"],"acts_visited":["Exordium","TheCity"],"potions_floor_usage":[10,15,16,16,19,25,28],"damage_taken":[{"damage":0,"enemies":"downfall:FleeingMerchant","floor":3,"turns":4},{"damage":0,"enemies":"Small Slimes","floor":5,"turns":4},{"damage":3,"enemies":"2 Louse","floor":8,"turns":4},{"damage":0,"enemies":"Jaw Worm","floor":9,"turns":4},{"damage":65,"enemies":"Gremlin Nob","floor":10,"turns":8},{"damage":0,"enemies":"downfall:FleeingMerchant","floor":11,"turns":4},{"damage":12,"enemies":"Exordium Thugs","floor":12,"turns":6},{"damage":25,"enemies":"Lagavulin","floor":14,"turns":9},{"damage":0,"enemies":"Large Slime","floor":15,"turns":6},{"damage":39,"enemies":"downfall:Silent","floor":16,"turns":13},{"damage":12,"enemies":"3 Byrds","floor":19,"turns":6},{"damage":0,"enemies":"Chosen","floor":20,"turns":1},{"damage":0,"enemies":"downfall:FleeingMerchant","floor":22,"turns":4},{"damage":48,"enemies":"Gremlin Leader","floor":25,"turns":11},{"damage":20,"enemies":"3 Cultists","floor":26,"turns":6},{"damage":11,"enemies":"Cultist and Chosen","floor":28,"turns":10},{"damage":5,"enemies":"Snake Plant","floor":30,"turns":4},{"damage":18,"enemies":"Shelled Parasite and Fungi","floor":31,"turns":7},{"damage":47,"enemies":"Cultist and Chosen","floor":32,"turns":8}],"seed_played":"7399055134755182713","potions_obtained":[{"floor":5,"key":"GamblersBrew"},{"floor":10,"key":"FairyPotion"},{"floor":12,"key":"SteroidPotion"},{"floor":14,"key":"Fire Potion"},{"floor":15,"key":"Swift Potion"},{"floor":16,"key":"DistilledChaos"},{"floor":19,"key":"BlessingOfTheForge"},{"floor":25,"key":"Guardian:BlockOnCardUsePotion"},{"floor":26,"key":"LiquidBronze"}],"is_trial":false,"path_per_floor":["R","?","$","?","M","?","T","M","M","E","$","M","R","E","M","B",null,"R","M","M","?","$","R","T","E","M","R","M","?","M","M","M"],"character_chosen":"GUARDIAN","items_purchased":["Guardian:Orbwalk","Regal Pillow","Bronze Scales"],"campfire_rested":2,"item_purchase_floors":[3,11,22],"current_hp_per_floor":[80,80,80,80,80,80,80,77,77,12,12,24,76,51,51,12,97,97,85,85,85,85,85,85,37,17,61,50,50,45,27,0,0,0],"gold":111,"neow_bonus":"ONE_RANDOM_RARE_CARD","is_daily":false,"chose_seed":false,"campfire_upgraded":1,"win_rate":0.0,"timestamp":1609403843,"path_taken":["R","?","$","?","M","?","T","M","M","E","$","?","R","E","M","BOSS","R","M","M","?","$","R","T","E","M","R","M","?","M","M","M"],"items_purchased_type":["Card","Relic","Relic"],"build_version":"2020-12-22","purchased_purges":1,"victory":false,"max_hp_per_floor":[80,80,80,80,80,80,80,80,80,80,80,80,90,90,90,90,97,97,97,97,97,97,97,97,97,97,97,97,97,97,97,97,97,97],"card_choices":[{"not_picked":["Guardian:ChargeCore","Guardian:RollAttack"],"picked":"Guardian:Planning","floor":3},{"not_picked":["Guardian:Repulse","Guardian:TimeCapacitor"],"picked":"Guardian:ChargeUp","floor":5},{"not_picked":["Guardian:VentSteam","Guardian:CrystalBeam"],"picked":"Guardian:Clone","floor":8},{"not_picked":["Guardian:Reroute","Guardian:Gem_Cyan"],"picked":"Guardian:Gem_Green","floor":9},{"not_picked":["Guardian:ShieldCharger","Guardian:Gem_Cyan"],"picked":"Guardian:Gem_White","floor":10},{"not_picked":["Guardian:BronzeArmor","Guardian:PiercingHide"],"picked":"Guardian:TimeCapacitor","floor":11},{"not_picked":["Guardian:SentryBeam","Guardian:DecasProtection"],"picked":"Guardian:PrimingBeam","floor":12},{"not_picked":["Guardian:DonusPower","Guardian:Reroute"],"picked":"Guardian:ArmoredProtocol","floor":14},{"not_picked":["Guardian:SpikerProtocol","Guardian:Reroute"],"picked":"Guardian:TimeSifter","floor":15},{"not_picked":["Guardian:ConstructionForm","Guardian:HyperBeam_Guardian"],"picked":"Guardian:StasisStrike","floor":16},{"not_picked":["Guardian:Gem_Purple","Guardian:PiercingHide"],"picked":"Guardian:Gem_Red","floor":19},{"not_picked":["Guardian:Gem_Lightblue","Guardian:ConstructionForm+1"],"picked":"Guardian:Suspension","floor":20},{"not_picked":["Guardian:Gem_Red","Guardian:Planning"],"picked":"Guardian:Gem_Green","floor":22},{"not_picked":["Guardian:RevengeProtocol+1","Guardian:WalkerClaw"],"picked":"Guardian:Gem_Red","floor":25},{"not_picked":["Guardian:RollAttack","Guardian:PiercingHide"],"picked":"Guardian:Gem_Lightblue","floor":26},{"not_picked":["Guardian:PrimingBeam","Guardian:Gem_Green"],"picked":"Guardian:TemporalStrike","floor":28},{"not_picked":["Guardian:WalkerClaw","Guardian:Gem_Cyan"],"picked":"Guardian:BronzeArmor","floor":30},{"not_picked":["Guardian:TemporalStrike","Guardian:Gem_Lightblue"],"picked":"Guardian:Gem_Purple","floor":31}],"player_experience":779195,"relics_obtained":[{"floor":10,"key":"Bottled Tornado"},{"floor":14,"key":"Sundial"},{"floor":17,"key":"Strawberry"},{"floor":17,"key":"Frozen Egg 2"},{"floor":17,"key":"Shovel"},{"floor":18,"key":"Kunai"},{"floor":24,"key":"HornCleat"},{"floor":25,"key":"Darkstone Periapt"}],"event_choices":[],"is_beta":false,"boss_relics":[{"not_picked":["Runic Pyramid","Sozu"],"picked":"Calling Bell"}],"items_purged_floors":[11],"is_endless":false,"potions_floor_spawned":[5,10,12,14,15,16,19,25,26],"killed_by":"Cultist and Chosen","ascension_level":0}}