{"host":"ci7ivtocgfxh0ueo","time":1609382671,"event":{"mods":["BaseMod","GifTheSpireLib","Minty Spire (QoL Compilation)","StSLib"],"gold_per_floor":[116,191,31,31,42,42,42,76,101,101,112,123,45,65,65,138,138,151,151,151,151,151,151,57,90,90,110,56,26,45,56,56,56,56],"floor_reached":33,"playtime":811,"items_purged":[],"score":533,"play_id":"a5d49eb5-9a56-4ef4-b3c3-3369d2c913b2","local_time":"20201231104431","is_ascension_mode":true,"campfire_choices":[{"data":"Uppercut","floor":6,"key":"SMITH"},{"data":"Sever Soul","floor":10,"key":"SMITH"},{"data":"Infernal Blade","floor":15,"key":"SMITH"},{"data":"Double Tap","floor":23,"key":"SMITH"},{"floor":32,"key":"REST"}],"circlet_count":0,"master_deck":["AscendersBane","Strike_R","Strike_R","Strike_R","Defend_R","Defend_R","Defend_R","Defend_R","Bash+1","Uppercut+1","Twin Strike","Sever Soul+1","Burning Pact","Infernal Blade+1","Disarm","Warcry","Double Tap+1","Entrench","Carnage","Blind","Rage","Armaments"],"relics":["Burning Blood","NeowsBlessing","Vajra","Shuriken","Dead Branch","Centennial Puzzle","Busted Crown","Omamori","Toy Ornithopter","Bottled Flame"],"acts_visited":["Exordium","TheCity"],"potions_floor_usage":[12,18,25,31,31],"damage_taken":[{"damage":0,"enemies":"Small Slimes","floor":1,"turns":2},{"damage":0,"enemies":"2 Louse","floor":5,"turns":1},{"damage":0,"enemies":"3 Sentries","floor":8,"turns":2},{"damage":0,"enemies":"Cultist","floor":11,"turns":2},{"damage":0,"enemies":"3 Louse","floor":12,"turns":2},{"damage":11,"enemies":"Looter","floor":14,"turns":2},{"damage":18,"enemies":"Hexaghost","floor":16,"turns":10},{"damage":9,"enemies":"Shell Parasite","floor":18,"turns":2},{"damage":30,"enemies":"Slavers","floor":25,"turns":5},{"damage":14,"enemies":"3 Byrds","floor":27,"turns":4},{"damage":0,"enemies":"Snecko","floor":30,"turns":2},{"damage":6,"enemies":"Centurion and Healer","floor":31,"turns":3},{"damage":75,"enemies":"Champ","floor":33,"turns":11}],"seed_played":"2480878800943588275","potions_obtained":[{"floor":1,"key":"LiquidMemories"},{"floor":16,"key":"Block Potion"},{"floor":18,"key":"ColorlessPotion"},{"floor":27,"key":"BlessingOfTheForge"},{"floor":29,"key":"Fire Potion"}],"is_trial":false,"path_per_floor":["M","?","$","?","M","R","?","E","T","R","M","M","$","M","R","B",null,"M","?","?","$","?","R","$","E","T","M","$","?","M","M","R","B"],"character_chosen":"IRONCLAD","items_purchased":["Vajra","Disarm","Blind","Armaments"],"campfire_rested":1,"item_purchase_floors":[3,13,24,28],"current_hp_per_floor":[74,63,63,58,64,64,64,70,70,70,75,75,75,70,70,58,71,68,68,68,68,68,68,68,44,44,36,36,36,42,52,74,0,0],"gold":56,"neow_bonus":"THREE_ENEMY_KILL","is_daily":false,"chose_seed":false,"campfire_upgraded":4,"win_rate":0.0,"timestamp":1609382671,"path_taken":["M","?","$","?","M","R","?","E","T","R","?","M","$","M","R","BOSS","M","?","?","$","?","R","$","E","T","?","$","?","?","M","R","BOSS"],"items_purchased_type":["Relic","Card","Card","Card"],"build_version":"2020-12-22","purchased_purges":0,"victory":false,"max_hp_per_floor":[75,75,75,75,75,75,75,75,75,75,75,75,75,75,75,75,75,75,75,75,75,75,75,75,75,75,75,75,75,75,75,75,75,75],"card_choices":[{"not_picked":["Power Through","Warcry"],"picked":"Uppercut","floor":1},{"not_picked":["Havoc","Clash"],"picked":"Twin Strike","floor":5},{"not_picked":["Hemokinesis","Berserk"],"picked":"Sever Soul","floor":8},{"not_picked":["Perfected Strike","Flex"],"picked":"Burning Pact","floor":11},{"not_picked":["Iron Wave","Pummel"],"picked":"Infernal Blade","floor":12},{"not_picked":["Berserk","Combust"],"picked":"Warcry","floor":14},{"not_picked":["Brutality","Impervious"],"picked":"Double Tap","floor":16},{"not_picked":["Iron Wave"],"picked":"SKIP","floor":18},{"not_picked":[],"picked":"Rage","floor":25},{"not_picked":["Body Slam"],"picked":"SKIP","floor":27},{"not_picked":["Anger"],"picked":"SKIP","floor":30},{"not_picked":["Rupture"],"picked":"SKIP","floor":31}],"player_experience":1311473,"relics_obtained":[{"floor":8,"key":"Dead Branch"},{"floor":9,"key":"Centennial Puzzle"},{"floor":25,"key":"Toy Ornithopter"},{"floor":26,"key":"Bottled Flame"}],"event_choices":[{"damage_healed":0,"gold_gain":75,"player_choice":"Gather Gold","damage_taken":11,"max_hp_gain":0,"max_hp_loss":0,"event_name":"World of Goop","floor":2,"gold_loss":0},{"damage_healed":0,"gold_gain":0,"player_choice":"Success","damage_taken":5,"relics_obtained":["Shuriken"],"max_hp_gain":0,"max_hp_loss":0,"event_name":"Scrap Ooze","floor":4,"gold_loss":0},{"damage_healed":0,"gold_gain":0,"player_choice":"Upgraded","damage_taken":0,"max_hp_gain":0,"max_hp_loss":0,"event_name":"Upgrade Shrine","floor":7,"gold_loss":0,"cards_upgraded":["Bash"]},{"damage_healed":0,"gold_gain":0,"player_choice":"Opened","damage_taken":0,"relics_obtained":["Omamori"],"max_hp_gain":0,"max_hp_loss":0,"event_name":"The Mausoleum","floor":19,"gold_loss":0,"cards_obtained":["Writhe"]},{"cards_removed":["Writhe"],"damage_healed":0,"gold_gain":0,"player_choice":"Elegance","damage_taken":0,"max_hp_gain":0,"max_hp_loss":0,"event_name":"Back to Basics","floor":20,"gold_loss":0},{"damage_healed":0,"gold_gain":0,"cards_transformed":["Strike_R","Strike_R"],"player_choice":"Became Test Subject","damage_taken":0,"max_hp_gain":0,"max_hp_loss":0,"event_name":"Drug Dealer","floor":22,"gold_loss":0,"cards_obtained":["Entrench","Carnage"]},{"damage_healed":0,"gold_gain":0,"player_choice":"Bought 2 Potions","damage_taken":0,"max_hp_gain":0,"max_hp_loss":0,"event_name":"The Woman in Blue","floor":29,"gold_loss":0}],"is_beta":false,"boss_relics":[{"not_picked":["Velvet Choker","Sozu"],"picked":"Busted Crown"}],"items_purged_floors":[],"is_endless":false,"potions_floor_spawned":[1,16,18,27],"killed_by":"Champ","ascension_level":17}}