{"host":"7mo9b2f9hhzb5x6f","time":1609415139,"event":{"mods":["2.2 Compatiblity","Act Like it!","Arknights The Spire","BaseMod","Better-Laid Plans","LazyManMod","Library of Ruina","Library of Ruina Extra","Marked Mod","Minty Spire (QoL Compilation)","MostiFishMod","Spicy Shops","StSLib","TestMod","The Alterego","The Dragon Tamer","The Hayseed","UnlockEverythingMod","Yakumo Yukari mod","【功能Mod】混沌之环修复补丁"],"gold_per_floor":[116,116,129,149,162,162,194,194,221,105,105,105,116,142,142,241,241,253,15,25,41,58,58,58,85,137,168,19,19,34,49,49,151,201,218,238,113,126,126,146,162,176,202,231,244,244,244,26,26,26,26,26,26,26,56,56],"floor_reached":57,"playtime":3809,"items_purged":["ats:Strike C","ats:Cat Scratch+1","ats:Defend+1","ats:Strike G+1"],"score":1161,"play_id":"7e520665-4cc5-498a-9e6a-5ac294d9ccfd","local_time":"20201231194539","is_ascension_mode":false,"campfire_choices":[{"data":"ats:Part Time Job","floor":6,"key":"SMITH"},{"data":"ats:Counter Healing Mode","floor":8,"key":"SMITH"},{"data":"ats:Chain Hook","floor":12,"key":"SMITH"},{"data":"ats:Healing Strengthening","floor":15,"key":"SMITH"},{"data":"ats:Revitalization","floor":23,"key":"SMITH"},{"data":"ats:Shell Defense","floor":29,"key":"SMITH"},{"floor":32,"key":"RECALL"},{"data":"ats:Composite Medical Shells","floor":49,"key":"SMITH"},{"floor":53,"key":"REST"}],"circlet_count":0,"master_deck":["ats:Strike S+1","ats:Armor Crushing Shot+1","ats:Defend+1","ats:Emotion Absorption+1","ats:Healing Strengthening+1","ats:Apocalypse+1","ats:Part Time Job+1","ats:Cat Scratch+1","ats:Counter Healing Mode+1","ats:Chain Hook+1","ats:Hook Shot+1","ats:Thorns+1","ats:Dogmatic Field+1","ats:Defend Order+1","ats:Cat Scratch+1","ats:Shadow Assault+1","ats:Shell Defense+1","ats:Healing Drone+1","MostiFishMod:ButterFly+1","ats:Composite Medical Shells+1","ats:Thorns+1"],"relics":["ats:Sanity","testmod-TestBox","DaveBox","Chemical X","testmod-TurbochargingSystem","DSteel32","SynthV:TestCard","Boot","ats:Originium","Centennial Puzzle","testmod-ConstraintPeriapt","PageOfPorccubus","Astrolabe","PageOfAlriune","Mummified Hand","Nunchaku","ats:Military Tradition","Tiny House","Regal Pillow","PageOfWrath"],"acts_visited":["Exordium","TheCity","TheBeyond","TheEnding"],"potions_floor_usage":[],"damage_taken":[{"damage":0,"enemies":"Small Slimes","floor":1,"turns":3},{"damage":10,"enemies":"Cultist","floor":3,"turns":4},{"damage":13,"enemies":"Jaw Worm","floor":4,"turns":4},{"damage":19,"enemies":"2 Fungi Beasts","floor":5,"turns":5},{"damage":37,"enemies":"Lagavulin","floor":7,"turns":9},{"damage":14,"enemies":"Blue Slaver","floor":13,"turns":4},{"damage":44,"enemies":"3 Sentries","floor":14,"turns":5},{"damage":79,"enemies":"Hexaghost","floor":16,"turns":9},{"damage":61,"enemies":"Shell Parasite","floor":18,"turns":8},{"damage":39,"enemies":"2 Thieves","floor":20,"turns":4},{"damage":34,"enemies":"Centurion and Healer","floor":21,"turns":6},{"damage":37,"enemies":"Snecko","floor":22,"turns":5},{"damage":63,"enemies":"Book of Stabbing","floor":25,"turns":5},{"damage":67,"enemies":"Slavers","floor":27,"turns":4},{"damage":39,"enemies":"Cultist and Chosen","floor":30,"turns":5},{"damage":14,"enemies":"Chosen and Byrds","floor":31,"turns":4},{"damage":74,"enemies":"Collector","floor":33,"turns":7},{"damage":29,"enemies":"Orb Walker","floor":35,"turns":4},{"damage":29,"enemies":"3 Shapes","floor":36,"turns":5},{"damage":74,"enemies":"Writhing Mass","floor":38,"turns":6},{"damage":99,"enemies":"Jaw Worm Horde","floor":40,"turns":6},{"damage":48,"enemies":"4 Shapes","floor":41,"turns":3},{"damage":36,"enemies":"Writhing Mass","floor":42,"turns":4},{"damage":49,"enemies":"Reptomancer","floor":44,"turns":6},{"damage":34,"enemies":"Maw","floor":45,"turns":8},{"damage":117,"enemies":"Time Eater","floor":50,"turns":9},{"damage":81,"enemies":"Shield and Spear","floor":55,"turns":4},{"damage":204,"enemies":"The Heart","floor":56,"turns":8}],"seed_played":"1081953776428979651","potions_obtained":[{"floor":1,"key":"Explosive Potion"},{"floor":22,"key":"LiquidBronze"},{"floor":25,"key":"AttackPotion"},{"floor":27,"key":"EssenceOfSteel"}],"is_trial":false,"path_per_floor":["M","?","M","M","M","R","E","R","T","$","?","R","M","E","R","B",null,"M","$","M","M","M","R","?","E","T","E","$","R","M","M","R","B",null,"M","M","$","M","$","M","M","M","T","E","M","?","?","$","R","B",null,null,"R","$","E","B",null],"character_chosen":"DOCTOR_CLASS","items_purchased":["ats:Chain Hook","PageOfAlriune","ats:Shell Defense","ats:Composite Medical Shells"],"campfire_rested":1,"item_purchase_floors":[10,19,28,48],"current_hp_per_floor":[72,72,67,62,65,65,51,51,51,51,44,44,51,41,41,68,72,71,71,72,72,68,68,68,72,72,72,72,72,63,72,72,71,77,77,73,73,77,77,77,70,77,77,77,77,67,67,67,67,61,61,77,77,77,61,75],"gold":56,"neow_bonus":"THREE_CARDS","is_daily":false,"chose_seed":false,"campfire_upgraded":7,"win_rate":0.0,"timestamp":1609415139,"path_taken":["M","?","?","M","M","R","E","R","T","$","?","R","M","E","R","BOSS","M","$","M","M","M","R","?","E","T","E","$","R","M","?","R","BOSS","M","M","$","?","$","M","M","M","T","E","M","?","?","$","R","BOSS","R","$","E","BOSS"],"items_purchased_type":["Card","Relic","Card","Card"],"build_version":"2020-12-22","purchased_purges":4,"victory":true,"max_hp_per_floor":[72,72,72,72,72,72,72,72,72,72,72,72,72,72,72,72,72,72,72,72,72,72,72,72,72,72,72,72,72,72,72,72,72,77,77,77,77,77,77,77,77,77,77,77,77,77,77,77,77,77,77,77,77,77,77,77],"card_choices":[{"not_picked":["ats:Encircling Forest","ats:Ignite"],"picked":"ats:Healing Strengthening","floor":0},{"not_picked":["ats:Steam Pump","ats:Assault Order"],"picked":"ats:Apocalypse","floor":1},{"not_picked":["ats:Powerful Strike","ats:Spore Proliferation","ats:Automatic Cover","ats:Cat Scratch"],"picked":"ats:Revitalization","floor":3},{"not_picked":["ats:Apocalypse","ats:Assault Order","ats:Encircling Forest","ats:Ignite"],"picked":"ats:Part Time Job","floor":4},{"not_picked":["ats:Disruption Kick","ats:Childhood Dance","ats:Flexible Camouflage","ats:Assault Order"],"picked":"ats:Cat Scratch","floor":5},{"not_picked":["ats:Revitalization","ats:Healing Drone","ats:Mental Burst","ats:Steam Pump"],"picked":"ats:Counter Healing Mode","floor":7},{"not_picked":["ats:Curse Doll","ats:Revitalization","ats:Powerful Strike","ats:Red Shift"],"picked":"ats:Hook Shot","floor":13},{"not_picked":["ats:Revitalization","ats:Shadow Raid","ats:Apocalypse","ats:Leaping Hammer"],"picked":"ats:Thorns","floor":14},{"not_picked":["ats:Nebulous Foxfire","ats:True Silver Slash","ats:Rat Pack","ats:Soul Rend"],"picked":"ats:Dogmatic Field","floor":16},{"not_picked":["ats:Hammer On+1","ats:Assault Order+1","ats:Revitalization","ats:Healing Strengthening","ats:Leaping Hammer"],"picked":"SKIP","floor":18},{"not_picked":["ats:Leaping Hammer+1","ats:Flexible Camouflage+1","ats:Assault Order","ats:Revitalization","ats:Cat Scratch"],"picked":"SKIP","floor":20},{"not_picked":["ats:Consecutive Shot Auto","ats:Curse Doll+1","ats:Assault Order","ats:Cat Scratch+1","ats:Shadow Assault"],"picked":"SKIP","floor":21},{"not_picked":["ats:Childhood Dance","ats:Cat Scratch","ats:Beaten Up","ats:Explosion Area Strengthen","ats:Powerful Strike"],"picked":"SKIP","floor":22},{"not_picked":["ats:Spore Proliferation","ats:Revitalization+1","ats:Ignite","ats:Beaten Up"],"picked":"ats:Shadow Assault","floor":25},{"not_picked":["ats:Flexible Camouflage","ats:Directed Diagnosis","ats:Fractured Body","ats:Rat Pack","ats:Revitalization"],"picked":"SKIP","floor":27},{"not_picked":["ats:Blood Oath","ats:Explosion Area Strengthen","ats:Song Of Battle","ats:Apocalypse","ats:Shell Defense"],"picked":"SKIP","floor":30},{"not_picked":["ats:Cat Scratch+1","ats:Revitalization","ats:Part Time Job","ats:Leaping Hammer"],"picked":"ats:Healing Drone+1","floor":31},{"not_picked":["ats:Burning Ground+1","ats:Revitalization","ats:Flexible Camouflage","ats:Directed Diagnosis+1","ats:Leaping Hammer+1"],"picked":"SKIP","floor":35},{"not_picked":["ats:Healing Drone","ats:Apocalypse+1","ats:Poison Spread","ats:Powerful Strike","ats:Beaten Up+1"],"picked":"SKIP","floor":36},{"not_picked":["ats:Support Order+1","ats:Hook Shot","ats:Soul Absorption","ats:Ignite+1","ats:Cat Scratch+1"],"picked":"SKIP","floor":38},{"not_picked":["ats:Ignite","ats:Curse Doll+1","ats:Leaping Hammer+1","ats:Spore Proliferation","ats:Closed Bolt Burst Fire"],"picked":"SKIP","floor":40},{"not_picked":["ats:Explosion Area Strengthen+1","ats:Childhood Dance+1","ats:Apocalypse","ats:Blood Oath+1","ats:Poison Spread+1"],"picked":"SKIP","floor":41},{"not_picked":["ats:Hammer On+1","ats:Ambush","ats:Consecutive Shot Auto","ats:Ignite","ats:Collapsing Strike+1"],"picked":"SKIP","floor":42},{"not_picked":["ats:Spore Proliferation+1","ats:Childhood Dance+1","ats:Apocalypse","ats:LN2 Cannon","ats:Flexible Camouflage"],"picked":"SKIP","floor":44},{"not_picked":["ats:Cat Scratch+1","ats:Blood Oath","ats:Shadow Raid","ats:Explosion Area Strengthen","ats:Consecutive Shot Auto"],"picked":"SKIP","floor":45},{"not_picked":["testmod-TreasureHunter","testmod-Mystery","testmod-SubstituteBySubterfuge","Transmutation"],"picked":"MostiFishMod:ButterFly","floor":46},{"not_picked":["ats:Apocalypse","ats:Assault Order+1","ats:Automatic Cover","ats:Poison Spread+1"],"picked":"ats:Thorns+1","floor":55}],"player_experience":89200,"relics_obtained":[{"floor":1,"key":"SynthV:TestCard"},{"floor":7,"key":"ats:Originium"},{"floor":9,"key":"Centennial Puzzle"},{"floor":14,"key":"ats:Originium"},{"floor":14,"key":"PageOfPorccubus"},{"floor":25,"key":"ats:Originium"},{"floor":25,"key":"Mummified Hand"},{"floor":26,"key":"Nunchaku"},{"floor":27,"key":"ats:Military Tradition"},{"floor":44,"key":"Regal Pillow"},{"floor":55,"key":"PageOfWrath"}],"event_choices":[{"damage_healed":0,"gold_gain":0,"player_choice":"Gave Potion","damage_taken":0,"relics_obtained":["Boot"],"max_hp_gain":0,"max_hp_loss":0,"event_name":"WeMeetAgain","floor":2,"gold_loss":0},{"damage_healed":0,"gold_gain":0,"player_choice":"Success","damage_taken":7,"relics_obtained":["testmod-ConstraintPeriapt"],"max_hp_gain":0,"max_hp_loss":0,"event_name":"Scrap Ooze","floor":11,"gold_loss":0},{"damage_healed":0,"gold_gain":0,"player_choice":"Bought 0 Potions","damage_taken":0,"max_hp_gain":0,"max_hp_loss":0,"event_name":"The Woman in Blue","floor":24,"gold_loss":0},{"damage_healed":0,"gold_gain":0,"player_choice":"Memory 3","damage_taken":10,"max_hp_gain":0,"max_hp_loss":0,"event_name":"SensoryStone","floor":46,"gold_loss":0},{"cards_removed":["ats:Revitalization"],"damage_healed":0,"gold_gain":0,"player_choice":"Removed Skill","damage_taken":0,"max_hp_gain":0,"max_hp_loss":0,"event_name":"Falling","floor":47,"gold_loss":0}],"is_beta":false,"boss_relics":[{"not_picked":["testmod-DreamHouse","FixedStarFall"],"picked":"Astrolabe"},{"not_picked":["SlaversCollar","TakeMeEscape"],"picked":"Tiny House"}],"items_purged_floors":[10,28,37,48],"is_endless":false,"potions_floor_spawned":[1,7,16,22,25,27,31,35,36,38,45],"ascension_level":0}}