{"host":"359hz4210ybch7ku","time":1609444323,"event":{"mods":["BaseMod","Block Reminder","Colored Map","Colored Powertips","Highlight Path","Minty Spire (QoL Compilation)","Slay the Relics Exporter","StSLib"],"gold_per_floor":[111,121,136,155,105,138,138,168,191,203,203,216,67,142,142,245,245,260,277,103,115,31,59,59,91,162,180,180,180],"floor_reached":28,"playtime":2179,"items_purged":["Strike_P"],"score":295,"play_id":"fba44bfc-b484-4385-8442-4f48ca34ee26","local_time":"20201231115203","is_ascension_mode":false,"campfire_choices":[{"data":"Eruption","floor":7,"key":"SMITH"},{"data":"ClearTheMind","floor":11,"key":"SMITH"},{"floor":15,"key":"REST"},{"data":"BattleHymn","floor":24,"key":"SMITH"}],"circlet_count":0,"master_deck":["Strike_P","Strike_P","Defend_P","Defend_P","Eruption+1","Vigilance","FlurryOfBlows","Crescendo","FollowUp","FlurryOfBlows","Prostrate","FlyingSleeves","ClearTheMind+1","FollowUp","MentalFortress","Judgement","InnerPeace","BowlingBash","Chrysalis","ReachHeaven","BattleHymn+1","EmptyFist","Meditate+1","Protect"],"relics":["HolyWater","Regal Pillow","Lantern","Nunchaku","Potion Belt","Sundial","InkBottle"],"acts_visited":["Exordium","TheCity"],"potions_floor_usage":[6,16,21,21,23,25,28,28],"damage_taken":[{"damage":0,"enemies":"Cultist","floor":1,"turns":2},{"damage":0,"enemies":"2 Louse","floor":2,"turns":3},{"damage":0,"enemies":"Small Slimes","floor":3,"turns":2},{"damage":7,"enemies":"Blue Slaver","floor":4,"turns":2},{"damage":9,"enemies":"3 Sentries","floor":6,"turns":5},{"damage":3,"enemies":"Gremlin Nob","floor":8,"turns":3},{"damage":8,"enemies":"Exordium Wildlife","floor":10,"turns":3},{"damage":0,"enemies":"Red Slaver","floor":12,"turns":1},{"damage":64,"enemies":"The Guardian","floor":16,"turns":7},{"damage":6,"enemies":"Spheric Guardian","floor":18,"turns":3},{"damage":0,"enemies":"3 Byrds","floor":19,"turns":3},{"damage":27,"enemies":"Snecko","floor":21,"turns":4},{"damage":0,"enemies":"Gremlin Leader","floor":23,"turns":4},{"damage":30,"enemies":"Slavers","floor":25,"turns":3},{"damage":6,"enemies":"3 Cultists","floor":27,"turns":3},{"damage":4,"enemies":"Book of Stabbing","floor":28,"turns":1}],"seed_played":"-4102086695637682579","potions_obtained":[{"floor":2,"key":"Energy Potion"},{"floor":3,"key":"SkillPotion"},{"floor":4,"key":"BlessingOfTheForge"},{"floor":10,"key":"FairyPotion"},{"floor":16,"key":"Swift Potion"},{"floor":21,"key":"Swift Potion"},{"floor":23,"key":"ColorlessPotion"},{"floor":27,"key":"BlessingOfTheForge"}],"is_trial":false,"path_per_floor":["M","M","M","M","?","E","R","E","T","M","R","M","$","?","R","B",null,"M","M","$","M","$","E","R","E","T","M","E"],"character_chosen":"WATCHER","items_purchased":["MentalFortress","Chrysalis","BattleHymn","AttackPotion"],"campfire_rested":1,"item_purchase_floors":[13,20,22,22],"current_hp_per_floor":[51,51,51,44,44,35,35,32,32,24,24,24,24,13,49,6,72,66,66,66,39,39,39,39,9,9,3,0,0],"gold":180,"neow_bonus":"REMOVE_TWO","is_daily":false,"chose_seed":false,"campfire_upgraded":3,"win_rate":0.0,"timestamp":1609444323,"path_taken":["M","?","M","M","?","E","R","E","T","M","R","M","$","?","R","BOSS","M","M","$","M","$","E","R","E","T","M","E"],"items_purchased_type":["Card","Card","Card","Potion"],"build_version":"2020-12-22","purchased_purges":1,"victory":false,"max_hp_per_floor":[72,72,72,72,72,72,72,72,72,72,72,72,72,72,72,72,72,72,72,72,72,72,72,72,72,72,72,72,72],"card_choices":[{"not_picked":["Protect","EmptyFist"],"picked":"FlurryOfBlows","floor":1},{"not_picked":["SashWhip","Consecrate"],"picked":"Crescendo","floor":2},{"not_picked":["FlyingSleeves","ClearTheMind"],"picked":"FollowUp","floor":3},{"not_picked":["Halt","SashWhip"],"picked":"FlurryOfBlows","floor":4},{"not_picked":["Pray","ClearTheMind"],"picked":"Prostrate","floor":6},{"not_picked":["WreathOfFlame","Worship"],"picked":"FlyingSleeves","floor":8},{"not_picked":["Devotion","Wallop"],"picked":"ClearTheMind","floor":10},{"not_picked":["ClearTheMind","Evaluate"],"picked":"FollowUp","floor":12},{"not_picked":["Devotion","Blasphemy"],"picked":"Judgement","floor":16},{"not_picked":["ClearTheMind","Protect+1"],"picked":"InnerPeace","floor":18},{"not_picked":["ThirdEye","Halt"],"picked":"BowlingBash","floor":19},{"not_picked":["Tantrum","SashWhip+1"],"picked":"ReachHeaven","floor":21},{"not_picked":["Conclude","TalkToTheHand"],"picked":"EmptyFist","floor":23},{"not_picked":["Halt","CrushJoints"],"picked":"Meditate+1","floor":25},{"not_picked":["Meditate","Evaluate"],"picked":"Protect","floor":27}],"player_experience":96744,"relics_obtained":[{"floor":6,"key":"Regal Pillow"},{"floor":8,"key":"Lantern"},{"floor":9,"key":"Nunchaku"},{"floor":23,"key":"Potion Belt"},{"floor":25,"key":"Sundial"},{"floor":26,"key":"InkBottle"}],"event_choices":[{"cards_removed":["Defend_P"],"damage_healed":0,"gold_gain":0,"player_choice":"Card Removal","damage_taken":0,"max_hp_gain":0,"max_hp_loss":0,"event_name":"The Cleric","floor":5,"gold_loss":50},{"damage_healed":0,"gold_gain":75,"player_choice":"Gather Gold","damage_taken":11,"max_hp_gain":0,"max_hp_loss":0,"event_name":"World of Goop","floor":14,"gold_loss":0}],"is_beta":false,"boss_relics":[{"not_picked":["Ectoplasm","Empty Cage"],"picked":"HolyWater"}],"items_purged_floors":[13],"is_endless":false,"potions_floor_spawned":[2,3,4,10,16,21,23,27],"killed_by":"Book of Stabbing","ascension_level":0}}