{"host":"mqhvlr3kpxebko0t","time":1609426546,"event":{"mods":["AchievementEnabler","BaseMod","Colored Map","Colored Powertips","KOR Keyword Fix","Keyboard Shortcuts","Minty Spire (QoL Compilation)","StSLib","SuperFastMode"],"gold_per_floor":[114,114,114,114,129,167,167,187,187,208,208,233,253,7,7,97,97,122,122,122,84,84,117,117,133,187,200,234,234,234,234],"floor_reached":30,"playtime":470,"items_purged":["Bash"],"score":586,"play_id":"36dc58cc-bd05-4390-a482-9f5184af62b3","local_time":"20201231235546","is_ascension_mode":true,"campfire_choices":[{"data":"Fire Breathing","floor":7.0,"key":"SMITH"},{"data":"Pommel Strike","floor":11.0,"key":"SMITH"},{"data":"Evolve","floor":15.0,"key":"SMITH"},{"floor":24.0,"key":"REST"}],"circlet_count":0,"master_deck":["AscendersBane","Wild Strike","Fire Breathing+1","Pommel Strike+1","Carnage","Second Wind","Evolve+1","Juggernaut","Warcry","Pommel Strike","Offering","Disarm","Feel No Pain","Impervious","Blood for Blood","Dual Wield","Body Slam","Feed"],"relics":["Burning Blood","NeowsBlessing","Bloody Idol","Pear","Gremlin Horn","Membership Card","Pandora\u0027s Box","Dream Catcher","Centennial Puzzle","Omamori"],"acts_visited":["Exordium","TheCity"],"potions_floor_usage":[],"damage_taken":[{"damage":0.0,"enemies":"Jaw Worm","floor":1.0,"turns":1.0},{"damage":0.0,"enemies":"2 Louse","floor":5.0,"turns":1.0},{"damage":0.0,"enemies":"3 Sentries","floor":6.0,"turns":2.0},{"damage":14.0,"enemies":"Small Slimes","floor":8.0,"turns":4.0},{"damage":7.0,"enemies":"Exordium Thugs","floor":10.0,"turns":4.0},{"damage":6.0,"enemies":"2 Fungi Beasts","floor":12.0,"turns":4.0},{"damage":7.0,"enemies":"3 Louse","floor":13.0,"turns":2.0},{"damage":38.0,"enemies":"Slime Boss","floor":16.0,"turns":6.0},{"damage":34.0,"enemies":"Spheric Guardian","floor":18.0,"turns":6.0},{"damage":36.0,"enemies":"Gremlin Leader","floor":23.0,"turns":5.0},{"damage":26.0,"enemies":"Shell Parasite","floor":25.0,"turns":5.0},{"damage":8.0,"enemies":"Chosen and Byrds","floor":27.0,"turns":4.0},{"damage":31.0,"enemies":"Slavers","floor":28.0,"turns":3.0},{"damage":31,"enemies":"Shelled Parasite and Fungi","floor":30,"turns":3}],"seed_played":"30501988430945622","potions_obtained":[{"floor":1.0,"key":"Energy Potion"},{"floor":4.0,"key":"Fruit Juice"},{"floor":4.0,"key":"DuplicationPotion"}],"is_trial":false,"path_per_floor":["M","?","?","?","M","E","R","M","T","M","R","M","M","$","R","B",null,"M","?","?","$","?","E","R","M","T","M","E","?","M"],"character_chosen":"IRONCLAD","items_purchased":["Membership Card","Second Wind","Evolve"],"campfire_rested":1,"item_purchase_floors":[14,14,14],"current_hp_per_floor":[74,48,48,53,59,75,75,67,67,66,66,66,65,65,65,33,76,48,48,48,48,48,23,50,35,40,43,23,23,0,0],"gold":234,"neow_bonus":"THREE_ENEMY_KILL","is_daily":false,"chose_seed":false,"campfire_upgraded":3,"win_rate":0.0,"timestamp":1609426546,"path_taken":["M","?","?","?","M","E","R","M","T","M","R","M","?","$","R","BOSS","M","?","?","$","?","E","R","M","T","?","E","?","M"],"items_purchased_type":["Relic","Card","Card"],"build_version":"2020-12-22","purchased_purges":1,"victory":false,"max_hp_per_floor":[75,75,75,80,80,90,90,90,90,90,90,90,90,90,90,90,90,90,90,90,90,90,90,90,90,90,90,90,90,90,90],"card_choices":[{"not_picked":["Power Through","Armaments"],"picked":"Wild Strike","floor":1.0},{"not_picked":["Flex","Anger","Spot Weakness"],"picked":"SKIP","floor":5.0},{"not_picked":["Burning Pact","Corruption"],"picked":"Fire Breathing","floor":6.0},{"not_picked":["True Grit","Spot Weakness"],"picked":"Pommel Strike","floor":8.0},{"not_picked":["Twin Strike","Spot Weakness","Heavy Blade"],"picked":"SKIP","floor":10.0},{"not_picked":["Perfected Strike","Clash"],"picked":"Carnage","floor":12.0},{"not_picked":["Twin Strike","Headbutt","Pummel"],"picked":"SKIP","floor":13.0},{"not_picked":["Exhume","Fiend Fire"],"picked":"Juggernaut","floor":16.0},{"not_picked":["Infernal Blade","Blood for Blood","Sword Boomerang"],"picked":"SKIP","floor":18.0},{"not_picked":["Havoc","Twin Strike","Armaments"],"picked":"SKIP","floor":23.0},{"not_picked":["Anger","Wild Strike","Intimidate+1"],"picked":"SKIP","floor":25.0},{"not_picked":["Clash","Havoc","Cleave"],"picked":"SKIP","floor":27.0},{"not_picked":["Clash","Berserk"],"picked":"Body Slam","floor":28.0}],"player_experience":687093,"relics_obtained":[{"floor":6.0,"key":"Pear"},{"floor":9.0,"key":"Gremlin Horn"},{"floor":23.0,"key":"Dream Catcher"},{"floor":26.0,"key":"Centennial Puzzle"},{"floor":28.0,"key":"Omamori"}],"event_choices":[{"damage_healed":0.0,"max_hp_gain":0.0,"max_hp_loss":0.0,"gold_gain":0.0,"event_name":"Golden Idol","player_choice":"Take Damage","floor":2.0,"gold_loss":0.0,"damage_taken":26.0,"relics_obtained":["Golden Idol"]},{"damage_healed":0.0,"max_hp_gain":0.0,"max_hp_loss":0.0,"gold_gain":0.0,"event_name":"Liars Game","player_choice":"Ignored","floor":3.0,"gold_loss":0.0,"damage_taken":0.0},{"damage_healed":0.0,"max_hp_gain":0.0,"max_hp_loss":0.0,"gold_gain":0.0,"event_name":"Lab","player_choice":"Got Potions","floor":4.0,"gold_loss":0.0,"damage_taken":0.0},{"damage_healed":0.0,"max_hp_gain":0.0,"max_hp_loss":0.0,"gold_gain":0.0,"event_name":"Ghosts","player_choice":"Ignored","floor":19.0,"gold_loss":0.0,"damage_taken":0.0},{"damage_healed":0.0,"max_hp_gain":0.0,"max_hp_loss":0.0,"gold_gain":0.0,"event_name":"Vampires","player_choice":"Ignored","floor":20.0,"gold_loss":0.0,"damage_taken":0.0},{"damage_healed":0.0,"max_hp_gain":0.0,"max_hp_loss":0.0,"gold_gain":0.0,"event_name":"Forgotten Altar","player_choice":"Gave Idol","floor":22.0,"relics_lost":["Golden Idol"],"gold_loss":0.0,"damage_taken":0.0,"relics_obtained":["Bloody Idol"]},{"damage_healed":0.0,"max_hp_gain":0.0,"max_hp_loss":0.0,"gold_gain":0.0,"cards_transformed":["Evolve"],"event_name":"Transmorgrifier","player_choice":"Transformed","floor":29.0,"gold_loss":0.0,"damage_taken":0.0,"cards_obtained":["Feed"]}],"is_beta":false,"boss_relics":[{"not_picked":["SacredBark","Runic Pyramid"],"picked":"Pandora\u0027s Box"}],"items_purged_floors":[21],"is_endless":false,"potions_floor_spawned":[1,6,10],"killed_by":"Shelled Parasite and Fungi","ascension_level":20}}