{"host":"qgrlfjrqk9z96gfi","time":1609454221,"event":{"mods":["BaseMod","Block Reminder","Colored Map","DeckTracker","Minty Spire (QoL Compilation)"],"gold_per_floor":[110,110,128,128,148,148,173,173,244,259,259,288,304,327,327,398,398,416,434,434,434,459,459,473,473,473,24,24,24,59,70,70,147,147,157,157,170,120,120,148,148,166,166,166,179,179,179],"floor_reached":46,"playtime":1423,"items_purged":["Decay","Strike_G"],"score":977,"play_id":"bb2bb4da-e27e-48f9-8639-092c511f2dc9","local_time":"20201231123701","is_ascension_mode":true,"campfire_choices":[{"data":"Corpse Explosion","floor":6,"key":"SMITH"},{"data":"1","floor":8,"key":"LIFT"},{"floor":11,"key":"REST"},{"floor":15,"key":"REST"},{"floor":23,"key":"REST"},{"data":"2","floor":25,"key":"LIFT"},{"floor":28,"key":"REST"},{"data":"Wraith Form v2","floor":32,"key":"SMITH"},{"floor":41,"key":"REST"},{"floor":44,"key":"REST"}],"circlet_count":0,"master_deck":["AscendersBane","Strike_G","Strike_G","Strike_G","Defend_G+1","Defend_G","Defend_G","Defend_G","Defend_G","Survivor+1","Neutralize","Corpse Explosion+1","Dagger Spray","Noxious Fumes","Leg Sweep","Well Laid Plans","Wraith Form v2+1","Deadly Poison+1","Crippling Poison","Die Die Die","Calculated Gamble","Malaise"],"relics":["Ring of the Snake","Smiling Mask","Girya","Pear","Tiny Chest","Toy Ornithopter","Runic Pyramid","Nunchaku","Ice Cream","Happy Flower","Oddly Smooth Stone","Strawberry","Busted Crown","Bottled Flame","Snake Skull","War Paint"],"acts_visited":["Exordium","TheCity","TheBeyond"],"potions_floor_usage":[16,33,33,46],"damage_taken":[{"damage":2,"enemies":"Jaw Worm","floor":1,"turns":6},{"damage":18,"enemies":"Cultist","floor":3,"turns":6},{"damage":2,"enemies":"Small Slimes","floor":5,"turns":4},{"damage":21,"enemies":"Gremlin Nob","floor":7,"turns":4},{"damage":1,"enemies":"Exordium Thugs","floor":10,"turns":4},{"damage":12,"enemies":"3 Sentries","floor":12,"turns":3},{"damage":20,"enemies":"Exordium Wildlife","floor":13,"turns":2},{"damage":42,"enemies":"Slime Boss","floor":16,"turns":8},{"damage":17,"enemies":"Spheric Guardian","floor":18,"turns":6},{"damage":23,"enemies":"2 Thieves","floor":19,"turns":3},{"damage":17,"enemies":"Snake Plant","floor":24,"turns":6},{"damage":9,"enemies":"Gremlin Leader","floor":30,"turns":6},{"damage":4,"enemies":"Sentry and Sphere","floor":31,"turns":4},{"damage":22,"enemies":"Champ","floor":33,"turns":14},{"damage":14,"enemies":"3 Darklings","floor":35,"turns":3},{"damage":4,"enemies":"Orb Walker","floor":37,"turns":5},{"damage":42,"enemies":"Nemesis","floor":40,"turns":13},{"damage":16,"enemies":"Maw","floor":42,"turns":8},{"damage":0,"enemies":"Sphere and 2 Shapes","floor":45,"turns":5},{"damage":56,"enemies":"Reptomancer","floor":46,"turns":8}],"seed_played":"-4861559391906337105","potions_obtained":[{"floor":7,"key":"SmokeBomb"},{"floor":12,"key":"Fire Potion"},{"floor":16,"key":"Energy Potion"},{"floor":30,"key":"CunningPotion"},{"floor":33,"key":"ColorlessPotion"},{"floor":35,"key":"Weak Potion"}],"is_trial":false,"path_per_floor":["M","?","M","?","M","R","E","R","T","M","R","E","M","T","R","B",null,"M","M","?","?","T","R","M","R","T","$","R","?","E","M","R","B",null,"M","?","M","$","T","E","R","M","T","R","M","E"],"character_chosen":"THE_SILENT","items_purchased":["Happy Flower","Oddly Smooth Stone","Die Die Die"],"campfire_rested":6,"item_purchase_floors":[27,27,27],"current_hp_per_floor":[57,62,44,44,42,42,21,21,31,30,54,42,22,22,46,9,63,46,23,23,23,23,47,30,30,30,30,54,54,52,48,48,36,75,61,61,57,57,57,15,41,25,25,51,51,0,0],"gold":179,"neow_bonus":"THREE_RARE_CARDS","is_daily":false,"chose_seed":false,"campfire_upgraded":2,"win_rate":0.0,"timestamp":1609454221,"path_taken":["M","?","M","?","?","R","E","R","T","M","R","E","M","?","R","BOSS","M","M","?","?","?","R","?","R","T","$","R","?","E","M","R","BOSS","M","?","M","$","?","E","R","M","T","R","M","E"],"items_purchased_type":["Relic","Relic","Card"],"build_version":"2020-12-22","purchased_purges":2,"victory":false,"max_hp_per_floor":[66,71,71,71,71,71,71,71,81,81,81,81,81,81,81,81,81,81,81,81,81,81,81,81,81,81,81,81,81,88,88,88,88,88,88,88,88,88,88,88,88,88,88,88,88,88,88],"card_choices":[{"not_picked":["Wraith Form v2","A Thousand Cuts"],"picked":"Corpse Explosion","floor":0},{"not_picked":["Prepared","Blur","Dodge and Roll"],"picked":"SKIP","floor":1},{"not_picked":["Underhanded Strike","Acrobatics","Blur"],"picked":"SKIP","floor":3},{"not_picked":["Deflect","Well Laid Plans"],"picked":"Dagger Spray","floor":5},{"not_picked":["Masterful Stab","Blur","Dagger Spray"],"picked":"SKIP","floor":7},{"not_picked":["Bane","Catalyst"],"picked":"Noxious Fumes","floor":10},{"not_picked":["Setup","Flechettes"],"picked":"Leg Sweep","floor":12},{"not_picked":["Infinite Blades","Concentrate"],"picked":"Well Laid Plans","floor":13},{"not_picked":["Glass Knife","Venomology"],"picked":"Wraith Form v2","floor":16},{"not_picked":["PiercingWail","Catalyst"],"picked":"Deadly Poison+1","floor":18},{"not_picked":["PiercingWail+1","Blur"],"picked":"Crippling Poison","floor":19},{"not_picked":["Slice","Cloak And Dagger","Distraction"],"picked":"SKIP","floor":24},{"not_picked":["Dash","Outmaneuver"],"picked":"Calculated Gamble","floor":30},{"not_picked":["Tactician","Dagger Spray","Reflex"],"picked":"SKIP","floor":31},{"not_picked":["Die Die Die","Wraith Form v2"],"picked":"Malaise","floor":33},{"not_picked":["Dagger Throw"],"picked":"SKIP","floor":35},{"not_picked":["Dagger Spray"],"picked":"SKIP","floor":37},{"not_picked":["Underhanded Strike"],"picked":"SKIP","floor":40},{"not_picked":["Distraction"],"picked":"SKIP","floor":42},{"not_picked":["Dagger Spray"],"picked":"SKIP","floor":45}],"player_experience":948768,"relics_obtained":[{"floor":4,"key":"Smiling Mask"},{"floor":7,"key":"Girya"},{"floor":9,"key":"Pear"},{"floor":12,"key":"Tiny Chest"},{"floor":14,"key":"Toy Ornithopter"},{"floor":22,"key":"Nunchaku"},{"floor":26,"key":"Ice Cream"},{"floor":30,"key":"Strawberry"},{"floor":39,"key":"Bottled Flame"},{"floor":40,"key":"Snake Skull"},{"floor":43,"key":"War Paint"}],"event_choices":[{"damage_healed":0,"gold_gain":0,"player_choice":"Donut","damage_taken":0,"max_hp_gain":5,"max_hp_loss":0,"event_name":"Big Fish","floor":2,"gold_loss":0},{"damage_healed":0,"gold_gain":0,"player_choice":"Relic","damage_taken":0,"max_hp_gain":0,"max_hp_loss":0,"event_name":"Wheel of Change","floor":4,"gold_loss":0},{"damage_healed":0,"gold_gain":0,"player_choice":"Ignored","damage_taken":0,"max_hp_gain":0,"max_hp_loss":0,"event_name":"Cursed Tome","floor":20,"gold_loss":0},{"damage_healed":0,"gold_gain":0,"player_choice":"Cursed","damage_taken":0,"max_hp_gain":0,"max_hp_loss":0,"event_name":"Wheel of Change","floor":21,"gold_loss":0,"cards_obtained":["Decay"]},{"cards_removed":["Writhe"],"damage_healed":0,"gold_gain":0,"player_choice":"Purged","damage_taken":0,"max_hp_gain":0,"max_hp_loss":0,"event_name":"Purifier","floor":29,"gold_loss":0},{"cards_removed":["Strike_G"],"damage_healed":0,"gold_gain":0,"player_choice":"Offered Basic","damage_taken":0,"max_hp_gain":0,"max_hp_loss":0,"event_name":"Bonfire Elementals","floor":36,"gold_loss":0}],"is_beta":false,"boss_relics":[{"not_picked":["WristBlade","HoveringKite"],"picked":"Runic Pyramid"},{"not_picked":["Pandora\u0027s Box","Fusion Hammer"],"picked":"Busted Crown"}],"items_purged_floors":[27,38],"is_endless":false,"potions_floor_spawned":[7,12,16,18,30,31,33,35,42],"killed_by":"Reptomancer","ascension_level":20}}