{"host":"foq4mrde4mssg7vt","time":1609435410,"event":{"mods":["AchievementEnabler","BaseMod","Colored Map","Colored Powertips","Highlight Path","Minty Spire (QoL Compilation)","Relic Stats","everything is the same but u backflip on backflip"],"gold_per_floor":[115,15,33,48,48,74,74,85,111,123,170,182,224,250,262,349,361,412,424,138,182,92,92,92],"floor_reached":23,"playtime":773,"items_purged":["Strike_P"],"score":397,"play_id":"4b189595-9b57-4f62-96c2-880917f99256","local_time":"20210101012330","is_ascension_mode":true,"campfire_choices":[{"floor":7.0,"key":"REST"},{"data":"TalkToTheHand","floor":10.0,"key":"SMITH"},{"floor":12.0,"key":"REST"},{"floor":15.0,"key":"REST"}],"circlet_count":0,"master_deck":["AscendersBane","Strike_P","Strike_P","Strike_P","Defend_P","Defend_P","Defend_P","Defend_P","Eruption","Vigilance","SandsOfTime","TalkToTheHand+1","BowlingBash","Wireheading","MentalFortress","EmptyFist","Wish","TalkToTheHand+1","FlurryOfBlows","Adaptation","FearNoEvil"],"relics":["VioletLotus","Damaru","Akabeko","MawBank","Incense Burner","Ornamental Fan","Philosopher\u0027s Stone","Bag of Preparation"],"acts_visited":["Exordium","TheCity"],"potions_floor_usage":[23],"damage_taken":[{"damage":6.0,"enemies":"Small Slimes","floor":1.0,"turns":5.0},{"damage":2.0,"enemies":"2 Louse","floor":3.0,"turns":3.0},{"damage":0.0,"enemies":"Cultist","floor":4.0,"turns":3.0},{"damage":12.0,"enemies":"Gremlin Nob","floor":6.0,"turns":3.0},{"damage":12.0,"enemies":"Red Slaver","floor":8.0,"turns":5.0},{"damage":15.0,"enemies":"3 Sentries","floor":11.0,"turns":6.0},{"damage":20.0,"enemies":"Gremlin Nob","floor":13.0,"turns":4.0},{"damage":0.0,"enemies":"Blue Slaver","floor":14.0,"turns":3.0},{"damage":13.0,"enemies":"The Guardian","floor":16.0,"turns":10.0},{"damage":20.0,"enemies":"2 Thieves","floor":18.0,"turns":5.0},{"damage":22,"enemies":"Spheric Guardian","floor":21,"turns":4},{"damage":28,"enemies":"Gremlin Leader","floor":23,"turns":3}],"seed_played":"-4774419262384653263","potions_obtained":[{"floor":1.0,"key":"SteroidPotion"},{"floor":8.0,"key":"EssenceOfSteel"},{"floor":16.0,"key":"Regen Potion"}],"is_trial":false,"path_per_floor":["M","$","M","M","?","E","R","M","T","R","E","R","E","M","R","B",null,"M","?","$","M","$","E"],"character_chosen":"WATCHER","items_purchased":["TalkToTheHand","BowlingBash","FlurryOfBlows","Bag of Preparation","FearNoEvil"],"campfire_rested":3,"item_purchase_floors":[2,2,20,20,22],"current_hp_per_floor":[55,55,53,53,35,23,43,31,31,31,16,36,16,16,36,23,57,37,37,37,15,15,0,0],"gold":92,"neow_bonus":"BOSS_RELIC","is_daily":false,"chose_seed":false,"campfire_upgraded":1,"win_rate":0.0,"timestamp":1609435410,"path_taken":["M","$","M","M","?","E","R","M","T","R","E","R","E","M","R","BOSS","M","?","$","?","?","E"],"items_purchased_type":["Card","Card","Card","Relic","Card"],"build_version":"2020-12-22","purchased_purges":1,"victory":false,"max_hp_per_floor":[68,68,68,68,68,68,68,68,68,68,68,68,68,68,68,68,68,68,68,68,68,68,68,68],"relic_stats":{"counters":[12,54],"Ornamental Fan":[32],"VioletLotus":[11],"Bag of Preparation":[4],"MawBank":132,"obtain_stats":[{"Ornamental Fan":13,"Damaru":5,"Philosopher\u0027s Stone":17,"VioletLotus":0,"Incense Burner":11,"Bag of Preparation":20,"PureWater":0,"MawBank":9,"Akabeko":6},{"Ornamental Fan":7,"Damaru":3,"Philosopher\u0027s Stone":9,"VioletLotus":0,"Incense Burner":6,"Bag of Preparation":10,"PureWater":0,"MawBank":5,"Akabeko":4},{"Ornamental Fan":29,"Damaru":11,"Philosopher\u0027s Stone":42,"VioletLotus":0,"Incense Burner":25,"Bag of Preparation":47,"PureWater":0,"MawBank":19,"Akabeko":14}]},"card_choices":[{"not_picked":["DeceiveReality","ClearTheMind"],"picked":"SandsOfTime","floor":1.0},{"not_picked":["SashWhip","FollowUp"],"picked":"Wireheading","floor":3.0},{"not_picked":["Halt","FlyingSleeves","SandsOfTime"],"picked":"SKIP","floor":4.0},{"not_picked":["SashWhip","CutThroughFate"],"picked":"MentalFortress","floor":6.0},{"not_picked":["Halt","Protect"],"picked":"EmptyFist","floor":8.0},{"not_picked":["Conclude","Pray","InnerPeace"],"picked":"SKIP","floor":11.0},{"not_picked":["Alpha","Vengeance","Evaluate"],"picked":"SKIP","floor":13.0},{"not_picked":["BowlingBash","SandsOfTime","JustLucky"],"picked":"SKIP","floor":14.0},{"not_picked":["Vault","DevaForm"],"picked":"Wish","floor":16.0},{"not_picked":["Protect","Crescendo"],"picked":"TalkToTheHand","floor":18.0},{"not_picked":["JustLucky","Prostrate"],"picked":"Adaptation","floor":21}],"player_experience":345582,"relics_obtained":[{"floor":6.0,"key":"Akabeko"},{"floor":9.0,"key":"MawBank"},{"floor":11.0,"key":"Incense Burner"},{"floor":13.0,"key":"Ornamental Fan"}],"event_choices":[{"damage_healed":0.0,"max_hp_gain":0.0,"max_hp_loss":0.0,"gold_gain":0.0,"event_name":"Scrap Ooze","player_choice":"Success","floor":5.0,"gold_loss":0.0,"damage_taken":18.0,"relics_obtained":["Damaru"]},{"damage_healed":0.0,"max_hp_gain":0.0,"max_hp_loss":0.0,"gold_gain":0.0,"event_name":"Upgrade Shrine","player_choice":"Upgraded","floor":19.0,"gold_loss":0.0,"damage_taken":0.0,"cards_upgraded":["TalkToTheHand"]}],"is_beta":false,"boss_relics":[{"not_picked":["Black Star","Empty Cage"],"picked":"Philosopher\u0027s Stone"}],"items_purged_floors":[20],"is_endless":false,"potions_floor_spawned":[1,8,11,16,18],"killed_by":"Gremlin Leader","ascension_level":18}}