{"host":"ab3ipg3fqe03b2ex","time":1609455966,"event":{"mods":["AchievementEnabler","BaseMod","BetterRewards","Colored Powertips","HumanHunterMod(怪物杀人mod)","Infinite Spire","Minty Spire (QoL Compilation)","MostiFishMod","Quick Restart","Shop Mod","Spicy Shops","StSLib","SuperFastMode","Uncapped","UnlockEverythingMod","【功能Mod】Neow奖励","【功能Mod】精心准备","【功能Mod】聪明的最终Boss"],"gold_per_floor":[110,122,136,148,161,196,196,196,196,206,217,249,174,206,206,280,280,295,306,319,334,350,350,350,367,367,367,369,394,408,423,423,500,500,512,430,430,448,464,464,464,464,464,490,506,531,544,544,544,618,692,692,689,689],"floor_reached":53,"playtime":7281,"items_purged":["Strike_B","Strike_B","Strike_B","Defend_B","Defend_B","Defend_B","Defend_B","Zap","Dualcast","Strike_B","MostiFishMod:GatherIntelligence","Storm","Hologram+1","FTL+1","Streamline+1","Beam Cell+1","MostiFishMod:ActiveDefenseSystem"],"score":2155,"play_id":"5aa96898-f683-48d1-afa9-fd4b10c052d6","local_time":"20210101070606","is_ascension_mode":true,"campfire_choices":[{"floor":8.0,"key":"DIG"},{"floor":15.0,"key":"DIG"},{"floor":24.0,"key":"DIG"},{"floor":32.0,"key":"DIG"},{"floor":41.0,"key":"DIG"},{"floor":49,"key":"REST"}],"circlet_count":0,"master_deck":["AscendersBane","Storm+1","Storm+1","MostiFishMod:BrokenBlackCloak+1","Thunder Strike+1","MostiFishMod:IntelligentEquipment+1","MostiFishMod:DawningShadow+1","Echo Form+1","MostiFishMod:Overload+1","MostiFishMod:Overload+1","MostiFishMod:SeaWaves+1","Creative AI+1","MostiFishMod:Tomorrow+1","MostiFishMod:ActiveDefenseSystem+1","Capacitor+1","Double Energy+1","Reboot+1","Storm+1","infinitespire:Gouge+1"],"relics":["FrozenCore","DaveBox","Juzu Bracelet","Runic Capacitor","Omamori","Bag of Marbles","ClockworkSouvenir","Pen Nib","Bag of Preparation","Chemical X","Blue Candle","Happy Flower","MetatronsCube","Mummified Hand","BrkXgEgg","DianPoetry","Dodecahedron","Lantern","Civilization","Medical Kit","Toxic Egg 2","Gremlin Horn","Emotion Chip","Membership Card","Frozen Egg 2","MerchantsRug","Ancient Tea Set","ImprovedEquipment","Unceasing Top","Frozen Eye","Molten Egg 2","Bottled Lightning","Shovel","Ice Cream","Symbiotic Virus","Turnip","Ginger","DaCapo","ThornShield","BionicSphere","SynthV:TestCard","Bronze Scales","RhineSuit","infinitespire:Midas Blood","Pear","Anchor","Akabeko","infinitespire:Beetle Shell","Pocketwatch","infinitespire:SolderingIron","MutagenicStrength","Blood Vial","DataDisk","TimeKeys","Vajra","Dream Catcher","Orichalcum","infinitespire:Freezer","infinitespire:PuzzleCube","Philosopher\u0027s Stone"],"acts_visited":["Exordium","TheCity","TheBeyond","Exordium"],"potions_floor_usage":[],"damage_taken":[{"damage":0.0,"enemies":"2 Louse","floor":1.0,"turns":2.0},{"damage":0.0,"enemies":"Jaw Worm","floor":2.0,"turns":2.0},{"damage":0.0,"enemies":"Small Slimes","floor":3.0,"turns":2.0},{"damage":0.0,"enemies":"Looter","floor":4.0,"turns":2.0},{"damage":0.0,"enemies":"Large Slime","floor":5.0,"turns":1.0},{"damage":0.0,"enemies":"Gremlin Nob","floor":6.0,"turns":2.0},{"damage":0.0,"enemies":"Blue Slaver","floor":10.0,"turns":2.0},{"damage":0.0,"enemies":"Gremlin Gang","floor":11.0,"turns":2.0},{"damage":0.0,"enemies":"Nightmare","floor":12.0,"turns":1.0},{"damage":0.0,"enemies":"Gremlin Nob","floor":14.0,"turns":2.0},{"damage":0.0,"enemies":"Hexaghost","floor":16.0,"turns":4.0},{"damage":0.0,"enemies":"Shell Parasite","floor":18.0,"turns":2.0},{"damage":0.0,"enemies":"3 Byrds","floor":19.0,"turns":2.0},{"damage":0.0,"enemies":"Centurion and Healer","floor":20.0,"turns":2.0},{"damage":0.0,"enemies":"Snecko","floor":21.0,"turns":2.0},{"damage":0.0,"enemies":"Shelled Parasite and Fungi","floor":22.0,"turns":2.0},{"damage":0.0,"enemies":"Snake Plant","floor":25.0,"turns":4.0},{"damage":0.0,"enemies":"Slavers","floor":29.0,"turns":5.0},{"damage":0.0,"enemies":"Centurion and Healer","floor":30.0,"turns":4.0},{"damage":0.0,"enemies":"Shelled Parasite and Fungi","floor":31.0,"turns":4.0},{"damage":0.0,"enemies":"Collector","floor":33.0,"turns":1.0},{"damage":0.0,"enemies":"3 Darklings","floor":35.0,"turns":4.0},{"damage":0.0,"enemies":"3 Shapes","floor":38.0,"turns":4.0},{"damage":0.0,"enemies":"Maw","floor":39.0,"turns":4.0},{"damage":0.0,"enemies":"Reptomancer","floor":44.0,"turns":7.0},{"damage":0.0,"enemies":"Sphere and 2 Shapes","floor":45.0,"turns":2.0},{"damage":0.0,"enemies":"Giant Head","floor":46.0,"turns":1.0},{"damage":0.0,"enemies":"Spire Growth","floor":47.0,"turns":3.0},{"damage":0,"enemies":"Time Eater","floor":50,"turns":1},{"damage":0,"enemies":"infinitespire:MassOfShapes","floor":51,"turns":1},{"damage":0,"enemies":"Small Slimes","floor":53,"turns":1}],"seed_played":"2979942969020669787","potions_obtained":[{"floor":2.0,"key":"LiquidBronze"},{"floor":3.0,"key":"Strength Potion"},{"floor":5.0,"key":"PotionOfCapacity"},{"floor":12.0,"key":"SteroidPotion"},{"floor":18.0,"key":"FearPotion"},{"floor":19.0,"key":"Explosive Potion"},{"floor":29.0,"key":"Explosive Potion"},{"floor":31.0,"key":"Ancient Potion"},{"floor":39.0,"key":"FairyPotion"}],"is_trial":false,"path_per_floor":["M","M","M","M","M","E","AVR","R","T","M","M","NM","?","E","R","B",null,"M","M","M","M","M","$","R","M","T","?","?","E","M","M","R","B",null,"M","$","?","M","M","?","R","?","T","E","M","E","M","AVR","R","B","B",null,"M"],"character_chosen":"DEFECT","items_purchased":["MostiFishMod:GatherIntelligence","Juzu Bracelet","Runic Capacitor","Omamori","Bag of Marbles","ClockworkSouvenir","Pen Nib","Bag of Preparation","Chemical X","MostiFishMod:ActiveDefenseSystem","Blue Candle","Happy Flower","MetatronsCube","Mummified Hand","Storm","BrkXgEgg","DianPoetry","Dodecahedron","Lantern","Civilization","Medical Kit","Toxic Egg 2","Gremlin Horn","Emotion Chip","Membership Card","Frozen Egg 2","MerchantsRug","Ancient Tea Set","Storm+1","Storm+1","MostiFishMod:BrokenBlackCloak+1","ImprovedEquipment","Unceasing Top","Frozen Eye","Molten Egg 2","Bottled Lightning","Shovel","Ice Cream","Hologram+1","Symbiotic Virus","Thunder Strike+1","Turnip","MostiFishMod:IntelligentEquipment+1","Ginger","MostiFishMod:DawningShadow+1","FTL+1","Beam Cell+1","Streamline+1","DaCapo","ThornShield","TimeFreeze","SentryEyes","SynthV","Echo Form+1","SynthV:C4","Ying","BionicSphere","MostiFishMod:Overload+1","Ball Lightning+1","MostiFishMod:Overload+1","Whetstone","MostiFishMod:SeaWaves+1","Creative AI+1","MostiFishMod:Tomorrow+1","MostiFishMod:ActiveDefenseSystem+1","Vajra"],"campfire_rested":1,"item_purchase_floors":[0,0,0,0,0,0,0,0,0,0,0,0,0,0,0,0,0,0,0,0,0,0,0,0,0,0,0,0,0,0,0,0,0,0,0,0,0,0,0,0,0,0,0,0,0,0,0,0,0,0,0,0,0,0,0,0,0,0,0,0,0,0,0,0,0,36],"current_hp_per_floor":[66,69,74,80,87,95,95,95,105,114,127,141,141,156,156,172,177,194,214,236,259,284,284,284,310,310,310,231,260,293,328,328,363,419,460,460,460,504,549,549,549,534,534,622,713,805,898,898,898,991,1086,1086,1086,1086],"gold":689,"neow_bonus":"","is_daily":false,"chose_seed":false,"campfire_upgraded":0,"win_rate":0.0,"timestamp":1609455966,"path_taken":["M","M","M","M","M","E","AVR","R","T","M","M","NM","?","E","R","BOSS","M","M","M","M","M","$","R","M","T","?","?","E","M","M","R","BOSS","M","$","?","M","M","?","R","?","T","E","M","E","M","AVR","R","BOSS","BOSS","M"],"items_purchased_type":["Card","Relic","Relic","Relic","Relic","Relic","Relic","Relic","Relic","Card","Relic","Relic","Relic","Relic","Card","Relic","Relic","Relic","Relic","Relic","Relic","Relic","Relic","Relic","Relic","Relic","Relic","Relic","Card","Card","Card","Relic","Relic","Relic","Relic","Relic","Relic","Relic","Card","Relic","Card","Relic","Card","Relic","Card","Card","Card","Card","Relic","Relic","Relic","Relic","Relic","Card","Relic","Relic","Relic","Card","Card","Card","Relic","Card","Card","Card","Card","Relic"],"build_version":"2020-12-22","purchased_purges":17,"victory":false,"max_hp_per_floor":[73,76,81,87,94,102,102,102,112,121,134,148,148,163,163,179,179,196,216,238,261,286,286,286,312,312,312,312,341,372,405,405,438,438,477,477,477,519,562,562,562,534,534,622,713,805,898,898,898,991,1086,1086,1086,1086],"card_choices":[{"not_picked":["Beam Cell+1","Aggregate+1","Turbo+1"],"picked":"SKIP","floor":1.0},{"not_picked":["MostiFishMod:Impulse+1","Self Repair+1","Melter+1","Beam Cell+1"],"picked":"Capacitor+1","floor":2.0},{"not_picked":["Streamline+1","Storm+1","White Noise+1","Barrage+1","Conserve Battery+1"],"picked":"SKIP","floor":3.0},{"not_picked":["Turbo+1","Compile Driver+1","Chaos+1","Blizzard+1","Beam Cell+1"],"picked":"SKIP","floor":4.0},{"not_picked":["Recycle+1","Conserve Battery+1","Rebound+1","Ball Lightning+1","Hello World+1"],"picked":"SKIP","floor":5.0},{"not_picked":["BootSequence+1","Tempest+1","Barrage+1","Core Surge+1"],"picked":"Double Energy+1","floor":6.0},{"not_picked":["MostiFishMod:GatherIntelligence+1","Hologram+1","Self Repair+1","Steam+1","Steam Power+1"],"picked":"SKIP","floor":10.0},{"not_picked":["Rebound+1","MostiFishMod:PushDownKick+1","Streamline+1","Gash+1","Beam Cell+1"],"picked":"SKIP","floor":11.0},{"not_picked":["Conserve Battery+1","MostiFishMod:PushDownKick+1","FTL+1","Cold Snap+1","MostiFishMod:Distribution+1"],"picked":"SKIP","floor":12.0},{"not_picked":["Turbo+1","MostiFishMod:Overload+1","Sweeping Beam+1","Go for the Eyes+1","MostiFishMod:FluxCapactior+1"],"picked":"SKIP","floor":14.0},{"not_picked":["Sweeping Beam+1","Gash+1","Defragment+1","Chaos+1","Cold Snap+1"],"picked":"SKIP","floor":18.0},{"not_picked":["MostiFishMod:PushDownKick+1","Fusion+1","Scrape+1","Coolheaded+1","Skim+1"],"picked":"SKIP","floor":19.0},{"not_picked":["Gash+1","Sweeping Beam+1","Reprogram+1","MostiFishMod:GatherIntelligence+1","Streamline+1"],"picked":"SKIP","floor":20.0},{"not_picked":["Defragment+1","Recycle+1","Consume+1","Hologram+1","Cold Snap+1"],"picked":"SKIP","floor":21.0},{"not_picked":["Beam Cell+1","Tempest+1","Leap+1","Loop+1","Steam+1"],"picked":"SKIP","floor":22.0},{"not_picked":["Stack+1","Barrage+1","Doom and Gloom+1","All For One+1","Steam+1"],"picked":"SKIP","floor":25.0},{"not_picked":["infinitespire:Collect","infinitespire:Starlight"],"picked":"infinitespire:SealOfDarkness+","floor":28.0},{"not_picked":["Heatsinks+1","MostiFishMod:PushDownKick+1","Sweeping Beam+1","Force Field+1","Go for the Eyes+1"],"picked":"SKIP","floor":29.0},{"not_picked":["Conserve Battery+1","Fusion+1","Rip and Tear+1","Redo+1","Gash+1"],"picked":"SKIP","floor":30.0},{"not_picked":["MostiFishMod:PushDownKick+1","Melter+1","Sweeping Beam+1","Capacitor+1","FTL+1"],"picked":"SKIP","floor":31.0},{"not_picked":["Thunder Strike+1","Meteor Strike+1","Machine Learning+1","MostiFishMod:TalkingToTheRain+1"],"picked":"Reboot+1","floor":33.0},{"not_picked":["Consume+1","Defragment+1","Genetic Algorithm+1","MostiFishMod:LinkProtocol+1","Stack+1"],"picked":"SKIP","floor":35.0},{"not_picked":["Defragment+1","Genetic Algorithm+1","Hologram+1","Steam Power+1","Blizzard+1"],"picked":"SKIP","floor":38.0},{"not_picked":["Steam+1","Go for the Eyes+1","Coolheaded+1","Streamline+1","Redo+1"],"picked":"SKIP","floor":39.0},{"not_picked":["Turbo+1","Force Field+1","MostiFishMod:Impulse+1","MostiFishMod:PushDownKick+1","Streamline+1"],"picked":"SKIP","floor":44.0},{"not_picked":["Rebound+1","MostiFishMod:LinkProtocol+1","Reinforced Body+1","MostiFishMod:PushDownKick+1","Chill+1"],"picked":"SKIP","floor":45.0},{"not_picked":["Double Energy+1","MostiFishMod:ActiveDefenseSystem+1","Steam Power+1","Ball Lightning+1","Conserve Battery+1"],"picked":"SKIP","floor":46.0},{"not_picked":["Double Energy+1","MostiFishMod:ActiveDefenseSystem+1","Steam Power+1","Ball Lightning+1","Conserve Battery+1"],"picked":"SKIP","floor":46.0},{"not_picked":["Barrage+1","Gash+1","Hologram+1","Reprogram+1"],"picked":"Storm+1","floor":47.0},{"not_picked":["infinitespire:Starlight","infinitespire:Fortify"],"picked":"infinitespire:Gouge","floor":52}],"player_experience":50201,"relics_obtained":[{"floor":1.0,"key":"SynthV:TestCard"},{"floor":6.0,"key":"Bronze Scales"},{"floor":8.0,"key":"infinitespire:Midas Blood"},{"floor":9.0,"key":"Pear"},{"floor":12.0,"key":"Anchor"},{"floor":14.0,"key":"Akabeko"},{"floor":15.0,"key":"infinitespire:Beetle Shell"},{"floor":24.0,"key":"Pocketwatch"},{"floor":26.0,"key":"infinitespire:SolderingIron"},{"floor":29.0,"key":"Blood Vial"},{"floor":32.0,"key":"DataDisk"},{"floor":41.0,"key":"Dream Catcher"},{"floor":43.0,"key":"Orichalcum"},{"floor":44.0,"key":"infinitespire:Freezer"},{"floor":46.0,"key":"infinitespire:PuzzleCube"}],"event_choices":[{"cards_removed":["Ball Lightning"],"damage_healed":0.0,"max_hp_gain":0.0,"max_hp_loss":0.0,"gold_gain":0.0,"event_name":"The Cleric","player_choice":"Card Removal","floor":13.0,"gold_loss":75.0,"damage_taken":0.0},{"damage_healed":0.0,"max_hp_gain":0.0,"max_hp_loss":0.0,"gold_gain":0.0,"event_name":"Drug Dealer","player_choice":"Inject Mutagens","floor":27.0,"gold_loss":0.0,"damage_taken":0.0,"relics_obtained":["MutagenicStrength"]},{"damage_healed":0.0,"max_hp_gain":0.0,"max_hp_loss":0.0,"gold_gain":0.0,"event_name":"Tomb of Lord Red Mask","player_choice":"Ignored","floor":37.0,"gold_loss":0.0,"damage_taken":0.0},{"damage_healed":0.0,"max_hp_gain":0.0,"max_hp_loss":0.0,"gold_gain":0.0,"event_name":"SensoryStone","player_choice":"Memory 1","floor":40.0,"gold_loss":0.0,"damage_taken":0.0},{"damage_healed":0.0,"max_hp_gain":0.0,"max_hp_loss":28.0,"gold_gain":0.0,"event_name":"Winding Halls","player_choice":"Max HP","floor":42.0,"gold_loss":0.0,"damage_taken":0.0}],"is_beta":false,"boss_relics":[{"not_picked":["Nuclear Battery","FrostBlade"],"picked":"FrozenCore"},{"not_picked":["SlaversCollar","Sozu"],"picked":"TimeKeys"},{"not_picked":["Pandora\u0027s Box","SynthV:MejaisSoulstealer"],"picked":"Philosopher\u0027s Stone"}],"items_purged_floors":[0,0,0,0,0,0,0,0,0,0,0,0,0,0,0,0,0],"is_endless":true,"potions_floor_spawned":[2,3,5,12,18,19,29,30,31,39,46,51],"killed_by":"Small Slimes","ascension_level":20}}