{"host":"n4oa921u88t6jog9","time":1609383204,"event":{"mods":["AchievementEnabler","BaseMod","DeckTracker","Keyboard Shortcuts","Minty Spire (QoL Compilation)","Quick Restart","StSLib","SuperFastMode"],"gold_per_floor":[110,35,35,35,35,60,60,87,87,113,124,141,151,161,161,237,237,254,264,264,282,282,310,326,326,352,174,194,194,114,140,140,215,215,228,228,246,263,277,311,145,145,170,182,202,214,50,50,50,50],"floor_reached":51,"playtime":2958,"items_purged":["Night Terror","Masterful Stab","Corpse Explosion+1","Dagger Spray+1"],"score":1406,"play_id":"5ce2e248-b437-4ed0-beac-9149c39565fa","local_time":"20201231115324","is_ascension_mode":true,"campfire_choices":[{"data":"Dagger Spray","floor":7.0,"key":"SMITH"},{"floor":15.0,"key":"REST"},{"data":"Well Laid Plans","floor":25.0,"key":"SMITH"},{"data":"Tactician","floor":29.0,"key":"SMITH"},{"floor":32.0,"key":"REST"},{"data":"Burst","floor":42.0,"key":"SMITH"},{"data":"Adrenaline","floor":49,"key":"SMITH"}],"circlet_count":0,"master_deck":["AscendersBane","Survivor","Neutralize","After Image","Prepared","Deadly Poison","Burst+1","Well Laid Plans+1","Die Die Die","Escape Plan+1","Backflip","Dodge and Roll","Tactician+1","Grand Finale","Prepared+1","Expertise+1","Dagger Throw+1","Acrobatics+1","Adrenaline+1","Master of Strategy"],"relics":["Ring of the Snake","NeowsBlessing","Dream Catcher","Unceasing Top","The Courier","Ice Cream","Akabeko","Pandora\u0027s Box","MutagenicStrength","War Paint","Happy Flower","TheAbacus","Smiling Mask","Empty Cage","Incense Burner","ClockworkSouvenir","PreservedInsect"],"acts_visited":["Exordium","TheCity","TheBeyond"],"potions_floor_usage":[45,50,50],"damage_taken":[{"damage":0.0,"enemies":"2 Louse","floor":1.0,"turns":1.0},{"damage":0.0,"enemies":"Gremlin Nob","floor":6.0,"turns":1.0},{"damage":0.0,"enemies":"Lagavulin","floor":8.0,"turns":1.0},{"damage":14.0,"enemies":"Gremlin Nob","floor":10.0,"turns":4.0},{"damage":0.0,"enemies":"Jaw Worm","floor":11.0,"turns":6.0},{"damage":0.0,"enemies":"Cultist","floor":12.0,"turns":3.0},{"damage":0.0,"enemies":"Looter","floor":13.0,"turns":3.0},{"damage":1.0,"enemies":"Red Slaver","floor":14.0,"turns":5.0},{"damage":14.0,"enemies":"The Guardian","floor":16.0,"turns":14.0},{"damage":12.0,"enemies":"3 Byrds","floor":18.0,"turns":3.0},{"damage":11.0,"enemies":"Spheric Guardian","floor":19.0,"turns":3.0},{"damage":14.0,"enemies":"Snake Plant","floor":21.0,"turns":4.0},{"damage":5.0,"enemies":"Gremlin Leader","floor":23.0,"turns":7.0},{"damage":0.0,"enemies":"3 Cultists","floor":24.0,"turns":3.0},{"damage":2.0,"enemies":"Chosen and Byrds","floor":28.0,"turns":4.0},{"damage":12.0,"enemies":"Slavers","floor":31.0,"turns":4.0},{"damage":12.0,"enemies":"Automaton","floor":33.0,"turns":7.0},{"damage":8.0,"enemies":"3 Shapes","floor":35.0,"turns":3.0},{"damage":0.0,"enemies":"Orb Walker","floor":37.0,"turns":3.0},{"damage":17.0,"enemies":"3 Darklings","floor":38.0,"turns":2.0},{"damage":0.0,"enemies":"Maw","floor":39.0,"turns":4.0},{"damage":0.0,"enemies":"Reptomancer","floor":40.0,"turns":3.0},{"damage":0,"enemies":"Writhing Mass","floor":44,"turns":2},{"damage":0,"enemies":"Jaw Worm Horde","floor":45,"turns":2},{"damage":0,"enemies":"Spire Growth","floor":46,"turns":3},{"damage":17,"enemies":"Time Eater","floor":50,"turns":8}],"seed_played":"-117970641448329765","potions_obtained":[{"floor":1.0,"key":"FearPotion"},{"floor":8.0,"key":"Weak Potion"},{"floor":13.0,"key":"EntropicBrew"},{"floor":16.0,"key":"EssenceOfSteel"},{"floor":23.0,"key":"GhostInAJar"},{"floor":28.0,"key":"LiquidMemories"},{"floor":31.0,"key":"FearPotion"},{"floor":37.0,"key":"DistilledChaos"},{"floor":44,"key":"Fruit Juice"},{"floor":45,"key":"PowerPotion"}],"is_trial":false,"path_per_floor":["M","?","?","$","T","E","R","E","T","E","M","M","M","M","R","B",null,"M","M","?","M","?","E","M","R","T","$","M","R","$","E","R","B",null,"M","?","M","M","M","E","$","R","T","M","M","M","$","?","R","B",null],"character_chosen":"THE_SILENT","items_purchased":["TheAbacus","ClockworkSouvenir","Adrenaline"],"campfire_rested":2,"item_purchase_floors":[27,41,47],"current_hp_per_floor":[59,59,59,59,59,59,59,59,59,45,45,45,45,44,63,49,62,50,39,39,25,25,20,20,20,20,20,18,18,18,6,25,13,53,45,45,45,28,28,28,28,28,28,28,33,33,33,33,33,16],"gold":50,"neow_bonus":"THREE_ENEMY_KILL","is_daily":false,"chose_seed":false,"campfire_upgraded":5,"win_rate":0.0,"timestamp":1609383204,"path_taken":["M","?","?","?","?","E","R","E","T","E","?","M","M","M","R","BOSS","M","M","?","M","?","E","M","R","T","$","M","R","$","E","R","BOSS","M","?","M","M","M","E","$","R","T","?","M","M","$","?","R","BOSS"],"items_purchased_type":["Relic","Relic","Card"],"build_version":"2020-12-22","purchased_purges":4,"victory":true,"max_hp_per_floor":[66,66,66,66,66,66,66,66,66,66,66,66,66,66,66,66,66,66,66,66,66,66,66,66,66,66,66,66,66,66,66,66,66,66,66,66,66,66,66,66,66,66,66,66,71,71,71,71,71,71],"card_choices":[{"not_picked":["Choke","Outmaneuver","Bane"],"picked":"SKIP","floor":1.0},{"not_picked":["Bane","Caltrops"],"picked":"Dagger Spray","floor":6.0},{"not_picked":["Underhanded Strike","Bane"],"picked":"After Image","floor":8.0},{"not_picked":["Outmaneuver","Caltrops"],"picked":"Prepared","floor":10.0},{"not_picked":["Bane","Outmaneuver","Quick Slash"],"picked":"SKIP","floor":11.0},{"not_picked":["Heel Hook","Deflect","Slice"],"picked":"SKIP","floor":12.0},{"not_picked":["Heel Hook","Deflect"],"picked":"Slice","floor":12.0},{"not_picked":["Skewer","Dagger Spray","Heel Hook"],"picked":"SKIP","floor":13.0},{"not_picked":["Prepared","Outmaneuver","Poisoned Stab"],"picked":"SKIP","floor":14.0},{"not_picked":["Sucker Punch","Deflect"],"picked":"Deadly Poison","floor":15.0},{"not_picked":["Tools of the Trade","Storm of Steel"],"picked":"Night Terror","floor":16.0},{"not_picked":["Sucker Punch","Noxious Fumes","Flying Knee"],"picked":"SKIP","floor":18.0},{"not_picked":["Outmaneuver","Flechettes","Masterful Stab"],"picked":"SKIP","floor":19.0},{"not_picked":["Bane","Flying Knee"],"picked":"Dodge and Roll","floor":21.0},{"not_picked":["PiercingWail","Bane","Accuracy"],"picked":"SKIP","floor":23.0},{"not_picked":["Infinite Blades","Blur","Deflect+1"],"picked":"SKIP","floor":24.0},{"not_picked":["Predator","Flying Knee"],"picked":"Tactician","floor":28.0},{"not_picked":["Masterful Stab","Dagger Throw"],"picked":"Grand Finale","floor":31.0},{"not_picked":["Predator","Backstab"],"picked":"Prepared+1","floor":32.0},{"not_picked":["Terror+1","Expertise+1","Cloak And Dagger"],"picked":"SKIP","floor":35.0},{"not_picked":["Terror+1","Cloak And Dagger"],"picked":"Expertise+1","floor":35.0},{"not_picked":["Sucker Punch","Setup"],"picked":"Dagger Throw+1","floor":37.0},{"not_picked":["Footwork+1","Catalyst"],"picked":"Acrobatics+1","floor":38.0},{"not_picked":["Prepared","Backflip+1","PiercingWail+1"],"picked":"SKIP","floor":39.0},{"not_picked":["Deflect","Catalyst","Backflip"],"picked":"SKIP","floor":40.0},{"not_picked":["Poisoned Stab+1","Well Laid Plans","Footwork"],"picked":"SKIP","floor":44},{"not_picked":["Endless Agony","Expertise","Skewer"],"picked":"SKIP","floor":45},{"not_picked":["Dagger Throw","Expertise","Noxious Fumes"],"picked":"SKIP","floor":46},{"not_picked":["Madness","Flash of Steel"],"picked":"Master of Strategy","floor":48}],"player_experience":365864,"relics_obtained":[{"floor":5.0,"key":"Dream Catcher"},{"floor":6.0,"key":"Unceasing Top"},{"floor":8.0,"key":"The Courier"},{"floor":9.0,"key":"Ice Cream"},{"floor":10.0,"key":"Akabeko"},{"floor":23.0,"key":"War Paint"},{"floor":26.0,"key":"Happy Flower"},{"floor":31.0,"key":"Smiling Mask"},{"floor":40.0,"key":"Incense Burner"},{"floor":43.0,"key":"PreservedInsect"}],"event_choices":[{"cards_removed":["Strike_G"],"damage_healed":0.0,"max_hp_gain":0.0,"max_hp_loss":0.0,"gold_gain":0.0,"event_name":"The Cleric","player_choice":"Card Removal","floor":2.0,"gold_loss":75.0,"damage_taken":0.0},{"damage_healed":0.0,"max_hp_gain":0.0,"max_hp_loss":0.0,"gold_gain":0.0,"event_name":"Liars Game","player_choice":"Ignored","floor":3.0,"gold_loss":0.0,"damage_taken":0.0},{"damage_healed":0.0,"max_hp_gain":0.0,"max_hp_loss":0.0,"gold_gain":0.0,"event_name":"Drug Dealer","player_choice":"Inject Mutagens","floor":20.0,"gold_loss":0.0,"damage_taken":0.0,"relics_obtained":["MutagenicStrength"]},{"damage_healed":0.0,"max_hp_gain":0.0,"max_hp_loss":0.0,"gold_gain":0.0,"cards_transformed":["A Thousand Cuts"],"event_name":"Transmorgrifier","player_choice":"Transformed","floor":22.0,"gold_loss":0.0,"damage_taken":0.0,"cards_obtained":["Underhanded Strike"]},{"cards_removed":["Underhanded Strike"],"damage_healed":0.0,"max_hp_gain":0.0,"max_hp_loss":0.0,"gold_gain":0.0,"event_name":"Purifier","player_choice":"Purged","floor":36.0,"gold_loss":0.0,"damage_taken":0.0},{"damage_healed":0,"gold_gain":0,"player_choice":"Memory 1","damage_taken":0,"max_hp_gain":0,"max_hp_loss":0,"event_name":"SensoryStone","floor":48,"gold_loss":0}],"is_beta":false,"boss_relics":[{"not_picked":["Ring of the Serpent","Cursed Key"],"picked":"Pandora\u0027s Box"},{"not_picked":["Calling Bell","Fusion Hammer"],"picked":"Empty Cage"}],"items_purged_floors":[27,30,41,47],"is_endless":false,"potions_floor_spawned":[1,8,13,16,23,28,31,37,44,45],"ascension_level":15}}