{"host":"f6tqpspb2ou2a4h5","time":1609404282,"event":{"mods":["2.2 Compatiblity","Ascension Unlocker","BaseMod","Colored Map","DeckTracker","Hermit","Highlight Path","KOR Keyword Fix","Keyboard Shortcuts","Minty Spire (QoL Compilation)","Permanent Neow","Quick Restart","Random Character Button","StSLib","SuperFastMode","The Poker Player","everything is the same but u backflip on backflip"],"gold_per_floor":[110,126,141,156,169,169,169,94,94,105,105,134,134,151,151,249,249,262,278,278,297,28,55,55,86,86,86,104,104,104,114,114,209,209,225,237,237,255,275,275,307,307,357,375,375,20,70,86,86,86,86],"floor_reached":50,"playtime":4130,"items_purged":["Strike_B","Strike_B+1"],"score":850,"play_id":"39871629-9f09-4b0e-a8e5-b90eef381d06","local_time":"20201231174442","is_ascension_mode":true,"campfire_choices":[{"data":"White Noise","floor":6.0,"key":"SMITH"},{"data":"Zap","floor":11.0,"key":"SMITH"},{"data":"Hologram","floor":13.0,"key":"SMITH"},{"data":"Dualcast","floor":15.0,"key":"SMITH"},{"data":"Electrodynamics","floor":24.0,"key":"SMITH"},{"data":"Hologram","floor":27.0,"key":"SMITH"},{"data":"Hello World","floor":29.0,"key":"SMITH"},{"data":"Loop","floor":32.0,"key":"SMITH"},{"data":"Skim","floor":40.0,"key":"SMITH"},{"data":"Sweeping Beam","floor":42.0,"key":"SMITH"},{"data":"Conserve Battery","floor":45.0,"key":"SMITH"},{"data":"Compile Driver","floor":49.0,"key":"SMITH"}],"circlet_count":0,"master_deck":["AscendersBane","Defend_B+1","Defend_B+1","Defend_B+1","Zap+1","Dualcast+1","Biased Cognition+1","Ball Lightning","Cold Snap+1","White Noise+1","Compile Driver+1","Skim+1","Cold Snap","Hologram+1","Electrodynamics+1","Hello World+1","Gash+1","Sweeping Beam+1","Loop+1","Conserve Battery+1","Gash+1","Hologram+1","Aggregate+1","Reinforced Body+1","Reinforced Body+1","Reboot+1","Amplify+1","Chaos+1","Cold Snap+1","Defragment+1","Aggregate+1","Gash+1","Recycle+1","Hologram+1","Gash+1","Compile Driver+1"],"relics":["Cracked Core","InkBottle","Gambling Chip","Nuclear Battery","Bag of Preparation","Eternal Feather","Nunchaku","Toxic Egg 2","Astrolabe","Whetstone","Bronze Scales","Bottled Tornado","CaptainsWheel"],"acts_visited":["Exordium","TheCity","TheBeyond"],"potions_floor_usage":[50],"damage_taken":[{"damage":1.0,"enemies":"2 Louse","floor":1.0,"turns":3.0},{"damage":1.0,"enemies":"Cultist","floor":2.0,"turns":3.0},{"damage":0.0,"enemies":"Jaw Worm","floor":3.0,"turns":4.0},{"damage":10.0,"enemies":"Exordium Wildlife","floor":4.0,"turns":3.0},{"damage":7.0,"enemies":"Gremlin Gang","floor":5.0,"turns":4.0},{"damage":0.0,"enemies":"Large Slime","floor":10.0,"turns":4.0},{"damage":10.0,"enemies":"3 Sentries","floor":12.0,"turns":5.0},{"damage":6.0,"enemies":"Blue Slaver","floor":14.0,"turns":2.0},{"damage":25.0,"enemies":"The Guardian","floor":16.0,"turns":9.0},{"damage":0.0,"enemies":"Shell Parasite","floor":18.0,"turns":3.0},{"damage":0.0,"enemies":"Chosen","floor":19.0,"turns":3.0},{"damage":19.0,"enemies":"Snake Plant","floor":21.0,"turns":3.0},{"damage":22.0,"enemies":"Slavers","floor":23.0,"turns":4.0},{"damage":15.0,"enemies":"Book of Stabbing","floor":25.0,"turns":4.0},{"damage":1.0,"enemies":"Snecko","floor":28.0,"turns":5.0},{"damage":3.0,"enemies":"Shelled Parasite and Fungi","floor":31.0,"turns":5.0},{"damage":9.0,"enemies":"Automaton","floor":33.0,"turns":4.0},{"damage":0.0,"enemies":"3 Darklings","floor":35.0,"turns":3.0},{"damage":0.0,"enemies":"3 Shapes","floor":36.0,"turns":1.0},{"damage":2.0,"enemies":"Maw","floor":38.0,"turns":6.0},{"damage":0.0,"enemies":"Sphere and 2 Shapes","floor":39.0,"turns":1.0},{"damage":36.0,"enemies":"Giant Head","floor":41.0,"turns":8.0},{"damage":0.0,"enemies":"4 Shapes","floor":44.0,"turns":1.0},{"damage":0.0,"enemies":"Mind Bloom Boss Battle","floor":47.0,"turns":4.0},{"damage":0.0,"enemies":"3 Darklings","floor":48.0,"turns":2.0},{"damage":75,"enemies":"Awakened One","floor":50,"turns":4}],"seed_played":"7948056877106696719","potions_obtained":[{"floor":3.0,"key":"DistilledChaos"},{"floor":10.0,"key":"Fire Potion"},{"floor":12.0,"key":"PowerPotion"},{"floor":16.0,"key":"Explosive Potion"},{"floor":25.0,"key":"SteroidPotion"}],"is_trial":false,"path_per_floor":["M","M","M","M","M","R","?","$","T","M","R","E","R","M","R","B",null,"M","M","?","M","$","E","R","E","T","R","M","R","?","M","R","B",null,"M","M","?","M","M","R","E","R","T","M","R","$","?","M","R","B"],"character_chosen":"DEFECT","items_purchased":["Bag of Preparation","Loop","Conserve Battery","Bottled Tornado"],"campfire_rested":0,"item_purchase_floors":[22,22,22,46],"current_hp_per_floor":[67,66,66,56,49,49,49,49,49,49,49,39,39,33,33,8,58,58,58,58,39,39,17,32,17,17,32,31,46,46,43,58,49,69,69,69,69,67,67,75,39,60,60,60,75,75,75,75,75,0,0],"gold":86,"neow_bonus":"ONE_RANDOM_RARE_CARD","is_daily":false,"chose_seed":false,"campfire_upgraded":12,"win_rate":0.0,"timestamp":1609404282,"path_taken":["M","M","M","M","M","R","?","$","T","M","R","E","R","?","R","BOSS","M","M","?","M","$","E","R","E","T","R","M","R","?","M","R","BOSS","M","M","?","M","M","R","E","R","T","?","R","$","?","M","R","BOSS"],"items_purchased_type":["Relic","Card","Card","Relic"],"build_version":"2020-12-22","purchased_purges":2,"victory":false,"max_hp_per_floor":[75,75,75,75,75,75,75,75,75,75,75,75,75,75,75,75,75,75,75,75,75,75,75,75,75,75,75,75,75,75,75,75,75,75,75,75,75,75,75,75,75,75,75,75,75,75,75,75,75,75,75],"card_choices":[{"not_picked":["Beam Cell","Rip and Tear"],"picked":"Ball Lightning","floor":1.0},{"not_picked":["Streamline","Stack"],"picked":"Cold Snap","floor":2.0},{"not_picked":["Coolheaded","Go for the Eyes"],"picked":"White Noise","floor":3.0},{"not_picked":["Steam","Meteor Strike"],"picked":"Compile Driver","floor":4.0},{"not_picked":["Go for the Eyes","Reprogram"],"picked":"Skim","floor":5.0},{"not_picked":["Fusion","Streamline"],"picked":"Cold Snap","floor":10.0},{"not_picked":["Rainbow","Steam"],"picked":"Hologram","floor":12.0},{"not_picked":["Tempest","Redo","Scrape"],"picked":"SKIP","floor":14.0},{"not_picked":["Rainbow","Multi-Cast"],"picked":"Electrodynamics","floor":16.0},{"not_picked":["Go for the Eyes","Gash"],"picked":"Hello World","floor":18.0},{"not_picked":["Reprogram","Rebound+1"],"picked":"Gash+1","floor":19.0},{"not_picked":["Hologram","Scrape"],"picked":"Sweeping Beam","floor":21.0},{"not_picked":["Meteor Strike","Static Discharge"],"picked":"Gash+1","floor":23.0},{"not_picked":["Streamline+1","Rebound+1"],"picked":"Hologram","floor":25.0},{"not_picked":["Consume+1","Go for the Eyes"],"picked":"Aggregate+1","floor":28.0},{"not_picked":["Double Energy+1","Consume+1"],"picked":"Reinforced Body+1","floor":31.0},{"not_picked":["Rainbow+1","Meteor Strike"],"picked":"Reboot+1","floor":33.0},{"not_picked":["Stack+1","Leap+1"],"picked":"Defragment+1","floor":35.0},{"not_picked":["Leap+1","Streamline"],"picked":"Aggregate+1","floor":36.0},{"not_picked":["Reinforced Body+1","Fusion+1"],"picked":"Gash+1","floor":38.0},{"not_picked":["All For One","Auto Shields+1"],"picked":"Recycle+1","floor":39.0},{"not_picked":["White Noise+1","Static Discharge+1"],"picked":"Hologram+1","floor":41.0},{"not_picked":["Barrage+1","Recycle+1","Redo+1"],"picked":"SKIP","floor":44.0},{"not_picked":["Tempest+1","Turbo+1"],"picked":"Gash+1","floor":47.0},{"not_picked":["Loop+1","Heatsinks+1"],"picked":"Compile Driver","floor":48.0}],"player_experience":111637,"relics_obtained":[{"floor":9.0,"key":"InkBottle"},{"floor":12.0,"key":"Gambling Chip"},{"floor":23.0,"key":"Eternal Feather"},{"floor":25.0,"key":"Nunchaku"},{"floor":26.0,"key":"Toxic Egg 2"},{"floor":41.0,"key":"Whetstone"},{"floor":43.0,"key":"Bronze Scales"},{"floor":47.0,"key":"CaptainsWheel"}],"event_choices":[{"damage_healed":0.0,"max_hp_gain":0.0,"max_hp_loss":0.0,"gold_gain":0.0,"event_name":"Upgrade Shrine","player_choice":"Upgraded","floor":7.0,"gold_loss":0.0,"damage_taken":0.0,"cards_upgraded":["Biased Cognition"]},{"damage_healed":0.0,"max_hp_gain":0.0,"max_hp_loss":0.0,"gold_gain":0.0,"event_name":"Back to Basics","player_choice":"Simplicity","floor":20.0,"gold_loss":0.0,"damage_taken":0.0,"cards_upgraded":["Strike_B","Strike_B","Strike_B","Defend_B","Defend_B","Defend_B","Defend_B"]},{"damage_healed":0.0,"max_hp_gain":0.0,"max_hp_loss":0.0,"gold_gain":0.0,"event_name":"The Library","player_choice":"Read","floor":30.0,"gold_loss":0.0,"damage_taken":0.0,"cards_obtained":["Reinforced Body"]},{"damage_healed":0.0,"max_hp_gain":0.0,"max_hp_loss":0.0,"gold_gain":0.0,"event_name":"Match and Keep!","player_choice":"0 cards matched","floor":37.0,"gold_loss":0.0,"damage_taken":0.0,"cards_obtained":[]},{"damage_healed":0.0,"max_hp_gain":0.0,"max_hp_loss":0.0,"gold_gain":0.0,"event_name":"MindBloom","player_choice":"Fight","floor":47.0,"gold_loss":0.0,"damage_taken":0.0}],"is_beta":false,"boss_relics":[{"not_picked":["SacredBark","Runic Pyramid"],"picked":"Nuclear Battery"},{"not_picked":["Cursed Key","Tiny House"],"picked":"Astrolabe"}],"items_purged_floors":[8,46],"is_endless":false,"potions_floor_spawned":[3,10,12,16,23,25,28,31,39,41,44],"killed_by":"Awakened One","ascension_level":11}}