{"host":"co1ulnwz1h4zjs22","time":1609449714,"event":{"mods":["Act Like it!","Aspiration","BaseMod","Bestiary","BetterRewards","Colored Powertips","Conspire","Curses Come First","Energized Spire","Friendly Minions","GifTheSpireLib","Googly Eyes","Hubris","Jorbs\u0027s Wanderer Trilogy","Minty Spire (QoL Compilation)","Replay The Spire","Shop Mod","StSLib","The Dragon Tamer","The Forsaken","The IronCluck","The Marked","Waifu the Spire","everything is the same but u backflip on backflip","slay the spire mod where everything is the same but ironclad has a cowboy hat"],"gold_per_floor":[115,126,126,149,166,198,198,198],"floor_reached":6,"playtime":644,"items_purged":[],"score":46,"play_id":"3cc55629-9e7f-45db-964b-90f7ff04b003","local_time":"20201231162154","is_ascension_mode":false,"metric_token":1619,"campfire_choices":[],"dtmod_dragon_data":[1,50,-1,-1,0,0],"circlet_count":0,"master_deck":["DTMod:Strike","DTMod:Strike","DTMod:Strike","DTMod:Strike","DTMod:DoubleHit","DTMod:TargetDefense","DTMod:TargetDefense","DTMod:TargetDefense","DTMod:TargetDefense","DTMod:SwitchingTactic","DTMod:Weaken","DTMod:BlueScale","DTMod:DragonDance"],"relics":["DTMod:PactStone","Centennial Puzzle","hubris:ToyBattleship"],"acts_visited":["Exordium"],"potions_floor_usage":[],"damage_taken":[{"damage":2,"enemies":"Cultist","floor":1,"turns":5},{"damage":0,"enemies":"Jaw Worm","floor":2,"turns":4},{"damage":0,"enemies":"Small Slimes","floor":5,"turns":4},{"damage":30,"enemies":"Gremlin Nob","floor":6,"turns":9}],"seed_played":"7718540476359890545","potions_obtained":[{"floor":2,"key":"Swift Potion"},{"floor":5,"key":"Fire Potion"}],"is_trial":false,"path_per_floor":["M","M","$","T","M","E"],"character_chosen":"THE_DT","items_purchased":[],"campfire_rested":0,"item_purchase_floors":[],"current_hp_per_floor":[47,47,47,47,47,17,17,17],"gold":198,"neow_bonus":"TEN_PERCENT_HP_BONUS","is_daily":false,"chose_seed":false,"campfire_upgraded":0,"win_rate":0.0,"timestamp":1609449714,"path_taken":["M","M","$","?","?","E"],"items_purchased_type":[],"build_version":"2020-12-22","purchased_purges":0,"victory":false,"max_hp_per_floor":[49,49,49,49,49,49,49,49],"card_choices":[{"not_picked":["DTMod:MasterPlan","DTMod:Observe"],"picked":"DTMod:Weaken","floor":1},{"not_picked":["DTMod:SneakAttack","DTMod:BlazingStrike"],"picked":"DTMod:BlueScale","floor":2},{"not_picked":["DTMod:Astonish","DTMod:Adaptation"],"picked":"DTMod:DragonDance","floor":5}],"player_experience":389852,"relics_obtained":[{"floor":4,"key":"Centennial Puzzle"},{"floor":6,"key":"hubris:ToyBattleship"}],"event_choices":[],"is_beta":false,"boss_relics":[],"items_purged_floors":[],"is_endless":false,"potions_floor_spawned":[2,5],"killed_by":"Gremlin Nob","ascension_level":0}}