{"host":"0ueeacaatm8t6jyh","time":1609401660,"event":{"mods":["AchievementEnabler","BaseMod","Colored Powertips","Minty Spire (QoL Compilation)","Rare Cards Sparkle","StSLib"],"gold_per_floor":[118,118,118,131,56,88,88,114,139,153,167,179,179,26,26,125,125,143,157,157,20,20,49,49,59,137,137,156,181,181,194,194,295,295,305,118,129,229,249,279,298,329,375,375,375],"floor_reached":44,"playtime":1948,"items_purged":["Pain","Strike_B"],"score":801,"play_id":"c64931f0-4714-495b-9937-ba8757a295e6","local_time":"20201231160100","is_ascension_mode":true,"campfire_choices":[{"data":"Darkness","floor":7.0,"key":"SMITH"},{"data":"Coolheaded","floor":13.0,"key":"SMITH"},{"data":"Skim","floor":15.0,"key":"SMITH"},{"data":"Echo Form","floor":24.0,"key":"SMITH"},{"data":"Defragment","floor":30,"key":"SMITH"},{"data":"Zap","floor":32,"key":"SMITH"}],"circlet_count":0,"master_deck":["Strike_B","Defend_B","Defend_B","Zap+1","Dualcast","Compile Driver","Ball Lightning","Darkness+1","Skim+1","Coolheaded+1","Echo Form+1","Defragment+1","Conserve Battery+1","Echo Form","Buffer+1","Ball Lightning+1","Conserve Battery+1","Lockon","Defragment","Recycle","Consume+1","Parasite","Thunder Strike"],"relics":["Cracked Core","NeowsBlessing","WarpedTongs","Tiny Chest","Toy Ornithopter","Bag of Marbles","Lee\u0027s Waffle","SlaversCollar","Meat on the Bone","Happy Flower","Ornamental Fan","Anchor","Ancient Tea Set","Astrolabe","Blue Candle","StrikeDummy","Art of War"],"acts_visited":["Exordium","TheCity","TheBeyond"],"potions_floor_usage":[29,29,37,39,42,42],"damage_taken":[{"damage":0.0,"enemies":"Small Slimes","floor":1.0,"turns":1.0},{"damage":0.0,"enemies":"2 Louse","floor":4.0,"turns":1.0},{"damage":0.0,"enemies":"3 Sentries","floor":6.0,"turns":1.0},{"damage":14.0,"enemies":"Lagavulin","floor":8.0,"turns":6.0},{"damage":1.0,"enemies":"Cultist","floor":10.0,"turns":4.0},{"damage":0.0,"enemies":"Lots of Slimes","floor":11.0,"turns":1.0},{"damage":12.0,"enemies":"Gremlin Gang","floor":12.0,"turns":3.0},{"damage":31.0,"enemies":"The Guardian","floor":16.0,"turns":9.0},{"damage":16.0,"enemies":"Shell Parasite","floor":18.0,"turns":5.0},{"damage":45.0,"enemies":"2 Thieves","floor":19.0,"turns":4.0},{"damage":66.0,"enemies":"Book of Stabbing","floor":23.0,"turns":6.0},{"damage":6.0,"enemies":"Snecko","floor":25.0,"turns":4.0},{"damage":22.0,"enemies":"Shelled Parasite and Fungi","floor":28.0,"turns":4.0},{"damage":5,"enemies":"Slavers","floor":29,"turns":7},{"damage":6,"enemies":"Centurion and Healer","floor":31,"turns":4},{"damage":34,"enemies":"Automaton","floor":33,"turns":7},{"damage":4,"enemies":"Orb Walker","floor":35,"turns":3},{"damage":43,"enemies":"3 Darklings","floor":37,"turns":5},{"damage":30,"enemies":"Maw","floor":39,"turns":5},{"damage":0,"enemies":"Giant Head","floor":40,"turns":7},{"damage":36,"enemies":"Writhing Mass","floor":41,"turns":5},{"damage":0,"enemies":"Nemesis","floor":42,"turns":5},{"damage":49,"enemies":"4 Shapes","floor":44,"turns":3}],"seed_played":"1773867753926370732","potions_obtained":[{"floor":4.0,"key":"AttackPotion"},{"floor":12.0,"key":"GamblersBrew"},{"floor":23.0,"key":"Dexterity Potion"},{"floor":25.0,"key":"PowerPotion"},{"floor":28.0,"key":"Explosive Potion"},{"floor":33,"key":"AttackPotion"},{"floor":37,"key":"Regen Potion"},{"floor":39,"key":"Fire Potion"},{"floor":40,"key":"DistilledChaos"}],"is_trial":false,"path_per_floor":["M","?","?","M","$","E","R","E","T","M","M","M","R","$","R","B",null,"M","M","?","$","?","E","R","M","T","T","M","E","R","M","R","B",null,"M","$","M","?","M","E","M","E","T","M"],"character_chosen":"DEFECT","items_purchased":["Lee\u0027s Waffle","Defragment","Lockon","Defragment","Recycle"],"campfire_rested":0,"item_purchase_floors":[14,21,36,36,36],"current_hp_per_floor":[68,61,61,61,61,61,61,47,47,46,46,34,34,82,82,51,74,58,13,13,13,82,28,28,34,34,34,34,51,51,45,45,23,67,63,63,37,37,36,48,24,46,46,0,0],"gold":375,"neow_bonus":"THREE_ENEMY_KILL","is_daily":false,"chose_seed":false,"campfire_upgraded":6,"win_rate":0.0,"timestamp":1609401660,"path_taken":["M","?","?","?","?","E","R","E","T","M","M","M","R","$","R","BOSS","M","?","?","$","?","E","R","M","T","?","M","E","R","M","R","BOSS","M","$","M","?","M","E","M","E","T","?"],"items_purchased_type":["Relic","Card","Card","Card","Card"],"build_version":"2020-12-22","purchased_purges":2,"victory":false,"max_hp_per_floor":[75,75,75,75,75,75,75,75,75,75,75,75,75,82,82,82,82,82,82,82,82,82,82,82,82,82,82,82,82,82,82,82,82,82,82,82,82,82,82,82,82,82,82,82,82],"card_choices":[{"not_picked":["Consume","Blizzard"],"picked":"Compile Driver","floor":1.0},{"not_picked":["Steam Power","Leap"],"picked":"Ball Lightning","floor":4.0},{"not_picked":["Gash","Redo"],"picked":"Darkness","floor":6.0},{"not_picked":["Hologram","Reprogram"],"picked":"Skim","floor":8.0},{"not_picked":["Genetic Algorithm","Chill"],"picked":"Doom and Gloom","floor":10.0},{"not_picked":["BootSequence","Beam Cell"],"picked":"Coolheaded","floor":11.0},{"not_picked":["Rebound","Beam Cell","Tempest"],"picked":"SKIP","floor":12.0},{"not_picked":["Seek","Machine Learning"],"picked":"Echo Form","floor":16.0},{"not_picked":["Beam Cell","Glacier+1","Streamline"],"picked":"SKIP","floor":18.0},{"not_picked":["Blizzard","Rebound+1","Ball Lightning"],"picked":"SKIP","floor":19.0},{"not_picked":["Aggregate","Beam Cell","Hello World"],"picked":"SKIP","floor":23.0},{"not_picked":["Chill","Coolheaded","Beam Cell"],"picked":"SKIP","floor":25.0},{"not_picked":["Aggregate","Glacier+1"],"picked":"Conserve Battery+1","floor":28.0},{"not_picked":["Stack","Blizzard+1","Chaos"],"picked":"SKIP","floor":29},{"not_picked":["Coolheaded","Genetic Algorithm","Conserve Battery+1"],"picked":"SKIP","floor":31},{"not_picked":["Meteor Strike","Amplify"],"picked":"Echo Form","floor":33},{"not_picked":["Steam+1","Rip and Tear","Sunder"],"picked":"SKIP","floor":35},{"not_picked":["Conserve Battery","Leap+1"],"picked":"Consume+1","floor":37},{"not_picked":["Go for the Eyes","Conserve Battery","Auto Shields"],"picked":"SKIP","floor":39},{"not_picked":["Steam+1","Ball Lightning","Reinforced Body+1"],"picked":"SKIP","floor":40},{"not_picked":["Gash+1","Fusion","Skim"],"picked":"SKIP","floor":41},{"not_picked":["Rip and Tear","Ball Lightning"],"picked":"Thunder Strike","floor":42}],"player_experience":326843,"relics_obtained":[{"floor":6.0,"key":"Tiny Chest"},{"floor":8.0,"key":"Toy Ornithopter"},{"floor":9.0,"key":"Bag of Marbles"},{"floor":23.0,"key":"Happy Flower"},{"floor":26.0,"key":"Ornamental Fan"},{"floor":27.0,"key":"Anchor"},{"floor":29,"key":"Ancient Tea Set"},{"floor":40,"key":"Blue Candle"},{"floor":42,"key":"StrikeDummy"},{"floor":43,"key":"Art of War"}],"event_choices":[{"cards_removed":["Strike_B"],"damage_healed":0.0,"max_hp_gain":0.0,"max_hp_loss":0.0,"gold_gain":0.0,"event_name":"Golden Wing","player_choice":"Card Removal","floor":2.0,"gold_loss":0.0,"damage_taken":7.0},{"damage_healed":0.0,"max_hp_gain":0.0,"max_hp_loss":0.0,"gold_gain":0.0,"event_name":"Accursed Blacksmith","player_choice":"Rummage","floor":3.0,"gold_loss":0.0,"damage_taken":0.0,"relics_obtained":["WarpedTongs"],"cards_obtained":["Pain"]},{"damage_healed":0.0,"max_hp_gain":0.0,"max_hp_loss":0.0,"gold_gain":0.0,"event_name":"The Mausoleum","player_choice":"Opened","floor":20.0,"gold_loss":0.0,"damage_taken":0.0,"relics_obtained":["Meat on the Bone"]},{"cards_removed":["Doom and Gloom"],"damage_healed":69.0,"max_hp_gain":0.0,"max_hp_loss":0.0,"gold_gain":0.0,"event_name":"Bonfire Elementals","player_choice":"Offered Uncommon","floor":22.0,"gold_loss":0.0,"damage_taken":0.0},{"damage_healed":0,"gold_gain":100,"player_choice":"Pray","damage_taken":0,"max_hp_gain":0,"max_hp_loss":0,"event_name":"Golden Shrine","floor":38,"gold_loss":0}],"is_beta":false,"boss_relics":[{"not_picked":["Velvet Choker","Pandora\u0027s Box"],"picked":"SlaversCollar"},{"not_picked":["Snecko Eye","SacredBark"],"picked":"Astrolabe"}],"items_purged_floors":[5,21],"is_endless":false,"potions_floor_spawned":[4,12,23,25,28,33,37,39,40],"killed_by":"4 Shapes","ascension_level":7}}