{"host":"6dypmz777xraikqf","time":1609394490,"event":{"mods":["AchievementEnabler","BaseMod","BetterRewards","Colored Map","Colored Powertips","Downfall","Highlight Path","Hubris","Infinite Spire","Minty Spire (QoL Compilation)","Replay The Spire","StSLib"],"gold_per_floor":[110,110,130,55,5,5,35,35,35,48,60,60,60,78,78,181,181,196,156,56,0,20,20,20,31,31,44,144,178,178,178,178,278,278,297,44,0,17,32,60,60,84,84,109,134,51,51,51,51,51],"floor_reached":51,"playtime":2890,"items_purged":["Strike_B","Strike_B","Strike_B","Defend_B","Defend_B"],"score":1248,"play_id":"9f26ea77-3092-4f33-a74a-c0358ee9989f","local_time":"20201231060130","is_ascension_mode":true,"campfire_choices":[{"data":"FIFO Queue","floor":6,"key":"SMITH"},{"data":"Chill","floor":12,"key":"SMITH"},{"data":"Dualcast","floor":15,"key":"SMITH"},{"data":"Melter","floor":15,"key":"SMITH"},{"data":"Buffer","floor":23,"key":"SMITH"},{"data":"Self Repair","floor":23,"key":"SMITH"},{"data":"Coolheaded","floor":30,"key":"SMITH"},{"data":"Redo","floor":30,"key":"SMITH"},{"data":"ReplaySort","floor":32,"key":"SMITH"},{"data":"Redo","floor":32,"key":"SMITH"},{"floor":47,"key":"REST"},{"floor":49,"key":"REST"}],"circlet_count":0,"master_deck":["Defend_B+1","Defend_B+1","Zap+1","Dualcast+1","FIFO Queue+1","Self Repair+1","Melter+1","Leap+1","Chill+1","Steam","Leap","Cold Snap+1","Defragment+1","Buffer+1","Redo+1","Crystallizer","Redo+1","ReplaySort+1","Compile Driver","Redo+1","ReplayTheSpireMod:Haul","Buffer","Coolheaded+1","Cold Snap+1","Panic Button","BasicCrystalCard+1","FTL","Mirror Shield","hubris:Ukulele","Defragment+1","ReplaySort","Defragment","Barrage+1","Redo+1","Coolheaded+1","Leap+1","Amplify","Capacitor"],"relics":["Cracked Core","Replay:Frozen Program","ReplayTheSpireMod:Ninjato","Bottled Flame","Replay:Arrowhead","hubris:TerracottaHorce","Prayer Wheel","Orrery","Iron Hammer","hubris:64BitClover","Snack Pack","Durian","Busted Crown","Red Mask","infinitespire:EvilPickle","Shuriken","Smiling Mask","Gremlin Horn"],"acts_visited":["Exordium","TheCity","TheBeyond"],"potions_floor_usage":[16,33,39,50,50],"damage_taken":[{"damage":1,"enemies":"Cultist","floor":1,"turns":3},{"damage":9,"enemies":"Small Slimes","floor":3,"turns":4},{"damage":5,"enemies":"Replay:BlueRogue","floor":7,"turns":6},{"damage":11,"enemies":"Jaw Worm","floor":10,"turns":4},{"damage":1,"enemies":"Blue Slaver","floor":11,"turns":4},{"damage":12,"enemies":"Exordium Thugs","floor":14,"turns":7},{"damage":31,"enemies":"Hexaghost","floor":16,"turns":13},{"damage":15,"enemies":"Shell Parasite","floor":18,"turns":6},{"damage":6,"enemies":"2 Thieves","floor":21,"turns":5},{"damage":0,"enemies":"Centurion and Healer","floor":22,"turns":10},{"damage":0,"enemies":"Sentry and Sphere","floor":25,"turns":4},{"damage":6,"enemies":"Snake Plant","floor":27,"turns":4},{"damage":0,"enemies":"Colosseum Slavers","floor":28,"turns":4},{"damage":6,"enemies":"Colosseum Nobs","floor":28,"turns":5},{"damage":21,"enemies":"Replay:Snechameleon","floor":29,"turns":7},{"damage":14,"enemies":"Pondfish","floor":33,"turns":15},{"damage":0,"enemies":"3 Shapes","floor":35,"turns":7},{"damage":0,"enemies":"Orb Walker","floor":38,"turns":3},{"damage":2,"enemies":"Jaw Worm Horde","floor":39,"turns":4},{"damage":61,"enemies":"Reptomancer","floor":40,"turns":5},{"damage":10,"enemies":"3 Darklings","floor":44,"turns":4},{"damage":9,"enemies":"Spire Growth","floor":45,"turns":5},{"damage":2,"enemies":"Time Eater","floor":50,"turns":9}],"seed_played":"-5059390658941061748","potions_obtained":[{"floor":7,"key":"sneckomod:MuddlingPotion"},{"floor":11,"key":"FairyPotion"},{"floor":14,"key":"Swift Potion"},{"floor":16,"key":"LiquidBronze"},{"floor":27,"key":"FocusPotion"},{"floor":33,"key":"Weak Potion"},{"floor":38,"key":"Dexterity Potion"},{"floor":40,"key":"Swift Potion"}],"is_trial":false,"path_per_floor":["M","?","M","$","?","R","E","?","T","M","M","R","T","M","R_BF","B",null,"M","?","$","M","M","R","AVR","M","T","M","?","E","R","?","R","B",null,"M","$","?","M","M","E","?","T","T","M","M","$","R","?","R","B",null],"character_chosen":"DEFECT","items_purchased":["Replay:Frozen Program","FIFO Queue","Defragment+1","ReplaySort","Capacitor"],"campfire_rested":2,"item_purchase_floors":[0,0,36,36,46],"current_hp_per_floor":[67,67,58,58,58,58,60,60,60,56,62,62,62,57,57,33,65,57,57,57,58,65,65,65,75,75,75,75,69,69,69,69,69,77,80,80,80,80,80,31,31,31,31,33,24,24,46,46,68,76],"gold":51,"neow_bonus":"","is_daily":false,"chose_seed":false,"campfire_upgraded":10,"win_rate":0.0,"timestamp":1609394490,"path_taken":["M","?","M","$","?","R","E","?","T","?","M","R","?","M","R_BF","BOSS","M","?","?","?","M","R","AVR","M","T","?","?","E","R","?","R","BOSS","M","$","?","M","M","E","?","?","T","M","?","?","R","?","R","BOSS"],"items_purchased_type":["Relic","Card","Card","Card","Card"],"build_version":"2020-12-22","purchased_purges":5,"victory":true,"max_hp_per_floor":[75,75,75,75,75,75,75,75,75,75,75,75,75,75,75,75,75,75,75,75,75,75,75,75,75,75,75,75,80,80,80,80,80,80,80,80,80,80,80,80,76,76,76,76,76,76,76,76,76,76],"card_choices":[{"not_picked":["Static Discharge","Hologram"],"picked":"Self Repair","floor":1},{"not_picked":["Panic Button","Redo"],"picked":"Melter","floor":3},{"not_picked":["Sweeping Beam","Stack"],"picked":"Leap","floor":7},{"not_picked":["Hologram","Cold Snap"],"picked":"Chill","floor":10},{"not_picked":["Beam Cell","Consume"],"picked":"Steam","floor":11},{"not_picked":["Doom and Gloom","Sweeping Beam","Streamline"],"picked":"SKIP","floor":14},{"not_picked":["hubris:DoWhile","ReplayTheSpireMod:Omega Cannon"],"picked":"ReplayTheSpireMod:Fabricate Wheel","floor":16},{"not_picked":["Ball Lightning","Turbo"],"picked":"Leap","floor":18},{"not_picked":["Reinforced Body+1","Turbo"],"picked":"Cold Snap+1","floor":18},{"not_picked":["Stack","Reprogram"],"picked":"Defragment+1","floor":21},{"not_picked":["Heatsinks+1","Go for the Eyes+1"],"picked":"Buffer","floor":21},{"not_picked":["Lockon","Stack"],"picked":"Redo+1","floor":22},{"not_picked":["hubris:PowerSurge","Leap","Conserve Battery"],"picked":"SKIP","floor":22},{"not_picked":["Hologram","Redo"],"picked":"Crystallizer","floor":24},{"not_picked":["Steam","Leap"],"picked":"Redo","floor":24},{"not_picked":["Streamline+1","Hologram"],"picked":"ReplaySort","floor":24},{"not_picked":["Steam","Rebound"],"picked":"Compile Driver","floor":24},{"not_picked":["Turbo","Leap"],"picked":"Redo","floor":24},{"not_picked":["Leap","BootSequence"],"picked":"Buffer","floor":25},{"not_picked":["White Noise","Compile Driver"],"picked":"Coolheaded","floor":25},{"not_picked":["Beam Cell+1","Ball Lightning"],"picked":"Cold Snap+1","floor":27},{"not_picked":["Rainbow","Streamline+1"],"picked":"Panic Button","floor":27},{"not_picked":["Consume","ReplayTheSpireMod:System Scan"],"picked":"BasicCrystalCard+1","floor":28},{"not_picked":["Reprogram","Sweeping Beam"],"picked":"FTL","floor":29},{"not_picked":["Biased Cognition","ReplayTheSpireMod:Fabricate Wheel"],"picked":"Mirror Shield","floor":33},{"not_picked":[],"picked":"hubris:Ukulele","floor":35},{"not_picked":["Beam Cell"],"picked":"SKIP","floor":35},{"not_picked":[],"picked":"Defragment","floor":38},{"not_picked":[],"picked":"Barrage+1","floor":38},{"not_picked":["Rebound"],"picked":"SKIP","floor":39},{"not_picked":["Beam Cell+1"],"picked":"SKIP","floor":39},{"not_picked":["Rip and Tear+1"],"picked":"SKIP","floor":40},{"not_picked":[],"picked":"Redo+1","floor":44},{"not_picked":[],"picked":"Coolheaded+1","floor":44},{"not_picked":[],"picked":"Leap+1","floor":45},{"not_picked":[],"picked":"Amplify","floor":45}],"player_experience":46988,"relics_obtained":[{"floor":7,"key":"ReplayTheSpireMod:Ninjato"},{"floor":9,"key":"Bottled Flame"},{"floor":13,"key":"Replay:Arrowhead"},{"floor":26,"key":"Iron Hammer"},{"floor":28,"key":"hubris:64BitClover"},{"floor":28,"key":"Snack Pack"},{"floor":29,"key":"Durian"},{"floor":40,"key":"Shuriken"},{"floor":42,"key":"Smiling Mask"},{"floor":43,"key":"Gremlin Horn"}],"event_choices":[{"cards_removed":["Strike_B"],"damage_healed":0,"gold_gain":0,"player_choice":"Card Removal","damage_taken":0,"max_hp_gain":0,"max_hp_loss":0,"event_name":"The Cleric","floor":5,"gold_loss":50},{"damage_healed":0,"gold_gain":0,"player_choice":"Forge","damage_taken":0,"max_hp_gain":0,"max_hp_loss":0,"event_name":"Accursed Blacksmith","floor":8,"gold_loss":0,"cards_upgraded":["Zap"]},{"damage_healed":0,"gold_gain":0,"player_choice":"Upgraded Two","damage_taken":0,"max_hp_gain":0,"max_hp_loss":0,"event_name":"Designer","floor":19,"gold_loss":40,"cards_upgraded":["Leap","Defend_B"]},{"damage_healed":0,"gold_gain":0,"player_choice":"Fight","damage_taken":0,"max_hp_gain":0,"max_hp_loss":0,"event_name":"Colosseum","floor":28,"gold_loss":0},{"damage_healed":0,"gold_gain":0,"player_choice":"Fought Nobs","damage_taken":0,"max_hp_gain":0,"max_hp_loss":0,"event_name":"Colosseum","floor":28,"gold_loss":0},{"damage_healed":0,"gold_gain":0,"player_choice":"Ignored","damage_taken":0,"max_hp_gain":0,"max_hp_loss":0,"event_name":"Ghosts","floor":31,"gold_loss":0},{"damage_healed":0,"gold_gain":0,"player_choice":"Paid","damage_taken":0,"relics_obtained":["Red Mask"],"max_hp_gain":0,"max_hp_loss":0,"event_name":"Tomb of Lord Red Mask","floor":37,"gold_loss":44},{"damage_healed":0,"gold_gain":0,"player_choice":"Max HP","damage_taken":0,"max_hp_gain":0,"max_hp_loss":4,"event_name":"Winding Halls","floor":41,"gold_loss":0},{"damage_healed":0,"gold_gain":0,"player_choice":"Ignored","damage_taken":0,"max_hp_gain":0,"max_hp_loss":0,"event_name":"Mysterious Sphere","floor":48,"gold_loss":0}],"is_beta":false,"boss_relics":[{"not_picked":["Replay:Wanted Poster","Replay:Drink Me"],"picked":"hubris:TerracottaHorce"},{"not_picked":["Inserter","Replay:Ancient Bell"],"picked":"Busted Crown"}],"items_purged_floors":[4,20,24,36,46],"is_endless":false,"potions_floor_spawned":[7,11,14,16,22,27,28,33,35,38,40,45],"ascension_level":1}}