{"host":"7sni158j623xchr2","time":1609443344,"event":{"mods":["BaseMod","Colored Map","Highlight Path","Minty Spire (QoL Compilation)","Permanent Neow","Potion Indicator Mod","Rare Cards Sparkle","Relic Sorter","Relic Stats","StSLib","everything is the same but u backflip on backflip"],"gold_per_floor":[113,113,288,303,323,357,370,370,419,457,457,77,98,98,98,221,221,246,246,171,186,204,204,247,247,247,0,27,27,50,50,50],"floor_reached":31,"playtime":682,"items_purged":["Doubt"],"score":274,"play_id":"e408da52-8e36-4e05-bce0-47fff43fe691","local_time":"20201231133544","is_ascension_mode":true,"campfire_choices":[{"data":"Disarm","floor":8,"key":"SMITH"},{"floor":15,"key":"REST"},{"data":"Limit Break","floor":23,"key":"SMITH"},{"data":"Immolate","floor":25,"key":"SMITH"}],"circlet_count":0,"master_deck":["Strike_R","Strike_R+1","Defend_R","Defend_R","Bash","Headbutt","Disarm+1","Fire Breathing+1","Feel No Pain","Shrug It Off","Limit Break+1","Immolate+1","True Grit+1","Blood for Blood+1","Double Tap+1","True Grit+1"],"relics":["Burning Blood","Golden Idol","Pantograph","Lantern","Nunchaku","Brimstone","Astrolabe","Tiny Chest","Kunai","Mummified Hand","Oddly Smooth Stone","Darkstone Periapt","Anchor"],"acts_visited":["Exordium","TheCity"],"potions_floor_usage":[10,16,24,31,31],"damage_taken":[{"damage":6,"enemies":"Small Slimes","floor":1,"turns":3},{"damage":12,"enemies":"2 Louse","floor":4,"turns":3},{"damage":9,"enemies":"Jaw Worm","floor":5,"turns":3},{"damage":34,"enemies":"Gremlin Nob","floor":6,"turns":5},{"damage":12,"enemies":"Blue Slaver","floor":7,"turns":5},{"damage":7,"enemies":"Lagavulin","floor":10,"turns":10},{"damage":20,"enemies":"Exordium Wildlife","floor":13,"turns":5},{"damage":42,"enemies":"The Guardian","floor":16,"turns":8},{"damage":12,"enemies":"Spheric Guardian","floor":18,"turns":3},{"damage":16,"enemies":"Shell Parasite","floor":21,"turns":3},{"damage":0,"enemies":"Centurion and Healer","floor":22,"turns":5},{"damage":51,"enemies":"Gremlin Leader","floor":24,"turns":5},{"damage":36,"enemies":"Book of Stabbing","floor":31,"turns":4}],"seed_played":"-3223884199108601829","potions_obtained":[{"floor":5,"key":"BloodPotion"},{"floor":7,"key":"BlessingOfTheForge"},{"floor":13,"key":"SkillPotion"},{"floor":18,"key":"EssenceOfSteel"},{"floor":22,"key":"AttackPotion"}],"is_trial":false,"path_per_floor":["M","?","?","M","M","E","M","R","T","E","?","$","M","?","R","B",null,"M","?","?","M","M","R","E","R","T","$","T","?","T","E"],"character_chosen":"IRONCLAD","items_purchased":["Brimstone","Limit Break","Mummified Hand"],"campfire_rested":1,"item_purchase_floors":[12,12,27],"current_hp_per_floor":[56,56,56,50,47,19,13,13,13,12,30,30,16,1,23,12,74,68,68,68,58,64,64,19,19,19,19,19,19,19,0,0],"gold":50,"neow_bonus":"TRANSFORM_TWO_CARDS","is_daily":false,"chose_seed":false,"campfire_upgraded":3,"win_rate":0.0,"timestamp":1609443344,"path_taken":["M","?","?","M","M","E","M","R","T","E","?","$","M","?","R","BOSS","M","?","?","M","M","R","E","R","T","?","?","?","?","E"],"items_purchased_type":["Relic","Card","Relic"],"build_version":"2020-12-22","purchased_purges":1,"victory":false,"max_hp_per_floor":[80,74,74,74,74,74,74,74,74,74,74,74,74,74,74,74,74,74,74,71,71,71,71,71,71,71,71,71,71,71,71,71],"relic_stats":{"Darkstone Periapt":0,"Nunchaku":[4],"counters":[13,62],"Golden Idol":75,"Mummified Hand":[1],"Pantograph":25,"Astrolabe":["True Grit","Blood for Blood","Double Tap"],"Tiny Chest":1,"Kunai":[0],"obtain_stats":[{"Darkstone Periapt":29,"Lantern":9,"Golden Idol":2,"Astrolabe":17,"Oddly Smooth Stone":28,"Burning Blood":0,"Nunchaku":10,"Anchor":30,"Brimstone":12,"Mummified Hand":27,"Pantograph":6,"Tiny Chest":24,"Kunai":26},{"Darkstone Periapt":12,"Lantern":5,"Golden Idol":1,"Astrolabe":8,"Oddly Smooth Stone":12,"Burning Blood":0,"Nunchaku":6,"Anchor":12,"Brimstone":6,"Mummified Hand":12,"Pantograph":4,"Tiny Chest":12,"Kunai":12},{"Darkstone Periapt":58,"Lantern":19,"Golden Idol":3,"Astrolabe":42,"Oddly Smooth Stone":58,"Burning Blood":0,"Nunchaku":29,"Anchor":58,"Brimstone":29,"Mummified Hand":58,"Pantograph":14,"Tiny Chest":58,"Kunai":58}],"Burning Blood":72},"card_choices":[{"not_picked":["Headbutt","Sever Soul"],"picked":"Fire Breathing","floor":1},{"not_picked":["Thunderclap","Warcry","Wild Strike"],"picked":"SKIP","floor":4},{"not_picked":["Anger","Headbutt","Sword Boomerang"],"picked":"SKIP","floor":5},{"not_picked":["Hemokinesis","Seeing Red"],"picked":"Feel No Pain","floor":6},{"not_picked":["Havoc","Twin Strike"],"picked":"Shrug It Off","floor":7},{"not_picked":["Pummel","Armaments","Hemokinesis"],"picked":"SKIP","floor":10},{"not_picked":["Armaments","Clothesline","Entrench"],"picked":"SKIP","floor":13},{"not_picked":["Berserk","Fiend Fire"],"picked":"Immolate","floor":16},{"not_picked":["Reckless Charge","Clothesline"],"picked":"True Grit+1","floor":18},{"not_picked":["Iron Wave","Headbutt","Perfected Strike"],"picked":"SKIP","floor":21},{"not_picked":["Bludgeon","Blood for Blood","Armaments"],"picked":"SKIP","floor":22},{"not_picked":["Searing Blow","Hemokinesis","Inflame"],"picked":"SKIP","floor":24}],"player_experience":1554607,"relics_obtained":[{"floor":6,"key":"Pantograph"},{"floor":9,"key":"Lantern"},{"floor":10,"key":"Nunchaku"},{"floor":24,"key":"Tiny Chest"},{"floor":26,"key":"Kunai"},{"floor":28,"key":"Oddly Smooth Stone"},{"floor":30,"key":"Anchor"}],"event_choices":[{"damage_healed":0,"gold_gain":0,"player_choice":"Lose Max HP","damage_taken":0,"relics_obtained":["Golden Idol"],"max_hp_gain":0,"max_hp_loss":6,"event_name":"Golden Idol","floor":2,"gold_loss":0},{"damage_healed":0,"gold_gain":175,"player_choice":"AGREE","damage_taken":0,"max_hp_gain":0,"max_hp_loss":0,"event_name":"Liars Game","floor":3,"gold_loss":0,"cards_obtained":["Doubt"]},{"damage_healed":18,"gold_gain":0,"player_choice":"Healed and dodged fight","damage_taken":0,"max_hp_gain":0,"max_hp_loss":0,"event_name":"Mushrooms","floor":11,"gold_loss":0,"cards_obtained":["Parasite"]},{"damage_healed":0,"gold_gain":0,"player_choice":"Entered Light","damage_taken":15,"max_hp_gain":0,"max_hp_loss":0,"event_name":"Shining Light","floor":14,"gold_loss":0,"cards_upgraded":["Fire Breathing","Strike_R"]},{"damage_healed":0,"gold_gain":0,"player_choice":"Ignored","damage_taken":0,"max_hp_gain":0,"max_hp_loss":0,"event_name":"Vampires","floor":19,"gold_loss":0},{"cards_removed":["Parasite"],"damage_healed":0,"gold_gain":0,"player_choice":"Gave Gold","damage_taken":0,"max_hp_gain":0,"max_hp_loss":0,"event_name":"Beggar","floor":20,"gold_loss":75},{"damage_healed":0,"gold_gain":0,"player_choice":"Opened","damage_taken":0,"relics_obtained":["Darkstone Periapt"],"max_hp_gain":0,"max_hp_loss":0,"event_name":"The Mausoleum","floor":29,"gold_loss":0}],"is_beta":false,"boss_relics":[{"not_picked":["Runic Pyramid","Tiny House"],"picked":"Astrolabe"}],"items_purged_floors":[12],"is_endless":false,"potions_floor_spawned":[5,7,13,18,22],"killed_by":"Book of Stabbing","ascension_level":1}}