{"host":"96bpdudduaq3ttpf","time":1609379956,"event":{"mods":["2.2 Compatiblity","Act Like it!","Astrologer","Bard","Bartender","BaseMod","CapriCore","Challenge The Spire","Chen","Downfall","Elementarium","Energized Spire","Friendly Minions","Gensokyo","GifTheSpireLib","Hallownest","Hermit","Jorbs\u0027s Wanderer Trilogy","KinomotoSakuraMod(????)","Koishi","KomeijiMod","Mari Mod (Legacy)","Mari\u0027s V1 Patch","Marisa????????","Mimic Mod","Minty Spire (QoL Compilation)","Prisma Mod","Quick Restart","Remilia??????","Replay The Spire","Robot Space Explorer","Shade Mod","StSLib","Td1madao Mod","The Administrix","The Bladedancer","The Bug Knight","The Construct","The Cursed","The Factory","The Forsaken","The Gatherer","The Hierophant","The Immortal","The IronCluck","The Jungle","The Marked","The Mystic","The Necromancer","The Runesmith","The Senshi","The Servant 0.9.4","Wandering Minibosses","WarShipGirlsR/????R mod","Yohane!","Yuyuko"],"gold_per_floor":[110,285,285,305,319,319,319,319],"floor_reached":7,"playtime":179,"items_purged":[],"score":41,"play_id":"62b9d474-8e5b-4530-b313-7ec3f4bc7b87","local_time":"20201230185916","is_ascension_mode":false,"campfire_choices":[{"data":"Here Defend Chip","floor":6,"key":"SMITH"}],"circlet_count":0,"master_deck":["Strike_C","Strike_C","Strike_C","Strike_C","Defend_C","Defend_C","Defend_C","Defend_C","Knight Kick","Chip","Lunge","Doubt","Floating Swing Kick","Here Defend Chip+1"],"relics":["Apod","NeowsBlessing"],"acts_visited":["Exordium"],"potions_floor_usage":[],"damage_taken":[{"damage":0,"enemies":"Jaw Worm","floor":1,"turns":1},{"damage":0,"enemies":"Small Slimes","floor":4,"turns":1},{"damage":0,"enemies":"Cultist","floor":5,"turns":1},{"damage":14,"enemies":"Gremlin Nob","floor":7,"turns":4}],"seed_played":"-9203812865959440829","potions_obtained":[],"is_trial":false,"path_per_floor":["M","?","?","M","M","R","E"],"character_chosen":"TD1MADAO_CLASS","items_purchased":[],"campfire_rested":0,"item_purchase_floors":[],"current_hp_per_floor":[70,70,70,70,70,70,56,56],"gold":319,"neow_bonus":"THREE_ENEMY_KILL","is_daily":false,"chose_seed":false,"campfire_upgraded":1,"win_rate":0.0,"timestamp":1609379956,"path_taken":["M","?","?","?","M","R","E"],"items_purchased_type":[],"build_version":"2020-12-22","purchased_purges":0,"victory":false,"max_hp_per_floor":[70,70,70,70,70,70,70,70],"card_choices":[{"not_picked":["Fire Blade","Machining"],"picked":"Lunge","floor":1},{"not_picked":["Paralysis","Black Execution"],"picked":"Floating Swing Kick","floor":4},{"not_picked":["Floating Even","Money Cant Rescue"],"picked":"Here Defend Chip","floor":5}],"player_experience":765288,"relics_obtained":[],"event_choices":[{"damage_healed":0,"gold_gain":175,"player_choice":"AGREE","damage_taken":0,"max_hp_gain":0,"max_hp_loss":0,"event_name":"Liars Game","floor":2,"gold_loss":0,"cards_obtained":["Doubt"]},{"damage_healed":0,"gold_gain":0,"player_choice":"Ignored","damage_taken":0,"max_hp_gain":0,"max_hp_loss":0,"event_name":"Golden Wing","floor":3,"gold_loss":0}],"is_beta":false,"boss_relics":[],"items_purged_floors":[],"is_endless":false,"potions_floor_spawned":[],"killed_by":"Gremlin Nob","ascension_level":0}}