{"host":"7o30bgpqouqblh42","time":1609443079,"event":{"mods":["AchievementEnabler","Aspiration","BaseMod","Colored Map","Downfall","Highlight Path","Minty Spire (QoL Compilation)","StSLib","SuperFastMode"],"gold_per_floor":[111,111,124,137,149,176,176,207,207,225,6,21,21,14,14,112,112,96,11,11,29,29,29,61,77,77,77,96,115,115,130,130,130,130],"floor_reached":33,"playtime":2180,"items_purged":["Defend_B"],"score":295,"play_id":"4c648897-ca44-493d-b99b-cd9ee7a1e5c2","local_time":"20201231143119","is_ascension_mode":true,"campfire_choices":[{"data":"Chaos","floor":7,"key":"SMITH"},{"floor":13,"key":"REST"},{"floor":15,"key":"REST"},{"floor":23,"key":"DIG"},{"data":"Electrodynamics","floor":27,"key":"SMITH"},{"floor":30,"key":"DIG"},{"floor":32,"key":"DIG"}],"circlet_count":0,"master_deck":["Strike_B","Strike_B","Strike_B","Defend_B","Defend_B","Defend_B","Zap","Dualcast","Defragment","Darkness","Coolheaded","Biased Cognition","Undo","Chaos+1","Reboot","Leap","Go for the Eyes","Electrodynamics+1","CurseOfTheBell","Compile Driver+1","Auto Shields","Chill","Ball Lightning+1","Ball Lightning+1","Turbo","aspiration:Polymerization","Doom and Gloom+1"],"relics":["Cracked Core","aspiration:Nostalgia","Guardian:ModeShifter","Prayer Wheel","aspiration:Lifesprig","Anchor","aspiration:HiddenCompartment","Calling Bell","MealTicket","Molten Egg 2","CaptainsWheel","Shovel","aspiration:FetidBarrel","Art of War","HornCleat","Turnip","aspiration:FrozenJewel"],"acts_visited":["Exordium","TheCity"],"potions_floor_usage":[33],"damage_taken":[{"damage":2,"enemies":"2 Louse","floor":1,"turns":2},{"damage":5,"enemies":"Cultist","floor":3,"turns":4},{"damage":4,"enemies":"Small Slimes","floor":4,"turns":4},{"damage":4,"enemies":"Exordium Wildlife","floor":5,"turns":4},{"damage":24,"enemies":"3 Sentries","floor":6,"turns":6},{"damage":10,"enemies":"Gremlin Nob","floor":8,"turns":4},{"damage":13,"enemies":"Large Slime","floor":10,"turns":5},{"damage":1,"enemies":"Red Slaver","floor":12,"turns":4},{"damage":10,"enemies":"Exordium Thugs","floor":14,"turns":4},{"damage":18,"enemies":"Slime Boss","floor":16,"turns":8},{"damage":11,"enemies":"2 Thieves","floor":18,"turns":4},{"damage":12,"enemies":"Shell Parasite","floor":21,"turns":5},{"damage":33,"enemies":"Gremlin Leader","floor":24,"turns":7},{"damage":9,"enemies":"Shelled Parasite and Fungi","floor":25,"turns":6},{"damage":0,"enemies":"3 Cultists","floor":28,"turns":4},{"damage":0,"enemies":"Snecko","floor":29,"turns":5},{"damage":0,"enemies":"Snake Plant","floor":31,"turns":3},{"damage":86,"enemies":"Champ","floor":33,"turns":11}],"seed_played":"-4559444263718616961","potions_obtained":[{"floor":1,"key":"FairyPotion"},{"floor":8,"key":"EssenceOfSteel"},{"floor":12,"key":"SteroidPotion"},{"floor":18,"key":"FocusPotion"}],"is_trial":false,"path_per_floor":["M","?","M","M","M","E","R","E","T","M","$","M","R","M","R","B",null,"M","?","?","M","$","R","E","M","T","R","M","M","R","M","R","B"],"character_chosen":"DEFECT","items_purchased":["aspiration:HiddenCompartment"],"campfire_rested":2,"item_purchase_floors":[11],"current_hp_per_floor":[73,73,68,64,60,36,36,26,26,13,13,12,34,24,46,28,75,64,64,64,52,67,67,34,25,25,25,25,25,25,25,25,0,0],"gold":130,"neow_bonus":"NOSTALGIA","is_daily":false,"chose_seed":false,"campfire_upgraded":2,"win_rate":0.0,"timestamp":1609443079,"path_taken":["M","?","?","M","M","E","R","E","T","M","$","M","R","?","R","BOSS","M","?","?","M","?","R","E","M","T","R","M","M","R","M","R","BOSS"],"items_purchased_type":["Relic"],"build_version":"2020-12-22","purchased_purges":1,"victory":false,"max_hp_per_floor":[75,75,75,75,75,75,75,75,75,75,75,75,75,75,75,75,75,75,75,75,75,75,75,75,75,75,75,75,75,75,75,75,75,75],"card_choices":[{"not_picked":["Self Repair","Barrage"],"picked":"Defragment","floor":1},{"not_picked":["Hologram","Stack"],"picked":"Coolheaded","floor":3},{"not_picked":["Redo","Cold Snap"],"picked":"Biased Cognition","floor":4},{"not_picked":["Go for the Eyes","Coolheaded"],"picked":"Undo","floor":5},{"not_picked":["Sweeping Beam","Cold Snap"],"picked":"Chaos","floor":6},{"not_picked":["Reprogram","FTL"],"picked":"Reboot","floor":8},{"not_picked":["Storm","Stack"],"picked":"Leap","floor":10},{"not_picked":["Reprogram","Turbo","White Noise"],"picked":"SKIP","floor":10},{"not_picked":["Conserve Battery","Reprogram"],"picked":"Go for the Eyes","floor":12},{"not_picked":["Sunder","Cold Snap","Steam"],"picked":"SKIP","floor":12},{"not_picked":["Sweeping Beam","Conserve Battery","Cold Snap"],"picked":"SKIP","floor":14},{"not_picked":["Gash","Turbo","Conserve Battery"],"picked":"SKIP","floor":14},{"not_picked":["Meteor Strike","Thunder Strike"],"picked":"Electrodynamics","floor":16},{"not_picked":["Sweeping Beam+1","Self Repair"],"picked":"Compile Driver+1","floor":18},{"not_picked":["Blizzard+1","Conserve Battery","Go for the Eyes+1"],"picked":"SKIP","floor":18},{"not_picked":["Barrage+1","Compile Driver+1"],"picked":"Auto Shields","floor":21},{"not_picked":["Redo","Cold Snap+1","Sweeping Beam+1"],"picked":"SKIP","floor":21},{"not_picked":["Undo+1","Skim","Conserve Battery"],"picked":"SKIP","floor":24},{"not_picked":["Turbo","Reprogram"],"picked":"Chill","floor":25},{"not_picked":["Barrage+1","Doom and Gloom+1"],"picked":"Ball Lightning+1","floor":25},{"not_picked":["Conserve Battery+1","Steam"],"picked":"Ball Lightning+1","floor":28},{"not_picked":["Rip and Tear+1","Loop"],"picked":"Turbo","floor":28},{"not_picked":["Compile Driver+1","Buffer"],"picked":"aspiration:Polymerization","floor":29},{"not_picked":["Sweeping Beam+1","Coolheaded","Turbo"],"picked":"SKIP","floor":29},{"not_picked":["Hello World","Sweeping Beam+1"],"picked":"Doom and Gloom+1","floor":31},{"not_picked":["Sweeping Beam+1","Consume","Redo"],"picked":"SKIP","floor":31}],"player_experience":210632,"relics_obtained":[{"floor":6,"key":"Prayer Wheel"},{"floor":8,"key":"aspiration:Lifesprig"},{"floor":9,"key":"Anchor"},{"floor":17,"key":"MealTicket"},{"floor":17,"key":"Molten Egg 2"},{"floor":17,"key":"CaptainsWheel"},{"floor":23,"key":"aspiration:FetidBarrel"},{"floor":24,"key":"Art of War"},{"floor":26,"key":"HornCleat"},{"floor":30,"key":"Turnip"},{"floor":32,"key":"aspiration:FrozenJewel"}],"event_choices":[{"damage_healed":0,"gold_gain":0,"cards_transformed":["Strike_B"],"player_choice":"Transformed","damage_taken":0,"max_hp_gain":0,"max_hp_loss":0,"event_name":"Transmorgrifier","floor":2,"gold_loss":0,"cards_obtained":["Darkness"]},{"damage_healed":0,"gold_gain":0,"player_choice":"Obtained Relic","damage_taken":0,"relics_obtained":["Shovel"],"max_hp_gain":0,"max_hp_loss":0,"event_name":"Addict","floor":19,"gold_loss":85},{"damage_healed":0,"gold_gain":0,"player_choice":"Ignored","damage_taken":0,"max_hp_gain":0,"max_hp_loss":0,"event_name":"Vampires","floor":20,"gold_loss":0}],"is_beta":false,"boss_relics":[{"not_picked":["Busted Crown","Sozu"],"picked":"Calling Bell"}],"items_purged_floors":[11],"is_endless":false,"potions_floor_spawned":[1,8,12,16,18,21,28],"killed_by":"Champ","ascension_level":1}}