{"host":"67b023zx83deun0a","time":1609385262,"event":{"mods":["BaseMod","Minty Spire (QoL Compilation)","Relic Stats","StSLib"],"gold_per_floor":[116,191,11,11,11,11,41,41,41,67,67,90,102,132,144,254,266,293,315,327,438,450,462,508,520,558,585,597,621,649,677,689,806,818,844,875,901,927,953,965,988,1018,1078,196,196,210,245,260,260,260,260,260,87,117,117],"floor_reached":56,"playtime":3890,"items_purged":["Strike_B","Strike_B"],"score":1597,"play_id":"e77f17d9-7661-4b14-b6aa-260cb921931a","local_time":"20201230192742","is_ascension_mode":true,"campfire_choices":[{"data":"Chaos","floor":6.0,"key":"SMITH"},{"data":"Zap","floor":8.0,"key":"SMITH"},{"floor":11.0,"key":"DIG"},{"floor":13.0,"key":"DIG"},{"floor":15.0,"key":"DIG"},{"floor":23.0,"key":"DIG"},{"floor":25.0,"key":"DIG"},{"data":"Reboot","floor":32.0,"key":"SMITH"},{"data":"Seek","floor":40.0,"key":"SMITH"},{"floor":49,"key":"RECALL"},{"data":"Loop","floor":52,"key":"SMITH"}],"circlet_count":0,"master_deck":["Strike_B+1","Strike_B","Defend_B","Defend_B","Defend_B","Defend_B","Zap+1","Dualcast","Chaos+1","Streamline+1","Loop+1","Reboot+1","Ball Lightning","Hologram","Echo Form","Coolheaded+1","Go for the Eyes+1","Steam","Thunder Strike+1","Go for the Eyes+1","Seek+1","Cold Snap+1","Barrage+1","Rebound+1","Go for the Eyes+1","Electrodynamics","White Noise","Stack","Loop","Doubt","Conserve Battery+1","Static Discharge+1","Conserve Battery+1"],"relics":["Cracked Core","NeowsBlessing","DataDisk","Bag of Preparation","Cables","Shovel","MawBank","Mummified Hand","Molten Egg 2","Coffee Dripper","Strawberry","Vajra","Potion Belt","Lantern","Runic Pyramid","Lizard Tail","ClockworkSouvenir","Mercury Hourglass","Smiling Mask","Toy Ornithopter"],"acts_visited":["Exordium","TheCity","TheBeyond","TheEnding"],"potions_floor_usage":[50,50,54,55],"damage_taken":[{"damage":0.0,"enemies":"Small Slimes","floor":1.0,"turns":1.0},{"damage":0.0,"enemies":"3 Sentries","floor":7.0,"turns":2.0},{"damage":0.0,"enemies":"Gremlin Nob","floor":10.0,"turns":1.0},{"damage":7.0,"enemies":"Jaw Worm","floor":12.0,"turns":2.0},{"damage":1.0,"enemies":"2 Louse","floor":14.0,"turns":2.0},{"damage":34.0,"enemies":"The Guardian","floor":16.0,"turns":8.0},{"damage":2.0,"enemies":"3 Byrds","floor":18.0,"turns":3.0},{"damage":1.0,"enemies":"Shell Parasite","floor":19.0,"turns":4.0},{"damage":29.0,"enemies":"Slavers","floor":24.0,"turns":4.0},{"damage":11.0,"enemies":"Chosen and Byrds","floor":27.0,"turns":6.0},{"damage":0.0,"enemies":"Cultist and Chosen","floor":29.0,"turns":3.0},{"damage":3.0,"enemies":"Centurion and Healer","floor":30.0,"turns":3.0},{"damage":14.0,"enemies":"Snake Plant","floor":31.0,"turns":3.0},{"damage":8.0,"enemies":"Champ","floor":33.0,"turns":6.0},{"damage":1.0,"enemies":"3 Shapes","floor":35.0,"turns":3.0},{"damage":2.0,"enemies":"3 Darklings","floor":36.0,"turns":4.0},{"damage":5.0,"enemies":"Maw","floor":37.0,"turns":6.0},{"damage":3.0,"enemies":"Sphere and 2 Shapes","floor":38.0,"turns":4.0},{"damage":21.0,"enemies":"Jaw Worm Horde","floor":39.0,"turns":3.0},{"damage":18,"enemies":"Writhing Mass","floor":41,"turns":5},{"damage":14,"enemies":"Spire Growth","floor":42,"turns":4},{"damage":0,"enemies":"Transient","floor":46,"turns":5},{"damage":0,"enemies":"Reptomancer","floor":47,"turns":5},{"damage":0,"enemies":"Jaw Worm Horde","floor":48,"turns":2},{"damage":24,"enemies":"Awakened One","floor":50,"turns":9},{"damage":6,"enemies":"Shield and Spear","floor":54,"turns":2},{"damage":102,"enemies":"The Heart","floor":55,"turns":8}],"seed_played":"-572714038155450808","potions_obtained":[{"floor":1.0,"key":"FairyPotion"},{"floor":14.0,"key":"Dexterity Potion"},{"floor":16.0,"key":"LiquidMemories"},{"floor":24.0,"key":"SneckoOil"},{"floor":27.0,"key":"Regen Potion"},{"floor":37.0,"key":"GamblersBrew"},{"floor":38.0,"key":"SteroidPotion"},{"floor":42,"key":"Weak Potion"},{"floor":47,"key":"SpeedPotion"}],"is_trial":false,"path_per_floor":["M","?","$","?","?","R","E","R","T","E","R","M","R","M","R","B",null,"M","M","?","?","?","R","E","R","T","M","?","M","M","M","R","B",null,"M","M","M","M","M","R","M","M","T","$","?","M","E","M","R","B",null,"R","$","E","B",null],"character_chosen":"DEFECT","items_purchased":["DataDisk","Streamline","Lizard Tail","ClockworkSouvenir","Mercury Hourglass","PowerPotion","Loop","LiquidMemories","PowerPotion"],"campfire_rested":0,"item_purchase_floors":[3,3,44,44,44,44,44,53,53],"current_hp_per_floor":[68,57,57,42,47,47,47,47,47,47,47,40,40,39,39,5,61,59,58,80,80,65,72,43,43,43,32,20,29,26,12,12,4,70,69,67,62,59,38,38,20,6,6,6,92,92,92,92,92,68,86,86,86,80,10],"gold":117,"neow_bonus":"THREE_ENEMY_KILL","is_daily":false,"chose_seed":false,"campfire_upgraded":5,"win_rate":0.0,"timestamp":1609385262,"path_taken":["M","?","$","?","?","R","E","R","T","E","R","M","R","M","R","BOSS","M","M","?","?","?","R","E","R","T","M","?","M","?","M","R","BOSS","M","M","M","M","M","R","M","M","T","$","?","M","E","M","R","BOSS","R","$","E","BOSS"],"items_purchased_type":["Relic","Card","Relic","Relic","Relic","Potion","Card","Potion","Potion"],"build_version":"2020-12-22","purchased_purges":2,"victory":true,"max_hp_per_floor":[75,75,75,75,80,80,80,80,80,80,80,80,80,80,80,80,80,80,80,80,80,85,92,92,92,92,92,92,92,92,92,92,92,92,92,92,92,92,92,92,92,92,92,92,92,92,92,92,92,92,92,92,92,92,92],"relic_stats":{"Lizard Tail":0,"Shovel":5,"counters":[27,107],"Mummified Hand":[66],"Bag of Preparation":[50],"MawBank":396,"Smiling Mask":50,"obtain_stats":[{"Potion Belt":25,"Lantern":26,"NeowsBlessing":0,"Vajra":24,"Bag of Preparation":7,"MawBank":11,"Smiling Mask":47,"Cables":9,"ClockworkSouvenir":44,"Mercury Hourglass":44,"DataDisk":3,"Lizard Tail":44,"Shovel":10,"Mummified Hand":13,"Strawberry":23,"Molten Egg 2":15,"Coffee Dripper":17,"Cracked Core":0,"Toy Ornithopter":54,"Runic Pyramid":34},{"Potion Belt":9,"Lantern":9,"NeowsBlessing":0,"Vajra":9,"Bag of Preparation":2,"MawBank":3,"Smiling Mask":23,"Cables":2,"ClockworkSouvenir":21,"Mercury Hourglass":21,"DataDisk":1,"Lizard Tail":21,"Shovel":3,"Mummified Hand":4,"Strawberry":8,"Molten Egg 2":5,"Coffee Dripper":6,"Cracked Core":0,"Toy Ornithopter":26,"Runic Pyramid":14},{"Potion Belt":27,"Lantern":27,"NeowsBlessing":0,"Vajra":27,"Bag of Preparation":3,"MawBank":4,"Smiling Mask":86,"Cables":3,"ClockworkSouvenir":76,"Mercury Hourglass":76,"DataDisk":1,"Lizard Tail":76,"Shovel":4,"Mummified Hand":6,"Strawberry":23,"Molten Egg 2":8,"Coffee Dripper":16,"Cracked Core":0,"Toy Ornithopter":99,"Runic Pyramid":47}],"Toy Ornithopter":5,"Cables":[84,44,25,7,8],"Mercury Hourglass":[117]},"card_choices":[{"not_picked":["BootSequence","Redo"],"picked":"Chaos","floor":1.0},{"not_picked":["Force Field","Chaos"],"picked":"Loop","floor":7.0},{"not_picked":["Auto Shields","Beam Cell"],"picked":"Reboot","floor":10.0},{"not_picked":["Hologram","Fusion"],"picked":"Ball Lightning","floor":12.0},{"not_picked":["Coolheaded","Conserve Battery"],"picked":"Hologram","floor":14.0},{"not_picked":["Reboot","Amplify"],"picked":"Echo Form","floor":16.0},{"not_picked":["Redo","Lockon+1"],"picked":"Coolheaded+1","floor":18.0},{"not_picked":["Steam Power","Ball Lightning+1"],"picked":"Go for the Eyes+1","floor":19.0},{"not_picked":["BootSequence","Beam Cell+1","Static Discharge+1"],"picked":"SKIP","floor":24.0},{"not_picked":["Barrage+1","Coolheaded","Chaos"],"picked":"SKIP","floor":27.0},{"not_picked":["White Noise","Tempest"],"picked":"Steam","floor":29.0},{"not_picked":["Redo","Turbo"],"picked":"Thunder Strike+1","floor":30.0},{"not_picked":["Beam Cell+1","Tempest"],"picked":"Go for the Eyes+1","floor":31.0},{"not_picked":["Creative AI","Amplify"],"picked":"Seek","floor":33.0},{"not_picked":["Hologram","Turbo"],"picked":"Cold Snap+1","floor":35.0},{"not_picked":["Turbo+1","Darkness"],"picked":"Barrage+1","floor":36.0},{"not_picked":["Turbo","Barrage+1"],"picked":"Rebound+1","floor":37.0},{"not_picked":["Undo+1","Beam Cell+1"],"picked":"Go for the Eyes+1","floor":38.0},{"not_picked":["Streamline+1","Hologram+1"],"picked":"Electrodynamics","floor":39.0},{"not_picked":["Go for the Eyes+1","Heatsinks+1","White Noise"],"picked":"SKIP","floor":41},{"not_picked":["Go for the Eyes+1","Heatsinks+1"],"picked":"White Noise","floor":41},{"not_picked":["Skim","Streamline+1"],"picked":"Stack","floor":42},{"not_picked":["Turbo+1","Beam Cell+1"],"picked":"Conserve Battery+1","floor":46},{"not_picked":["Turbo+1","Cold Snap+1"],"picked":"Static Discharge+1","floor":47},{"not_picked":["Blizzard+1","Sweeping Beam+1"],"picked":"Conserve Battery+1","floor":48},{"not_picked":["Redo","Steam","Reprogram+1"],"picked":"SKIP","floor":54}],"player_experience":339073,"relics_obtained":[{"floor":7.0,"key":"Bag of Preparation"},{"floor":9.0,"key":"Cables"},{"floor":10.0,"key":"Shovel"},{"floor":11.0,"key":"MawBank"},{"floor":13.0,"key":"Mummified Hand"},{"floor":15.0,"key":"Molten Egg 2"},{"floor":23.0,"key":"Strawberry"},{"floor":24.0,"key":"Vajra"},{"floor":25.0,"key":"Potion Belt"},{"floor":26.0,"key":"Lantern"},{"floor":47,"key":"Smiling Mask"},{"floor":54,"key":"Toy Ornithopter"}],"event_choices":[{"damage_healed":0.0,"max_hp_gain":0.0,"max_hp_loss":0.0,"gold_gain":75.0,"event_name":"World of Goop","player_choice":"Gather Gold","floor":2.0,"gold_loss":0.0,"damage_taken":11.0},{"damage_healed":0.0,"max_hp_gain":0.0,"max_hp_loss":0.0,"gold_gain":0.0,"event_name":"Shining Light","player_choice":"Entered Light","floor":4.0,"gold_loss":0.0,"damage_taken":15.0,"cards_upgraded":["Streamline","Strike_B"]},{"damage_healed":0.0,"max_hp_gain":5.0,"max_hp_loss":0.0,"gold_gain":0.0,"event_name":"Big Fish","player_choice":"Donut","floor":5.0,"gold_loss":0.0,"damage_taken":0.0},{"damage_healed":26.0,"max_hp_gain":0.0,"max_hp_loss":0.0,"gold_gain":0.0,"event_name":"The Library","player_choice":"Heal","floor":20.0,"gold_loss":0.0,"damage_taken":0.0},{"damage_healed":0.0,"max_hp_gain":0.0,"max_hp_loss":0.0,"gold_gain":99.0,"event_name":"Nest","player_choice":"Stole From Cult","floor":21.0,"gold_loss":0.0,"damage_taken":0.0},{"damage_healed":0.0,"max_hp_gain":5.0,"max_hp_loss":0.0,"gold_gain":0.0,"event_name":"Forgotten Altar","player_choice":"Shed Blood","floor":22.0,"gold_loss":0.0,"damage_taken":20.0},{"damage_healed":0.0,"max_hp_gain":0.0,"max_hp_loss":0.0,"gold_gain":0.0,"event_name":"Knowing Skull","player_choice":"POTION ","floor":28.0,"potions_obtained":["Fire Potion"],"gold_loss":0.0,"damage_taken":12.0,"cards_obtained":[]},{"damage_healed":86,"gold_gain":0,"player_choice":"Heal","damage_taken":0,"max_hp_gain":0,"max_hp_loss":0,"event_name":"MindBloom","floor":45,"gold_loss":0,"cards_obtained":["Doubt"]}],"is_beta":false,"boss_relics":[{"not_picked":["Runic Dome","Velvet Choker"],"picked":"Coffee Dripper"},{"not_picked":["Philosopher\u0027s Stone","Black Star"],"picked":"Runic Pyramid"}],"items_purged_floors":[44,53],"is_endless":false,"potions_floor_spawned":[1,14,16,18,19,24,27,37,38,42,47],"ascension_level":7}}