{"host":"ixqzyafodex1tsi5","time":1609420767,"event":{"mods":["AchievementEnabler","Act Like it!","BaseMod","Gensokyo","GifTheSpireLib","Hallownest","Lobotomy","LobotomyExtend","Minty Spire (QoL Compilation)","Relic Stats","Replay The Spire","RumiaBox-露米娅的神秘盒子","Spicy Shops","StSLib","The Cursed","[IsaacMod]以撒尖塔","【功能Mod】混沌之环修复补丁","【遗物卡牌】REMEMod"],"gold_per_floor":[112,112,112,129,139,139,139],"floor_reached":6,"playtime":318,"items_purged":[],"score":36,"play_id":"a22358b8-b80d-4207-a5c6-9fe8527d5be8","local_time":"20201231211927","is_ascension_mode":false,"campfire_choices":[],"circlet_count":0,"master_deck":["TheCursedMod:CursedWand","TheCursedMod:Stigma","TheCursedMod:CircleOfFlame","TheCursedMod:Mangle","TheCursedMod:Mangle","TheCursedMod:Mangle","TheCursedMod:AshesToAshes","TheCursedMod:NeowsMight","TheCursedMod:ParallelWorld","Flash of Steel","Clumsy","TheCursedMod:ParallelWorld","TheCursedMod:SoulReap"],"relics":["TheCursedMod:Tack","REME_ComplimentaryCards","HushsDoor","PokeGo","CogitoBucket","LetterFromLob","Gensokyo:NagashiBinaDoll"],"acts_visited":["Gensokyo:Gensokyo"],"potions_floor_usage":[],"damage_taken":[{"damage":0,"enemies":"Gensokyo:2_Kodama","floor":1,"turns":1},{"damage":0,"enemies":"Gensokyo:3_Fairies","floor":4,"turns":2},{"damage":0,"enemies":"Gensokyo:Python","floor":5,"turns":2},{"damage":99999999,"enemies":"Gensokyo:Mamizou","floor":6,"turns":1}],"seed_played":"428612781791097659","potions_obtained":[],"is_trial":false,"path_per_floor":["M","?","?","M","M","E"],"character_chosen":"THE_CURSED","items_purchased":[],"campfire_rested":0,"item_purchase_floors":[],"current_hp_per_floor":[75,75,45,45,50,0,0],"gold":139,"neow_bonus":"","is_daily":false,"chose_seed":false,"campfire_upgraded":0,"win_rate":0.0,"timestamp":1609420767,"path_taken":["M","?","?","M","M","E"],"items_purchased_type":[],"build_version":"2020-12-22","purchased_purges":0,"victory":false,"max_hp_per_floor":[75,75,75,75,75,75,75],"relic_stats":{"counters":[4,6],"obtain_stats":[{"KeepersGift":0,"CogitoBucket":0,"PokeGo":0,"TheCursedMod:Tack":0,"Gensokyo:NagashiBinaDoll":2,"LetterFromLob":1,"HushsDoor":0,"REME_ComplimentaryCards":0},{"KeepersGift":0,"CogitoBucket":0,"PokeGo":0,"TheCursedMod:Tack":0,"Gensokyo:NagashiBinaDoll":1,"LetterFromLob":1,"HushsDoor":0,"REME_ComplimentaryCards":0},{"KeepersGift":0,"CogitoBucket":0,"PokeGo":0,"TheCursedMod:Tack":0,"Gensokyo:NagashiBinaDoll":1,"LetterFromLob":1,"HushsDoor":0,"REME_ComplimentaryCards":0}]},"card_choices":[{"not_picked":[],"picked":"SuicideKing","floor":0},{"not_picked":["OldLady","MeatLantern"],"picked":"DespairKnight","floor":1},{"not_picked":["TheCursedMod:CursedAmulet","TheCursedMod:FleshFromBone","TheCursedMod:Hemoplague"],"picked":"SKIP","floor":1},{"not_picked":["WallGazer","UniverseFragment","Wellcheers"],"picked":"Singing Bowl","floor":4},{"not_picked":["TheCursedMod:TacticalStrike","TheCursedMod:Wield"],"picked":"TheCursedMod:SoulReap","floor":4},{"not_picked":["Scorched","Murderer","Scarecrow"],"picked":"Singing Bowl","floor":5},{"not_picked":["TheCursedMod:CursedAmulet","TheCursedMod:Grudge","TheCursedMod:WearCloak"],"picked":"SKIP","floor":5}],"player_experience":158620,"relics_obtained":[{"floor":1,"key":"LetterFromLob"}],"event_choices":[],"is_beta":false,"boss_relics":[],"items_purged_floors":[],"is_endless":false,"potions_floor_spawned":[5],"killed_by":"Gensokyo:Mamizou","ascension_level":0}}