{"host":"Bilverbakes","time":1609457971,"event":{"mods":["2.2 Compatiblity","AchievementEnabler","BaseMod","Bestiary","Colored Map","Minty Spire (QoL Compilation)","Relic Stats","StSLib","ojb\u0027s Info Mod"],"gold_per_floor":[111,128,138,138,288,317,317,343,370,370,381,394,413,441,441,512,512,524,261,274,286,297,297,327,94,94,135,147,176,188,210,222,234,234],"floor_reached":33,"playtime":2399,"items_purged":["Envenom"],"score":628,"play_id":"aba3c0de-3bf1-4c04-a36f-d2c710370008","local_time":"20201231173931","is_ascension_mode":true,"campfire_choices":[{"data":"Bane","floor":7.0,"key":"SMITH"},{"data":"Neutralize","floor":15.0,"key":"SMITH"},{"data":"Acrobatics","floor":23.0,"key":"SMITH"},{"data":"Cloak And Dagger","floor":30,"key":"SMITH"},{"floor":32,"key":"REST"}],"circlet_count":0,"master_deck":["AscendersBane","Survivor","Neutralize+1","Bouncing Flask","Dagger Throw","Poisoned Stab","Bane+1","Slice","Dodge and Roll","Blur","Backstab","Escape Plan","Corpse Explosion","Noxious Fumes","Predator","Footwork","Dagger Spray","Expertise","Unload","Phantasmal Killer","Backstab","Deflect","Crippling Poison","Well Laid Plans","Backflip","Acrobatics+1","Reflex","Sucker Punch+1","Quick Slash+1","Cloak And Dagger+1"],"relics":["Ring of the Snake","FossilizedHelix","Blood Vial","Potion Belt","Snake Skull","Happy Flower","Pandora\u0027s Box","Matryoshka","Lantern","MawBank","Shuriken","Mercury Hourglass"],"acts_visited":["Exordium","TheCity"],"potions_floor_usage":[27,27,33],"damage_taken":[{"damage":0.0,"enemies":"Small Slimes","floor":1.0,"turns":3.0},{"damage":6.0,"enemies":"2 Louse","floor":2.0,"turns":4.0},{"damage":0.0,"enemies":"Cultist","floor":3.0,"turns":3.0},{"damage":5.0,"enemies":"Lagavulin","floor":6.0,"turns":6.0},{"damage":25.0,"enemies":"3 Sentries","floor":8.0,"turns":10.0},{"damage":0.0,"enemies":"Large Slime","floor":11.0,"turns":5.0},{"damage":0.0,"enemies":"3 Louse","floor":12.0,"turns":3.0},{"damage":16.0,"enemies":"Lots of Slimes","floor":13.0,"turns":5.0},{"damage":0.0,"enemies":"Gremlin Nob","floor":14.0,"turns":3.0},{"damage":20.0,"enemies":"Hexaghost","floor":16.0,"turns":10.0},{"damage":0.0,"enemies":"3 Byrds","floor":18.0,"turns":2.0},{"damage":2.0,"enemies":"Shell Parasite","floor":20.0,"turns":3.0},{"damage":12.0,"enemies":"Snake Plant","floor":21.0,"turns":3.0},{"damage":11.0,"enemies":"Centurion and Healer","floor":22.0,"turns":6.0},{"damage":0.0,"enemies":"Gremlin Leader","floor":24.0,"turns":4.0},{"damage":20,"enemies":"Book of Stabbing","floor":27,"turns":3},{"damage":4,"enemies":"Shelled Parasite and Fungi","floor":29,"turns":2},{"damage":0,"enemies":"Sentry and Sphere","floor":31,"turns":3},{"damage":40,"enemies":"Collector","floor":33,"turns":8}],"seed_played":"5934176826333638382","potions_obtained":[{"floor":1.0,"key":"Poison Potion"},{"floor":2.0,"key":"Block Potion"},{"floor":13.0,"key":"Energy Potion"},{"floor":16.0,"key":"Strength Potion"},{"floor":20.0,"key":"AttackPotion"},{"floor":24.0,"key":"SkillPotion"},{"floor":31,"key":"Explosive Potion"}],"is_trial":false,"path_per_floor":["M","M","M","?","?","E","R","E","T","?","M","M","M","E","R","B",null,"M","$","M","M","M","R","E","$","T","E","?","M","R","M","R","B"],"character_chosen":"THE_SILENT","items_purchased":["Crippling Poison","Well Laid Plans","Regen Potion","Lantern","LiquidMemories"],"campfire_rested":1,"item_purchase_floors":[19,19,19,25,25],"current_hp_per_floor":[44,38,38,60,60,55,55,32,32,32,34,36,22,24,24,6,51,53,53,53,43,34,34,48,48,48,30,30,28,28,30,49,11,11],"gold":234,"neow_bonus":"ONE_RARE_RELIC","is_daily":false,"chose_seed":false,"campfire_upgraded":4,"win_rate":0.0,"timestamp":1609457971,"path_taken":["M","M","M","?","?","E","R","E","T","?","?","M","M","E","R","BOSS","M","$","M","M","M","R","E","$","T","E","?","M","R","M","R","BOSS"],"items_purchased_type":["Card","Card","Potion","Relic","Potion"],"build_version":"2020-12-18","purchased_purges":1,"victory":false,"max_hp_per_floor":[66,66,66,66,66,66,66,66,66,66,66,66,66,66,66,66,66,66,66,66,66,66,66,66,66,66,66,66,66,66,66,66,66,66],"relic_stats":{"Blood Vial":30,"Happy Flower":[14],"counters":[19,86],"Shuriken":[10],"Pandora\u0027s Box":["Outmaneuver","Noxious Fumes","Predator","Footwork","Envenom","Dagger Spray","Expertise","Unload","Phantasmal Killer","Backstab"],"Snake Skull":[67],"MawBank":84,"obtain_stats":[{"Blood Vial":6,"Potion Belt":8,"Lantern":25,"Matryoshka":24,"Happy Flower":14,"Shuriken":26,"Pandora\u0027s Box":17,"Snake Skull":9,"MawBank":26,"FossilizedHelix":0,"Ring of the Snake":0,"Mercury Hourglass":27},{"Blood Vial":4,"Potion Belt":5,"Lantern":15,"Matryoshka":15,"Happy Flower":9,"Shuriken":15,"Pandora\u0027s Box":10,"Snake Skull":5,"MawBank":15,"FossilizedHelix":0,"Ring of the Snake":0,"Mercury Hourglass":16},{"Blood Vial":16,"Potion Belt":26,"Lantern":70,"Matryoshka":70,"Happy Flower":42,"Shuriken":70,"Pandora\u0027s Box":52,"Snake Skull":26,"MawBank":70,"FossilizedHelix":0,"Ring of the Snake":0,"Mercury Hourglass":73}],"Ring of the Snake":[38],"Mercury Hourglass":[47]},"card_choices":[{"not_picked":["Poisoned Stab","Dodge and Roll"],"picked":"Bouncing Flask","floor":1.0},{"not_picked":["Reflex","Deflect"],"picked":"Dagger Throw","floor":2.0},{"not_picked":["Deadly Poison","Tactician"],"picked":"Poisoned Stab","floor":3.0},{"not_picked":["Slice","Acrobatics"],"picked":"Bane","floor":6.0},{"not_picked":["Escape Plan","Dagger Throw"],"picked":"Slice","floor":8.0},{"not_picked":["Dagger Throw","Eviscerate"],"picked":"Dodge and Roll","floor":11.0},{"not_picked":["Dagger Throw","Phantasmal Killer"],"picked":"Blur","floor":12.0},{"not_picked":["Quick Slash","Slice"],"picked":"Backstab","floor":13.0},{"not_picked":["Setup","Slice"],"picked":"Escape Plan","floor":14.0},{"not_picked":["Die Die Die","Adrenaline"],"picked":"Corpse Explosion","floor":16.0},{"not_picked":["Quick Slash","PiercingWail+1"],"picked":"Deflect","floor":18.0},{"not_picked":["Accuracy","Heel Hook"],"picked":"Backflip","floor":20.0},{"not_picked":["Distraction","PiercingWail"],"picked":"Acrobatics","floor":21.0},{"not_picked":["Sucker Punch","Expertise"],"picked":"Reflex","floor":22.0},{"not_picked":["Dodge and Roll","Flying Knee"],"picked":"Sucker Punch+1","floor":24.0},{"not_picked":["Calculated Gamble","Crippling Poison"],"picked":"Quick Slash+1","floor":27},{"not_picked":["Venomology","Dagger Spray"],"picked":"Cloak And Dagger","floor":29},{"not_picked":["Sucker Punch","Deadly Poison","Masterful Stab"],"picked":"SKIP","floor":31}],"player_experience":488152,"relics_obtained":[{"floor":6.0,"key":"Blood Vial"},{"floor":8.0,"key":"Potion Belt"},{"floor":9.0,"key":"Snake Skull"},{"floor":14.0,"key":"Happy Flower"},{"floor":24.0,"key":"Matryoshka"},{"floor":26.0,"key":"MawBank"},{"floor":26.0,"key":"Shuriken"},{"floor":27,"key":"Mercury Hourglass"}],"event_choices":[{"damage_healed":22.0,"max_hp_gain":0.0,"max_hp_loss":0.0,"gold_gain":0.0,"event_name":"Big Fish","player_choice":"Banana","floor":4.0,"gold_loss":0.0,"damage_taken":0.0},{"damage_healed":0.0,"max_hp_gain":0.0,"max_hp_loss":0.0,"gold_gain":150.0,"event_name":"Liars Game","player_choice":"AGREE","floor":5.0,"gold_loss":0.0,"damage_taken":0.0,"cards_obtained":["Doubt"]},{"cards_removed":["Doubt"],"damage_healed":0.0,"max_hp_gain":0.0,"max_hp_loss":0.0,"gold_gain":0.0,"event_name":"Fountain of Cleansing","player_choice":"Removed Curses","floor":10.0,"gold_loss":0.0,"damage_taken":0.0},{"cards_removed":["Outmaneuver"],"damage_healed":0,"gold_gain":0,"player_choice":"Elegance","damage_taken":0,"max_hp_gain":0,"max_hp_loss":0,"event_name":"Back to Basics","floor":28,"gold_loss":0}],"is_beta":true,"boss_relics":[{"not_picked":["SlaversCollar","WristBlade"],"picked":"Pandora\u0027s Box"}],"items_purged_floors":[19],"is_endless":false,"potions_floor_spawned":[1,2,3,13,16,20,24,31],"killed_by":"Collector","ascension_level":15}}