{"host":"hqvh779b89tfrjxy","time":1609406794,"event":{"mods":["Act Like it!","BaseMod","Better Third Choice","Downfall","Elementarium","Filter the Spire","GifTheSpireLib","Minty Spire (QoL Compilation)","Replay The Spire","Spicy Shops","StSLib"],"gold_per_floor":[114,114,134,134,200,200,230,230,230,230,250,250,266,316,316,411,411,425,435,498,515,565,565,576,608,608,179,209,259,273,298,298,397,397,407,421,471,489,564,599,599,275,275,275,295,295,362,377,377,377,377,377,6,38,38],"floor_reached":56,"playtime":2825,"items_purged":["ReplayTheSpireMod:The Works+1","Strike_G"],"score":1521,"play_id":"bd6ef465-791b-4655-95c1-81bf5292d08a","local_time":"20201231102634","is_ascension_mode":true,"campfire_choices":[{"data":"Sucker Punch","floor":6,"key":"SMITH"},{"data":"Dash","floor":8,"key":"SMITH"},{"data":"Caltrops","floor":10,"key":"SMITH"},{"floor":12,"key":"REST"},{"floor":15,"key":"DIG"},{"data":"Caltrops","floor":23,"key":"SMITH"},{"data":"expansioncontent:DashGenerateEvil","floor":32,"key":"SMITH"},{"floor":41,"key":"RECALL"},{"data":"Catalyst","floor":44,"key":"SMITH"},{"data":"Finisher","floor":46,"key":"SMITH"},{"data":"Leg Sweep","floor":49,"key":"SMITH"},{"data":"Choke","floor":52,"key":"SMITH"}],"circlet_count":0,"master_deck":["Strike_G","Strike_G","Strike_G","Defend_G","Defend_G","Defend_G","Defend_G","Defend_G","Survivor","Caltrops+1","Sucker Punch+1","Dash+1","Choke+1","Dash","Dash","Caltrops+1","Corpse Explosion","Noxious Fumes","Leg Sweep+1","Fluid Movement","Underhanded Strike","Crippling Poison","expansioncontent:DashGenerateEvil+1","Bouncing Flask","ReplayTheSpireMod:Tripwire+1","Dagger Throw+1","Riddle With Holes","Catalyst+1","Finisher+1"],"relics":["Snecko Eye","SsserpentHead","Pocketwatch","HornCleat","ReplayTheSpireMod:Ninjato","Snecko Heart","Elementarium:FlickeringLantern","Darkstone Periapt","Snack Pack","Art of War","Letter Opener","Chameleon Ring","Elementarium:ElementariumTrophy","Ring of Chaos","Anchor","Replay:WaspNest","Orrery","Replay:Accelerometer","Gremlin Horn","Chemical X","Basket Of Snakes"],"acts_visited":["Exordium","Elementarium:Elementarium","TheBeyond","TheEnding"],"potions_floor_usage":[55,55],"damage_taken":[{"damage":7,"enemies":"Jaw Worm","floor":1,"turns":3},{"damage":0,"enemies":"Cultist","floor":3,"turns":3},{"damage":0,"enemies":"Small Slimes","floor":5,"turns":3},{"damage":36,"enemies":"Lagavulin","floor":7,"turns":12},{"damage":3,"enemies":"Looter","floor":11,"turns":2},{"damage":9,"enemies":"Exordium Wildlife","floor":13,"turns":2},{"damage":21,"enemies":"Fading Forest","floor":16,"turns":11},{"damage":0,"enemies":"Elementarium:2_ELEMENTALS","floor":18,"turns":2},{"damage":0,"enemies":"Elementarium:VoidCorruption","floor":19,"turns":3},{"damage":7,"enemies":"Elementarium:RubyGolem","floor":20,"turns":3},{"damage":7,"enemies":"Elementarium:3_ELEMENTALS","floor":21,"turns":3},{"damage":0,"enemies":"Elementarium:STONE_GOLEMS","floor":24,"turns":3},{"damage":1,"enemies":"Elementarium:WarGolem","floor":25,"turns":3},{"damage":0,"enemies":"Elementarium:ElementalPortal","floor":28,"turns":6},{"damage":0,"enemies":"Elementarium:RubyGolem","floor":30,"turns":3},{"damage":0,"enemies":"Elementarium:WarGolem","floor":31,"turns":3},{"damage":24,"enemies":"Elementarium:PHOENIXES","floor":33,"turns":7},{"damage":12,"enemies":"3 Darklings","floor":35,"turns":3},{"damage":0,"enemies":"Orb Walker","floor":36,"turns":3},{"damage":3,"enemies":"Sphere and 2 Shapes","floor":38,"turns":4},{"damage":7,"enemies":"Nemesis","floor":40,"turns":5},{"damage":22,"enemies":"4 Shapes","floor":45,"turns":3},{"damage":0,"enemies":"Maw","floor":47,"turns":6},{"damage":0,"enemies":"Transient","floor":48,"turns":5},{"damage":24,"enemies":"Awakened One","floor":50,"turns":10},{"damage":26,"enemies":"Shield and Spear","floor":54,"turns":4},{"damage":24,"enemies":"The Heart","floor":55,"turns":4}],"seed_played":"-7821181485299798816","potions_obtained":[{"floor":11,"key":"Ancient Potion"},{"floor":16,"key":"BlessingOfTheForge"},{"floor":19,"key":"LiquidBronze"},{"floor":20,"key":"SteroidPotion"}],"is_trial":false,"path_per_floor":["M","?","M","?","M","R","E","R","T","R","M","R","M","?","R","B",null,"M","M","M","M","?","R","M","E","T","$","E","?","M","E","R","B",null,"M","M","?","M","T","E","R","$","T","R","M","R","M","M","R","B",null,"R","$","E","B",null],"character_chosen":"THE_SILENT","items_purchased":["expansioncontent:DashGenerateEvil","Art of War","Replay:WaspNest","Orrery","Gremlin Horn","Chemical X"],"campfire_rested":1,"item_purchase_floors":[27,27,42,42,53,53],"current_hp_per_floor":[63,56,56,56,56,56,20,20,20,20,17,38,29,29,29,8,55,55,55,48,41,41,41,41,40,40,40,52,52,56,60,60,42,63,53,53,53,52,52,51,51,51,51,51,29,29,37,47,47,41,63,63,63,43,25],"gold":38,"neow_bonus":"BOSS_RELIC","is_daily":false,"chose_seed":false,"campfire_upgraded":9,"win_rate":0.0,"timestamp":1609406794,"path_taken":["M","?","M","?","?","R","E","R","T","R","M","R","M","?","R","BOSS","M","M","?","M","?","R","M","E","T","$","E","?","M","E","R","BOSS","M","M","?","M","?","E","R","$","T","R","M","R","?","M","R","BOSS","R","$","E","BOSS"],"items_purchased_type":["Card","Relic","Relic","Relic","Relic","Relic"],"build_version":"2020-12-22","purchased_purges":2,"victory":true,"max_hp_per_floor":[70,70,70,70,70,70,70,70,70,70,70,70,70,70,70,70,70,70,70,70,70,70,70,70,70,70,70,70,70,70,70,70,70,70,70,70,70,70,70,70,70,70,70,70,70,70,70,70,70,70,70,70,70,70,70],"card_choices":[{"not_picked":["Dagger Spray","Backflip"],"picked":"Caltrops","floor":1},{"not_picked":["Acrobatics","Deadly Poison"],"picked":"Sucker Punch","floor":3},{"not_picked":["Dagger Throw","Distraction"],"picked":"Dash","floor":5},{"not_picked":["ReplayTheSpireMod:Tripwire","Prepared"],"picked":"Choke","floor":7},{"not_picked":["Dagger Throw","Dodge and Roll"],"picked":"Dash","floor":11},{"not_picked":["Dagger Throw","ReplayTheSpireMod:Exploit Weakness"],"picked":"Dash","floor":13},{"not_picked":["Burst","ReplayTheSpireMod:Necrosis"],"picked":"Corpse Explosion","floor":16},{"not_picked":["Acrobatics","Hidden Blade"],"picked":"ReplayTheSpireMod:The Works+1","floor":18},{"not_picked":["Blur+1","Well Laid Plans"],"picked":"Noxious Fumes","floor":19},{"not_picked":["Deflect","Distraction"],"picked":"Leg Sweep","floor":20},{"not_picked":["Bane","ReplayTheSpireMod:The Works"],"picked":"Fluid Movement","floor":21},{"not_picked":["Hidden Blade","Prepared"],"picked":"Underhanded Strike","floor":24},{"not_picked":["Prepared","Noxious Fumes"],"picked":"Crippling Poison","floor":25},{"not_picked":["Deadly Poison+1","Phantasmal Killer","Flying Knee+1"],"picked":"SKIP","floor":28},{"not_picked":["Backflip","Flechettes"],"picked":"Bouncing Flask","floor":30},{"not_picked":["Acrobatics","Leg Sweep+1"],"picked":"ReplayTheSpireMod:Tripwire+1","floor":31},{"not_picked":["Sucker Punch","Acrobatics"],"picked":"Dagger Throw+1","floor":35},{"not_picked":["Dodge and Roll+1","Acrobatics+1"],"picked":"Riddle With Holes","floor":36},{"not_picked":["Fluid Movement+1","Blade Dance+1","Backstab+1"],"picked":"SKIP","floor":38},{"not_picked":["Endless Agony","Concentrate","Cloak And Dagger+1"],"picked":"SKIP","floor":40},{"not_picked":["ReplayTheSpireMod:The Works","Escape Plan"],"picked":"Catalyst","floor":42},{"not_picked":["Blade Dance","Acrobatics"],"picked":"Finisher","floor":45},{"not_picked":["Dagger Spray","Prepared","Endless Agony"],"picked":"SKIP","floor":47},{"not_picked":["ReplayTheSpireMod:Speed Training","Prepared","Poisoned Stab"],"picked":"SKIP","floor":48},{"not_picked":["Glass Knife","Backflip","Deflect+1"],"picked":"SKIP","floor":54}],"player_experience":197637,"relics_obtained":[{"floor":7,"key":"Pocketwatch"},{"floor":9,"key":"HornCleat"},{"floor":15,"key":"ReplayTheSpireMod:Ninjato"},{"floor":25,"key":"Darkstone Periapt"},{"floor":26,"key":"Snack Pack"},{"floor":28,"key":"Letter Opener"},{"floor":31,"key":"Chameleon Ring"},{"floor":40,"key":"Anchor"},{"floor":43,"key":"Replay:Accelerometer"},{"floor":54,"key":"Basket Of Snakes"}],"event_choices":[{"cards_removed":["Neutralize"],"damage_healed":0,"gold_gain":0,"player_choice":"Card Removal","damage_taken":7,"max_hp_gain":0,"max_hp_loss":0,"event_name":"Golden Wing","floor":2,"gold_loss":0},{"damage_healed":0,"gold_gain":0,"player_choice":"Trade","damage_taken":0,"relics_obtained":["SsserpentHead"],"max_hp_gain":0,"max_hp_loss":0,"event_name":"FaceTrader","floor":4,"gold_loss":0},{"damage_healed":0,"gold_gain":0,"cards_transformed":["Strike_G"],"player_choice":"Transformed","damage_taken":0,"max_hp_gain":0,"max_hp_loss":0,"event_name":"Transmorgrifier","floor":14,"gold_loss":0,"cards_obtained":["Caltrops"]},{"damage_healed":0,"gold_gain":0,"player_choice":"Take","damage_taken":0,"relics_obtained":["Elementarium:FlickeringLantern"],"max_hp_gain":0,"max_hp_loss":0,"event_name":"Elementarium:HeartOfTheVoid","floor":22,"gold_loss":0},{"damage_healed":0,"gold_gain":0,"player_choice":"Ignored","damage_taken":0,"max_hp_gain":0,"max_hp_loss":0,"event_name":"Elementarium:FountainOfGold","floor":29,"gold_loss":0},{"damage_healed":0,"gold_gain":0,"player_choice":"Ignored","damage_taken":0,"max_hp_gain":0,"max_hp_loss":0,"event_name":"Elementarium:ChestOfTheGoldenMirage","floor":37,"gold_loss":0}],"is_beta":false,"boss_relics":[{"not_picked":["Astrolabe","Ectoplasm"],"picked":"Snecko Heart"},{"not_picked":["Replay:Wanted Poster","Fusion Hammer"],"picked":"Ring of Chaos"}],"items_purged_floors":[27,53],"is_endless":false,"potions_floor_spawned":[11,16,19,20,21,30,33,35,40,45,54],"ascension_level":5}}