{"host":"ixqzyafodex1tsi5","time":1609424135,"event":{"mods":["ATMod(°¢èªMod)","AchievementEnabler","Act Like it!","BaseMod","Gensokyo","GifTheSpireLib","Lobotomy","LobotomyExtend","Minty Spire (QoL Compilation)","Relic Stats","Replay The Spire","RumiaBox-Â¶Ã×æ«µÄÉñÃØºÐ×Ó","Spicy Shops","StSLib","The Cursed","[IsaacMod]ÒÔÈö¼âËþ","¡¾¹¦ÄÜMod¡¿»ìãçÖ®»·ÐÞ¸´²¹¶¡","¡¾ÒÅÎï¿¨ÅÆ¡¿REMEMod"],"gold_per_floor":[112,112,112,130,146,176,176,47,47,47,7,58,71,131,131,287,287,415,463,568,668,968,968,1044,1051,1051,1269,1374,1438,1438,1512,1512,1512,1589,1635,1696,1696,1696,1773,1809,1809,1809,1809,1858,1858,2006],"floor_reached":17,"playtime":2933,"items_purged":["Normality","Regret","Funeral","ReplayTheSpireMod:Doomed","Madness","Madness","Madness","PanicButton+1","TheCursedMod:AshesToAshes","Madness"],"score":581,"play_id":"aa554629-8247-47a6-aa9a-ab080766c0b8","local_time":"20201231221535","is_ascension_mode":false,"campfire_choices":[{"floor":15.0,"key":"DIG"},{"floor":23.0,"key":"DIG"},{"data":"1","floor":7.0,"key":"LIFT"},{"data":"2","floor":12.0,"key":"LIFT"},{"data":"3","floor":15,"key":"LIFT"}],"circlet_count":0,"master_deck":["TheCursedMod:Stigma+1","TheCursedMod:Mangle+1","TheCursedMod:Mangle+1","TheCursedMod:Mangle+1","TheCursedMod:NeowsMight+1","TheCursedMod:ParallelWorld+1","Flash of Steel+1","AT_ChampionStep+1","TheCursedMod:SurpriseAttack+1","PunishingBird","TheCursedMod:SpitefulPray+1","TheCursedMod:CursedSpellbook+1","Madness+1","Madness+1","TheCursedMod:SurpriseAttack+1","ReplayUltimateDefense+1","TheCursedMod:CursedRelics+1","Woodsman","TheCursedMod:SurpriseAttack+1","REME_AllRoundStrike+1","TheCursedMod:SurpriseAttack+1","Master of Strategy+1","TheCursedMod:CircleOfFlame+1","TheCursedMod:CursedRelics"],"relics":["TheCursedMod:Tack","REME_ComplimentaryCards","HushsDoor","AT_ATBox","HowToJump","CogitoBucket","Garlic","SolemnVow_r","SalivaCoin","Replay:Wax Seal","Membership Card","Letter Opener","Replay:PocketPolymizer","AT_SunfireAegis","Orrery","Replay:Bandana","SSSystem","PillsDrop","AT_MibuBalloonWealth","Bronze Scales","Habit","ReplayTheSpireMod:CursedCoin","SteamSale","AT_SilvercatRing","Bag of Marbles","Bottled Tornado","Replay:Bottled Flurry","Shovel","Ginger","REME_DemonsWealth","GuppysTail","ChangeAnything","Toxic Egg 2","BelialBook","Orichalcum","HandDrill","Replay:Arrowhead","Chaos","Girya","Omamori","Replay:Towering Pillar of Hats","BookOfRevelations","MegaBlast","AT_RabadonDeathcap","Succubus","PlanX","Blue Candle","Guide Book","Replay:Baseball","Black Star","LetterFromLob","ReplayTheSpireMod:Ring of Collecting","MagicDraw3","Sling","GnawedLeaf","Centennial Puzzle","Toolbox","AT_SpeedBoots","AT_BladeRuinedKing","Replay:Bottled Snecko","AT_BellDemon","REME_CardOfGreed","TheCursedMod:PinkPellets","Whetstone","ChaoDraw","DeadEye","ReplayTheSpireMod:Ring of Challenge","MagicBullet_r","Heaven_r","BFFS","ClockworkSouvenir","Juzu Bracelet","AT_Kusabimaru","PreservedInsect","Medical Kit","Regal Pillow","GodSword6","Dream Catcher","AT_Manta","AdjustmentMirror","AtMidnight"],"acts_visited":["Exordium","TheCity"],"potions_floor_usage":[],"damage_taken":[{"damage":11.0,"enemies":"Jaw Worm","floor":1.0,"turns":2.0},{"damage":4.0,"enemies":"2 Louse","floor":4.0,"turns":2.0},{"damage":0.0,"enemies":"Small Slimes","floor":5.0,"turns":1.0},{"damage":3.0,"enemies":"Gremlin Nob","floor":6.0,"turns":2.0},{"damage":0.0,"enemies":"Blue Slaver","floor":12.0,"turns":1.0},{"damage":0.0,"enemies":"Lagavulin","floor":14.0,"turns":1.0},{"damage":6.0,"enemies":"The Guardian","floor":16.0,"turns":3.0},{"damage":15.0,"enemies":"3 Byrds","floor":18.0,"turns":1.0},{"damage":0.0,"enemies":"Shell Parasite","floor":19.0,"turns":1.0},{"damage":0.0,"enemies":"Sentry and Sphere","floor":20.0,"turns":1.0},{"damage":0.0,"enemies":"3 Cultists","floor":21.0,"turns":1.0},{"damage":6.0,"enemies":"Slavers","floor":24.0,"turns":4.0},{"damage":0.0,"enemies":"Colosseum Slavers","floor":27.0,"turns":1.0},{"damage":0.0,"enemies":"Colosseum Nobs","floor":27.0,"turns":1.0},{"damage":0.0,"enemies":"Chosen and Byrds","floor":28.0,"turns":1.0},{"damage":0.0,"enemies":"Gremlin Leader","floor":29.0,"turns":1.0},{"damage":0.0,"enemies":"2 Louse","floor":1.0,"turns":1.0},{"damage":0.0,"enemies":"Small Slimes","floor":4.0,"turns":1.0},{"damage":0.0,"enemies":"Cultist","floor":5.0,"turns":1.0},{"damage":0.0,"enemies":"Lagavulin","floor":6.0,"turns":1.0},{"damage":0.0,"enemies":"Looter","floor":10.0,"turns":1.0},{"damage":0,"enemies":"Looter","floor":14,"turns":1},{"damage":0,"enemies":"Fading Forest","floor":16,"turns":1},{"damage":0,"enemies":"Malkuth","floor":17,"turns":1},{"damage":0,"enemies":"Yesod","floor":17,"turns":1},{"damage":0,"enemies":"Chesed","floor":17,"turns":1}],"seed_played":"4620131738047453912","potions_obtained":[{"floor":12.0,"key":"Ancient Potion"},{"floor":16.0,"key":"REME_GoldPotion"},{"floor":20.0,"key":"Dexterity Potion"}],"is_trial":false,"path_per_floor":["M","?","?","M","M","E","?","$","T","?","$","M","$","E","R","B",null,"M","M","M","M","$","R","E","?","T","?","M","E","$","M","M","?","$","M","M","E","R","$","T","M","$","R","$","M","R","B",null],"character_chosen":"THE_CURSED","items_purchased":["Replay:Wax Seal","Membership Card","Letter Opener","Replay:PocketPolymizer","AT_SunfireAegis","Fruit Juice","Orrery","SSSystem","PillsDrop","AT_MibuBalloonWealth","Bronze Scales","Habit","ReplayTheSpireMod:CursedCoin","SteamSale","AT_SilvercatRing","Bag of Marbles","Bottled Tornado","Replay:Bottled Flurry","Flashbang","PowerPotion","GuppysTail","Toxic Egg 2","BelialBook","Orichalcum","HandDrill","Replay:Arrowhead","Chaos","Succubus","PlanX","Blue Candle","Guide Book","Replay:Baseball","Black Star","MagicDraw3","Sling","GnawedLeaf","Centennial Puzzle","Toolbox","AT_SpeedBoots","REME_AllRoundStrike","TheCursedMod:SurpriseAttack","AT_BellDemon","REME_CardOfGreed","TheCursedMod:PinkPellets","Whetstone","ChaoDraw","BFFS","ClockworkSouvenir","Juzu Bracelet","AT_Kusabimaru","PreservedInsect","Medical Kit","Regal Pillow","GodSword6","Dream Catcher","AT_Manta","Master of Strategy+1"],"campfire_rested":0,"item_purchase_floors":[8,8,8,8,8,8,8,11,11,11,11,11,13,13,13,13,13,13,13,13,17,22,22,22,22,22,22,30,30,30,30,30,30,3,3,3,3,3,3,3,3,8,8,8,8,8,11,11,11,11,11,13,13,13,13,13,13],"current_hp_per_floor":[64,64,64,60,60,59,59,59,59,59,64,65,65,65,65,63,65,50,50,50,50,50,50,49,34,34,34,36,42,42,55,55,55,55,58,58,58,58,58,8,8,8,8,14,14,20],"gold":2275,"neow_bonus":"","is_daily":false,"chose_seed":false,"campfire_upgraded":0,"win_rate":0.0,"timestamp":1609424135,"path_taken":["M","?","?","?","M","E","?","$","T","?","$","M","$","E","R","BOSS","M","M","?","M","$","R","E","?","T","?","M","E","$","M","M","?","$","M","M","E","R","$","T","M","?","R","$","M","R","BOSS"],"items_purchased_type":["Relic","Relic","Relic","Relic","Relic","Potion","Relic","Relic","Relic","Relic","Relic","Relic","Relic","Relic","Relic","Relic","Relic","Relic","Potion","Potion","Relic","Relic","Relic","Relic","Relic","Relic","Card","Relic","Relic","Relic","Relic","Relic","Relic","Relic","Relic","Relic","Relic","Relic","Relic","Card","Card","Relic","Relic","Relic","Relic","Relic","Relic","Relic","Relic","Relic","Relic","Relic","Relic","Relic","Relic","Relic","Card"],"build_version":"2020-12-22","purchased_purges":10,"victory":true,"max_hp_per_floor":[75,75,75,75,75,75,75,75,75,75,80,80,80,75,75,75,65,65,60,60,55,55,55,55,55,55,55,55,55,55,55,55,55,55,58,58,58,58,58,58,58,58,58,58,58,58],"relic_stats":{"Regal Pillow":0,"counters":[30,39],"Blue Candle":[0],"PreservedInsect":0,"Juzu Bracelet":0,"Letter Opener":[125],"Ginger":[0],"Whetstone":["TheCursedMod:SurpriseAttack","TheCursedMod:Mangle"],"Orichalcum":[30],"Medical Kit":[0],"Centennial Puzzle":[3],"Dream Catcher":0,"Shovel":2,"Bronze Scales":[48],"HandDrill":[6],"Black Star":1,"obtain_stats":[{"Chaos":22,"AT_ATBox":0,"TheCursedMod:Tack":0,"AT_MibuBalloonWealth":11,"SSSystem":11,"Ginger":15,"Whetstone":8,"DeadEye":9,"Bottled Tornado":13,"AdjustmentMirror":14,"MagicDraw3":3,"Sling":3,"BFFS":11,"Centennial Puzzle":3,"Succubus":30,"Replay:Bottled Flurry":13,"HandDrill":22,"Replay:Wax Seal":8,"Toxic Egg 2":22,"KeepersGift":0,"Girya":23,"AT_RabadonDeathcap":29,"MagicBullet_r":10,"AT_Manta":13,"ReplayTheSpireMod:CursedCoin":13,"Blue Candle":30,"BelialBook":22,"BookOfRevelations":26,"Letter Opener":8,"AT_SilvercatRing":13,"SteamSale":13,"Heaven_r":10,"Replay:Baseball":30,"AT_SpeedBoots":3,"Bronze Scales":11,"PlanX":30,"ReplayTheSpireMod:Ring of Collecting":2,"Black Star":30,"GodSword6":13,"HushsDoor":0,"AT_BellDemon":8,"GuppysTail":17,"Regal Pillow":13,"Replay:PocketPolymizer":8,"SolemnVow_r":6,"GnawedLeaf":3,"Juzu Bracelet":11,"ClockworkSouvenir":11,"CogitoBucket":0,"Replay:Bandana":9,"REME_DemonsWealth":17,"Dream Catcher":13,"Shovel":14,"AT_Kusabimaru":11,"PillsDrop":11,"Toolbox":3,"Replay:Bottled Snecko":6,"HowToJump":0,"Replay:Towering Pillar of Hats":25,"Guide Book":30,"TheCursedMod:PinkPellets":8,"AT_BladeRuinedKing":6,"PreservedInsect":11,"Omamori":24,"Orichalcum":22,"Medical Kit":13,"Replay:Arrowhead":22,"MegaBlast":27,"ChaoDraw":8,"Habit":11,"Orrery":8,"AtMidnight":14,"LetterFromLob":1,"Garlic":2,"SalivaCoin":6,"Bag of Marbles":13,"Membership Card":8,"REME_CardOfGreed":8,"AT_SunfireAegis":8,"ChangeAnything":18,"ReplayTheSpireMod:Ring of Challenge":9,"REME_ComplimentaryCards":0},{"Chaos":12,"AT_ATBox":0,"TheCursedMod:Tack":0,"AT_MibuBalloonWealth":4,"SSSystem":4,"Ginger":6,"Whetstone":22,"DeadEye":22,"Bottled Tornado":5,"AdjustmentMirror":25,"MagicDraw3":19,"Sling":19,"BFFS":23,"Centennial Puzzle":19,"Succubus":18,"Replay:Bottled Flurry":5,"HandDrill":12,"Replay:Wax Seal":4,"Toxic Egg 2":12,"KeepersGift":0,"Girya":12,"AT_RabadonDeathcap":18,"MagicBullet_r":22,"AT_Manta":23,"ReplayTheSpireMod:CursedCoin":5,"Blue Candle":18,"BelialBook":12,"BookOfRevelations":13,"Letter Opener":4,"AT_SilvercatRing":5,"SteamSale":5,"Heaven_r":23,"Replay:Baseball":18,"AT_SpeedBoots":19,"Bronze Scales":4,"PlanX":18,"ReplayTheSpireMod:Ring of Collecting":19,"Black Star":18,"GodSword6":23,"HushsDoor":0,"AT_BellDemon":22,"GuppysTail":7,"Regal Pillow":23,"Replay:PocketPolymizer":4,"SolemnVow_r":4,"GnawedLeaf":19,"Juzu Bracelet":23,"ClockworkSouvenir":23,"CogitoBucket":0,"Replay:Bandana":4,"REME_DemonsWealth":7,"Dream Catcher":23,"Shovel":6,"AT_Kusabimaru":23,"PillsDrop":4,"Toolbox":19,"Replay:Bottled Snecko":22,"HowToJump":0,"Replay:Towering Pillar of Hats":13,"Guide Book":18,"TheCursedMod:PinkPellets":22,"AT_BladeRuinedKing":22,"PreservedInsect":23,"Omamori":13,"Orichalcum":12,"Medical Kit":23,"Replay:Arrowhead":12,"MegaBlast":15,"ChaoDraw":22,"Habit":4,"Orrery":4,"AtMidnight":25,"LetterFromLob":1,"Garlic":1,"SalivaCoin":4,"Bag of Marbles":5,"Membership Card":4,"REME_CardOfGreed":22,"AT_SunfireAegis":4,"ChangeAnything":9,"ReplayTheSpireMod:Ring of Challenge":22,"REME_ComplimentaryCards":0},{"Chaos":17,"AT_ATBox":0,"TheCursedMod:Tack":0,"AT_MibuBalloonWealth":7,"SSSystem":7,"Ginger":9,"Whetstone":30,"DeadEye":30,"Bottled Tornado":8,"AdjustmentMirror":33,"MagicDraw3":27,"Sling":27,"BFFS":31,"Centennial Puzzle":27,"Succubus":26,"Replay:Bottled Flurry":8,"HandDrill":17,"Replay:Wax Seal":7,"Toxic Egg 2":17,"KeepersGift":0,"Girya":17,"AT_RabadonDeathcap":26,"MagicBullet_r":30,"AT_Manta":31,"ReplayTheSpireMod:CursedCoin":8,"Blue Candle":26,"BelialBook":17,"BookOfRevelations":21,"Letter Opener":7,"AT_SilvercatRing":8,"SteamSale":8,"Heaven_r":31,"Replay:Baseball":26,"AT_SpeedBoots":27,"Bronze Scales":7,"PlanX":26,"ReplayTheSpireMod:Ring of Collecting":27,"Black Star":26,"GodSword6":31,"HushsDoor":0,"AT_BellDemon":30,"GuppysTail":12,"Regal Pillow":31,"Replay:PocketPolymizer":7,"SolemnVow_r":6,"GnawedLeaf":27,"Juzu Bracelet":31,"ClockworkSouvenir":31,"CogitoBucket":0,"Replay:Bandana":7,"REME_DemonsWealth":12,"Dream Catcher":31,"Shovel":9,"AT_Kusabimaru":31,"PillsDrop":7,"Toolbox":27,"Replay:Bottled Snecko":30,"HowToJump":0,"Replay:Towering Pillar of Hats":21,"Guide Book":26,"TheCursedMod:PinkPellets":30,"AT_BladeRuinedKing":30,"PreservedInsect":31,"Omamori":21,"Orichalcum":17,"Medical Kit":31,"Replay:Arrowhead":17,"MegaBlast":23,"ChaoDraw":30,"Habit":7,"Orrery":7,"AtMidnight":33,"LetterFromLob":2,"Garlic":2,"SalivaCoin":7,"Bag of Marbles":8,"Membership Card":7,"REME_CardOfGreed":30,"AT_SunfireAegis":7,"ChangeAnything":14,"ReplayTheSpireMod:Ring of Challenge":30,"REME_ComplimentaryCards":0}]},"card_choices":[{"not_picked":["TheCursedMod:RavingStaff","TheCursedMod:CircleOfWindfury"],"picked":"TheCursedMod:SurpriseAttack","floor":1.0},{"not_picked":["Bloodbath","UniverseFragment","Yin"],"picked":"Singing Bowl","floor":1.0},{"not_picked":["GalaxyChild","BeautyBeast"],"picked":"PunishingBird","floor":1.0},{"not_picked":["SnowQueen","NakedNest","VoidDream"],"picked":"Singing Bowl","floor":4.0},{"not_picked":["TheCursedMod:TacticalStrike","TheCursedMod:Stigma","TheCursedMod:HellsGateOpen"],"picked":"SKIP","floor":4.0},{"not_picked":["LittleHelper","OldLady"],"picked":"Funeral","floor":5.0},{"not_picked":["TheCursedMod:UltimatePain","TheCursedMod:CircleOfAmplification"],"picked":"TheCursedMod:CursedSpellbook","floor":5.0},{"not_picked":["SpiderBud","Murderer","CherryBlossoms"],"picked":"Singing Bowl","floor":6.0},{"not_picked":["TheCursedMod:TacticalStrike","TheCursedMod:FleshFromBone","TheCursedMod:SoulCrush"],"picked":"SKIP","floor":6.0},{"not_picked":["LittleHelper","ShyLook","HappyTeddy"],"picked":"Singing Bowl","floor":12.0},{"not_picked":["TheCursedMod:RavingStaff","TheCursedMod:StingEye"],"picked":"TheCursedMod:SurpriseAttack","floor":12.0},{"not_picked":["ShyLook","UniverseFragment","GreedKing"],"picked":"Singing Bowl","floor":14.0},{"not_picked":["TheCursedMod:WearCloak","TheCursedMod:CursedMace","TheCursedMod:Stretching"],"picked":"SKIP","floor":14.0},{"not_picked":["Bloodbath","MHz","OldLady"],"picked":"Singing Bowl","floor":16.0},{"not_picked":["HappyTeddy","Murderer","MHz"],"picked":"Singing Bowl","floor":18.0},{"not_picked":["TheCursedMod:PrepareRite","TheCursedMod:CircleOfFlame","TheCursedMod:Obscuration","Delirium"],"picked":"SKIP","floor":18.0},{"not_picked":["VoidDream","WallGazer"],"picked":"MeltingLove","floor":19.0},{"not_picked":["TheCursedMod:Mangle","TheCursedMod:CircleOfFocus","Amnesia"],"picked":"TheCursedMod:CursedRelics","floor":19.0},{"not_picked":["CherryBlossoms","NakedNest","Mercenary"],"picked":"Singing Bowl","floor":20.0},{"not_picked":["TheCursedMod:SmokeScreen","TheCursedMod:VitalStrike+1","TheCursedMod:CursedShiv","Languid"],"picked":"SKIP","floor":20.0},{"not_picked":["OSAHOGD","Porccubus","ShyLook"],"picked":"Singing Bowl","floor":21.0},{"not_picked":["TheCursedMod:SpitefulStrike+1","TheCursedMod:SpitefulPray","TheCursedMod:SmokeScreen","Amnesia"],"picked":"SKIP","floor":21.0},{"not_picked":["Funeral","NothingThere","Porccubus"],"picked":"Singing Bowl","floor":24.0},{"not_picked":["TheCursedMod:DoubleShield+1","TheCursedMod:Evocation+1","TheCursedMod:SurpriseAttack+1","Clumsy"],"picked":"SKIP","floor":24.0},{"not_picked":["BeautyBeast","SpiderBud","SilentOrchestra"],"picked":"Singing Bowl","floor":27.0},{"not_picked":["LittlePrince","BigBadWolf","GalaxyChild"],"picked":"Singing Bowl","floor":28.0},{"not_picked":["FairyFestival","BigBadWolf"],"picked":"Woodsman","floor":28.0},{"not_picked":["TheCursedMod:TacticalStrike","TheCursedMod:CircleOfFlame+1","TheCursedMod:RavingStaff+1","Gensokyo:ImpossibleRequest"],"picked":"SKIP","floor":28.0},{"not_picked":["TheCursedMod:TacticalStrike","TheCursedMod:CircleOfFlame+1","TheCursedMod:RavingStaff+1","Gensokyo:ImpossibleRequest"],"picked":"SKIP","floor":28.0},{"not_picked":["ShyLook","Mercenary","CherryBlossoms"],"picked":"Singing Bowl","floor":29.0},{"not_picked":["TheCursedMod:FleshFromBone+1","TheCursedMod:CircleOfFlame+1","TheCursedMod:HellsGateOpen+1","ReplayTheSpireMod:Splinters"],"picked":"SKIP","floor":29.0},{"not_picked":["MHz","OldLady","CherryBlossoms"],"picked":"Singing Bowl","floor":1.0},{"not_picked":["TheCursedMod:ManaCirculation","TheCursedMod:Mangle","Gensokyo:AllTheWorldsEvil"],"picked":"TheCursedMod:SurpriseAttack","floor":1.0},{"not_picked":["MeatLantern","SpiderBud","VoidDream"],"picked":"Singing Bowl","floor":4.0},{"not_picked":["TheCursedMod:CursedAmulet+1","TheCursedMod:TacticalStrike","TheCursedMod:Wield","Looming Evil"],"picked":"SKIP","floor":4.0},{"not_picked":["OSAHOGD","BeautyBeast","VoidDream"],"picked":"Singing Bowl","floor":5.0},{"not_picked":["TheCursedMod:CursedMace","TheCursedMod:SmokeScreen+1","TheCursedMod:RavingStaff","ReplayTheSpireMod:Doomed"],"picked":"SKIP","floor":5.0},{"not_picked":["Funeral","BeautyBeast","Yin"],"picked":"Singing Bowl","floor":6.0},{"not_picked":["TheCursedMod:Torture+1","TheCursedMod:EmpowerCircles","TheCursedMod:TacticalStrike","Hallucinations"],"picked":"SKIP","floor":6.0},{"not_picked":["TheCursedMod:Torture+1","TheCursedMod:EmpowerCircles","TheCursedMod:TacticalStrike","Hallucinations"],"picked":"SKIP","floor":6.0},{"not_picked":["FairyFestival","MHz","Freischutz"],"picked":"Singing Bowl","floor":14},{"not_picked":["TheCursedMod:RapidMovement+1","TheCursedMod:SoulCrush","TheCursedMod:Torture+1","Spreading Infection"],"picked":"SKIP","floor":14},{"not_picked":["CrumblingArmor","Wellcheers","SpiderBud"],"picked":"Singing Bowl","floor":16},{"not_picked":["TheCursedMod:CircleOfAbyss+1","TheCursedMod:AntiAging+1","Normality"],"picked":"TheCursedMod:CursedRelics","floor":16}],"player_experience":158938,"relics_obtained":[{"floor":1.0,"key":"LetterFromLob"},{"floor":6.0,"key":"SalivaCoin"},{"floor":9.0,"key":"Replay:Bandana"},{"floor":14.0,"key":"Shovel"},{"floor":15.0,"key":"Ginger"},{"floor":23.0,"key":"Girya"},{"floor":24.0,"key":"Omamori"},{"floor":26.0,"key":"BookOfRevelations"},{"floor":27.0,"key":"MegaBlast"},{"floor":29.0,"key":"AT_RabadonDeathcap"},{"floor":1.0,"key":"LetterFromLob"},{"floor":2.0,"key":"ReplayTheSpireMod:Ring of Collecting"},{"floor":6.0,"key":"AT_BladeRuinedKing"},{"floor":6.0,"key":"Replay:Bottled Snecko"},{"floor":9.0,"key":"DeadEye"},{"floor":9.0,"key":"ReplayTheSpireMod:Ring of Challenge"},{"floor":14,"key":"AtMidnight"}],"event_choices":[{"damage_healed":0.0,"max_hp_gain":0.0,"max_hp_loss":0.0,"gold_gain":0.0,"event_name":"Big Fish","player_choice":"Box","floor":2.0,"gold_loss":0.0,"damage_taken":0.0,"relics_obtained":["Garlic"],"cards_obtained":["Regret"]},{"damage_healed":0.0,"max_hp_gain":0.0,"max_hp_loss":0.0,"gold_gain":0.0,"event_name":"Living Wall","player_choice":"Grow","floor":10.0,"gold_loss":0.0,"damage_taken":0.0,"cards_upgraded":["AT_ChampionStep"]},{"damage_healed":0.0,"max_hp_gain":0.0,"max_hp_loss":0.0,"gold_gain":0.0,"event_name":"Colosseum","player_choice":"Fight","floor":27.0,"gold_loss":0.0,"damage_taken":0.0},{"damage_healed":0.0,"max_hp_gain":0.0,"max_hp_loss":0.0,"gold_gain":0.0,"event_name":"Colosseum","player_choice":"Fought Nobs","floor":27.0,"gold_loss":0.0,"damage_taken":0.0}],"is_beta":false,"boss_relics":[{"not_picked":["TheCursedMod:FourLeafCloverCharm","Replay:Bronze Core"],"picked":"REME_DemonsWealth"},{"not_picked":[]}],"items_purged_floors":[8,11,13,22,30,30,3,8,11,13],"is_endless":false,"potions_floor_spawned":[12,16,20,24,27,4,10],"ascension_level":0}}