{"host":"56792r0r1tfnc9x9","time":1609439801,"event":{"mods":["2.2 Compatiblity","AchievementEnabler","Act Like it!","Aspiration","BaseMod","Better Note","Better Third Choice","Better Vampires","BetterRewards","Block Reminder","CapriCore","Colored Map","Colored Powertips","Conspire","Downfall","Elementarium","Emptier Cage","Energized Spire","GifTheSpireLib","Gremlin Mod","Halation","Hermit","Highlight Path","Hubris","Jedi Mod","Jorbs\u0027s Wanderer Trilogy","Marisa????????","Minty Spire (QoL Compilation)","Pale of the Ancients","Potionbrewer","Rare Cards Sparkle","Relic Stats","Replay The Spire","Robot Space Explorer","SacredBarkPlus","Spicy Shops","StSLib","Stuff the Spire","Synergy Search","The Construct","The Jungle","The Runesmith","Waifu the Spire","Wandering Minibosses"],"gold_per_floor":[115,127,137,137,137,137,171,171,196,225,235,247,80,111,111,215,215,227,46,58,58,58,84,84,84,3,3,3,32,32,32,48,48,48,150,150,160,86,105,105,105,105,120,147,147,162,189,189,224,244,244,244,244,244,3,29,29],"floor_reached":58,"playtime":4556,"items_purged":["RobotSpaceExplorer:Defend","RobotSpaceExplorer:Strike","RobotSpaceExplorer:Defend","RobotSpaceExplorer:Defend","RobotSpaceExplorer:RigExplosive","RobotSpaceExplorer:Strike","RobotSpaceExplorer:Strike"],"score":1614,"play_id":"fb92ee2a-9915-4e5d-84a2-126112d3508c","local_time":"20201231123641","is_ascension_mode":true,"campfire_choices":[{"floor":6.0,"key":"REST"},{"data":"RobotSpaceExplorer:StunGrenade","floor":8.0,"key":"SMITH"},{"data":"RobotSpaceExplorer:HighVoltage","floor":15.0,"key":"SMITH"},{"floor":27,"key":"REST"},{"floor":30,"key":"DIG"},{"floor":42,"key":"DIG"},{"floor":48,"key":"RECALL"},{"floor":51,"key":"DIG"},{"floor":54,"key":"DIG"}],"circlet_count":0,"master_deck":["RobotSpaceExplorer:Strike","RobotSpaceExplorer:Defend","RobotSpaceExplorer:Scan","RobotSpaceExplorer:MiniLasers","RobotSpaceExplorer:PowerCollector+1","RobotSpaceExplorer:PowerCollector+1","RobotSpaceExplorer:StunGrenade+1","RobotSpaceExplorer:MiniBoosters+1","RobotSpaceExplorer:ScrapToss","RobotSpaceExplorer:Probe","RobotSpaceExplorer:HighVoltage+1","RobotSpaceExplorer:ScrapToss","Crow Ritual+1","RobotSpaceExplorer:Reload","Night Terror+1","Underhanded Strike+1","RobotSpaceExplorer:Multitool+1","Noxious Fumes+1","Grand Finale","ReplayTheSpireMod:Private Reserves","Choke","RobotSpaceExplorer:Discharger+1","Deflect+1","Adrenaline","StuffTheSpire:BrainWave","Prepared+1","RobotSpaceExplorer:DualCore+1","Finisher","Crow Ritual+1","Riddle With Holes+1","Blade Dance+1"],"relics":["RobotSpaceExplorer:RoboCore","halation:Trompette","jedi:cryingmask","aspiration:Nostalgia","Replay:M_StaffOfTheSnake","Frozen Egg 2","StuffTheSpire:DarkSteelAnvil","jedi:firstaidkit","halation:RedSoulGem","hubris:Icosahedron","Thread and Needle","Lantern","conspire:DeflatedDodgeball","halation:BottledLove","aspiration:SilentSkillbook","Shovel","halation:QuantumPhysicsTextbook","hubris:MysteriousPyramids","Calipers","FossilizedHelix","Kunai","Sozu","Replay:Mystery Machine","StuffTheSpire:Experiment12","Replay:Baseball","ReplayFunnel","halation:KoshaPiece","halation:AfternoonTea","Runesmith:AutoHammer","Pantograph","StuffTheSpire:SapphireSignet"],"acts_visited":["Exordium","Exordium","TheBeyond","TheEnding"],"potions_floor_usage":[18,18,32,34,34,35,35],"damage_taken":[{"damage":1.0,"enemies":"Small Slimes","floor":1.0,"turns":3.0},{"damage":0.0,"enemies":"2 Louse","floor":2.0,"turns":2.0},{"damage":0.0,"enemies":"Cultist","floor":3.0,"turns":2.0},{"damage":11.0,"enemies":"Lagavulin","floor":7.0,"turns":6.0},{"damage":0.0,"enemies":"Gremlin Nob","floor":10.0,"turns":1.0},{"damage":0.0,"enemies":"3 Louse","floor":11.0,"turns":1.0},{"damage":0.0,"enemies":"Red Slaver","floor":12.0,"turns":2.0},{"damage":0.0,"enemies":"Replay:BlueRogue","floor":14.0,"turns":2.0},{"damage":0.0,"enemies":"Fading Forest","floor":16.0,"turns":11.0},{"damage":0,"enemies":"Shell Parasite","floor":18,"turns":2},{"damage":0,"enemies":"theJungle:GiantWrat","floor":20,"turns":2},{"damage":12,"enemies":"theJungle:Cassacara","floor":23,"turns":3},{"damage":0,"enemies":"theJungle:2_Phrogs","floor":29,"turns":3},{"damage":0,"enemies":"theJungle:JungleHuntersEncounter","floor":32,"turns":1},{"damage":0,"enemies":"JungleHuntersEvent","floor":34,"turns":2},{"damage":0,"enemies":"theJungle:TotemBoss","floor":35,"turns":3},{"damage":0,"enemies":"Orb Walker","floor":37,"turns":2},{"damage":0,"enemies":"3 Shapes","floor":39,"turns":1},{"damage":0,"enemies":"Writhing Mass","floor":43,"turns":2},{"damage":0,"enemies":"R_Hoarder","floor":44,"turns":3},{"damage":0,"enemies":"4 Shapes","floor":46,"turns":2},{"damage":0,"enemies":"Giant Head","floor":47,"turns":3},{"damage":0,"enemies":"R_Hoarder","floor":49,"turns":4},{"damage":0,"enemies":"Jaw Worm Horde","floor":50,"turns":2},{"damage":0,"enemies":"Replay:Hell Engine","floor":52,"turns":3},{"damage":0,"enemies":"Shield and Spear","floor":56,"turns":2},{"damage":38,"enemies":"The Heart","floor":57,"turns":5}],"seed_played":"7852594726350550211","potions_obtained":[{"floor":1.0,"key":"potionbrewer:BarricadePotion"},{"floor":7.0,"key":"SkillPotion"},{"floor":14.0,"key":"Weak Potion"},{"floor":23,"key":"LiquidMemories"},{"floor":29,"key":"potionbrewer:NoxiousPotion"}],"is_trial":false,"path_per_floor":["M","M","M","?","?","R","E","R","T","E","M","M","$","E","R","B",null,"M","$","M","?","?","E","PTL","PTL","$","R","T","E","R","T","M","$","R_BF","B",null,"M","$","M","?","$","R","M","E","T","M","E","R","E","M","R","B",null,"R","$","E","B",null],"character_chosen":"RobotSpaceExplorer","items_purchased":["halation:Trompette","jedi:cryingmask","aspiration:Nostalgia","Frozen Egg 2","StuffTheSpire:DarkSteelAnvil","RobotSpaceExplorer:PowerCollector+1","RobotSpaceExplorer:StunGrenade","Energy Potion","Crow Ritual+1","RobotSpaceExplorer:Multitool+1","ReplayTheSpireMod:Private Reserves","Replay:Mystery Machine","Crow Ritual+1","Riddle With Holes+1"],"campfire_rested":2,"item_purchase_floors":[0,0,0,0,0,0,0,0,13,19,26,38,55,55],"current_hp_per_floor":[28,28,28,28,28,50,41,41,41,41,51,51,51,51,51,75,75,75,75,75,45,45,33,33,33,33,55,55,55,55,55,55,55,55,55,75,75,75,75,68,47,47,47,47,47,47,47,47,47,47,47,47,68,68,68,68,37],"gold":29,"neow_bonus":"","is_daily":false,"chose_seed":false,"campfire_upgraded":2,"win_rate":0.0,"timestamp":1609439801,"path_taken":["M","M","M","?","?","R","E","R","T","E","M","M","$","E","R","BOSS","M","$","M","?","?","E","PTL","PTL","?","R","T","E","R","?","M","?","R_BF","BOSS","M","?","?","?","?","R","M","E","T","?","E","R","E","?","R","BOSS","R","$","E","BOSS"],"items_purchased_type":["Relic","Relic","Relic","Relic","Relic","Card","Card","Potion","Card","Card","Card","Relic","Card","Card"],"build_version":"2020-12-22","purchased_purges":7,"victory":true,"max_hp_per_floor":[75,75,75,75,75,75,75,75,75,75,75,75,75,75,75,75,75,75,75,75,75,75,75,75,75,75,75,75,75,75,75,75,75,75,75,75,75,75,75,68,68,68,68,68,68,68,68,68,68,68,68,68,68,68,68,68,68],"relic_stats":{"Sozu":3,"Shovel":4,"counters":[72,249],"Pantograph":0,"Kunai":[127],"obtain_stats":[{"Ice Cream":42,"construct:FoamFinger":9,"Calipers":29,"Gremlin Horn":40,"potionbrewer:AlchemistFlask":53,"StuffTheSpire:BottledEssence":35,"aspiration:PoetsPen_weak":38,"Ginger":54,"hubris:MysteriousPyramids":34,"Sling":55,"jedi:shrinkray":9,"halation:RedSoulGem":4,"Sozu":36,"StuffTheSpire:SapphireSignet":56,"aspiration:MobileForge":44,"jedi:firstaidkit":0,"Prayer Wheel":46,"MealTicket":50,"jedi:ashlotus":39,"halation:KoshaPiece":47,"Kunai":0,"Happy Flower":6,"wanderingMiniBosses:ThiefScarf":22,"halation:QuantumPhysicsTextbook":23,"aspiration:Nostalgia":0,"Counterbalance":29,"conspire:Boomerang":29,"potionbrewer:ToyAutogyro":47,"potionbrewer:Torch":47,"Replay:Baseball":44,"halation:Jellyphish":29,"Pandora\u0027s Box":17,"hubris:PeanutButter":0,"StuffTheSpire:DarkSteelAnvil":0,"aspiration:SilentSkillbook":17,"Nloth\u0027s Gift":21,"Grinning Jar":20,"StrikeDummy":10,"aspiration:HatOfInfinitePower":55,"hubris:Reverence":27,"Pocketwatch":31,"Darkstone Periapt":48,"ReplayFunnel":45,"Regal Pillow":54,"Lantern":9,"Torii":25,"halation:Sosunser":0,"champ:ChampionCrown":0,"conspire:SpecialSausage":17,"halation:WeightlessCrab":28,"StuffTheSpire:GrapeVine":43,"Replay:Mystery Machine":28,"Burning Blood":0,"conspire:TopHat":30,"ClockworkSouvenir":23,"Replay:Rubber Ducky":44,"aspiration:StickyExplosives_weak":50,"StuffTheSpire:Experiment12":42,"Nunchaku":26,"Matryoshka":13,"TheAbacus":30,"hubris:Backtick":34,"hubris:Icosahedron":5,"Shovel":21,"Mummified Hand":31,"Pantograph":54,"Toolbox":23,"jedi:cryingmask":42,"halation:PinkAlligatorPlush":54,"StuffTheSpire:Nightcore":12,"Replay:Bottled Eggs":23,"Gremlin Food":0,"halation:MonkeysPaw":33,"Replay:M_StaffOfTheSnake":0,"halation:BottledLove":14,"jedi:gremlinknob":11,"RobotSpaceExplorer:RoboCore":2,"Thread and Needle":40,"betterThird:NestCultRelic":20,"jedi:crownofsimplicity":27,"Frozen Egg 2":0,"Medical Kit":40,"Replay:Arrowhead":38,"Mercury Hourglass":35,"Anchor":0,"CaptainsWheel":48,"halation:EternalFortune":11,"halation:AfternoonTea":33,"aspiration:RitualDagger":39,"Runesmith:AutoHammer":51,"conspire:DeflatedDodgeball":10,"ReplayTheSpireMod:Lightbulb":43,"halation:Trompette":25,"halation:PeacePiece":47,"FossilizedHelix":30},{"Ice Cream":37,"construct:FoamFinger":18,"Calipers":58,"Gremlin Horn":36,"potionbrewer:AlchemistFlask":43,"StuffTheSpire:BottledEssence":33,"aspiration:PoetsPen_weak":34,"Ginger":44,"hubris:MysteriousPyramids":33,"Sling":44,"jedi:shrinkray":5,"halation:RedSoulGem":48,"Sozu":61,"StuffTheSpire:SapphireSignet":71,"aspiration:MobileForge":38,"jedi:firstaidkit":45,"Prayer Wheel":39,"MealTicket":42,"jedi:ashlotus":35,"halation:KoshaPiece":67,"Kunai":13,"Happy Flower":4,"wanderingMiniBosses:ThiefScarf":25,"halation:QuantumPhysicsTextbook":57,"aspiration:Nostalgia":0,"Counterbalance":30,"conspire:Boomerang":29,"potionbrewer:ToyAutogyro":40,"potionbrewer:Torch":41,"Replay:Baseball":65,"halation:Jellyphish":29,"Pandora\u0027s Box":10,"hubris:PeanutButter":13,"StuffTheSpire:DarkSteelAnvil":45,"aspiration:SilentSkillbook":54,"Nloth\u0027s Gift":24,"Grinning Jar":24,"StrikeDummy":19,"aspiration:HatOfInfinitePower":44,"hubris:Reverence":27,"Pocketwatch":31,"Darkstone Periapt":41,"ReplayFunnel":65,"Regal Pillow":43,"Lantern":49,"Torii":26,"halation:Sosunser":13,"champ:ChampionCrown":0,"conspire:SpecialSausage":22,"halation:WeightlessCrab":28,"StuffTheSpire:GrapeVine":38,"Replay:Mystery Machine":28,"Burning Blood":0,"conspire:TopHat":30,"ClockworkSouvenir":25,"Replay:Rubber Ducky":38,"aspiration:StickyExplosives_weak":42,"StuffTheSpire:Experiment12":63,"Nunchaku":27,"Matryoshka":20,"TheAbacus":30,"hubris:Backtick":33,"hubris:Icosahedron":48,"Shovel":56,"Mummified Hand":31,"Pantograph":70,"Toolbox":25,"jedi:cryingmask":37,"halation:PinkAlligatorPlush":43,"StuffTheSpire:Nightcore":20,"Replay:Bottled Eggs":26,"Gremlin Food":13,"halation:MonkeysPaw":32,"Replay:M_StaffOfTheSnake":45,"halation:BottledLove":53,"jedi:gremlinknob":19,"RobotSpaceExplorer:RoboCore":15,"Thread and Needle":37,"betterThird:NestCultRelic":11,"jedi:crownofsimplicity":27,"Frozen Egg 2":45,"Medical Kit":36,"Replay:Arrowhead":34,"Mercury Hourglass":33,"Anchor":13,"CaptainsWheel":41,"halation:EternalFortune":6,"halation:AfternoonTea":32,"aspiration:RitualDagger":35,"Runesmith:AutoHammer":69,"conspire:DeflatedDodgeball":50,"ReplayTheSpireMod:Lightbulb":38,"halation:Trompette":26,"halation:PeacePiece":40,"FossilizedHelix":58},{"Ice Cream":139,"construct:FoamFinger":66,"Calipers":214,"Gremlin Horn":135,"potionbrewer:AlchemistFlask":164,"StuffTheSpire:BottledEssence":126,"aspiration:PoetsPen_weak":130,"Ginger":169,"hubris:MysteriousPyramids":126,"Sling":169,"jedi:shrinkray":17,"halation:RedSoulGem":181,"Sozu":220,"StuffTheSpire:SapphireSignet":244,"aspiration:MobileForge":143,"jedi:firstaidkit":174,"Prayer Wheel":146,"MealTicket":159,"jedi:ashlotus":132,"halation:KoshaPiece":233,"Kunai":50,"Happy Flower":15,"wanderingMiniBosses:ThiefScarf":98,"halation:QuantumPhysicsTextbook":211,"aspiration:Nostalgia":0,"Counterbalance":115,"conspire:Boomerang":111,"potionbrewer:ToyAutogyro":150,"potionbrewer:Torch":155,"Replay:Baseball":228,"halation:Jellyphish":111,"Pandora\u0027s Box":39,"hubris:PeanutButter":50,"StuffTheSpire:DarkSteelAnvil":174,"aspiration:SilentSkillbook":204,"Nloth\u0027s Gift":92,"Grinning Jar":92,"StrikeDummy":68,"aspiration:HatOfInfinitePower":169,"hubris:Reverence":105,"Pocketwatch":118,"Darkstone Periapt":155,"ReplayFunnel":228,"Regal Pillow":164,"Lantern":187,"Torii":101,"halation:Sosunser":50,"champ:ChampionCrown":0,"conspire:SpecialSausage":84,"halation:WeightlessCrab":108,"StuffTheSpire:GrapeVine":143,"Replay:Mystery Machine":108,"Burning Blood":0,"conspire:TopHat":115,"ClockworkSouvenir":98,"Replay:Rubber Ducky":143,"aspiration:StickyExplosives_weak":159,"StuffTheSpire:Experiment12":223,"Nunchaku":105,"Matryoshka":74,"TheAbacus":115,"hubris:Backtick":126,"hubris:Icosahedron":181,"Shovel":208,"Mummified Hand":118,"Pantograph":242,"Toolbox":98,"jedi:cryingmask":139,"halation:PinkAlligatorPlush":164,"StuffTheSpire:Nightcore":74,"Replay:Bottled Eggs":101,"Gremlin Food":50,"halation:MonkeysPaw":121,"Replay:M_StaffOfTheSnake":174,"halation:BottledLove":193,"jedi:gremlinknob":68,"RobotSpaceExplorer:RoboCore":57,"Thread and Needle":139,"betterThird:NestCultRelic":42,"jedi:crownofsimplicity":105,"Frozen Egg 2":174,"Medical Kit":135,"Replay:Arrowhead":130,"Mercury Hourglass":126,"Anchor":50,"CaptainsWheel":155,"halation:EternalFortune":20,"halation:AfternoonTea":121,"aspiration:RitualDagger":132,"Runesmith:AutoHammer":239,"conspire:DeflatedDodgeball":188,"ReplayTheSpireMod:Lightbulb":143,"halation:Trompette":101,"halation:PeacePiece":150,"FossilizedHelix":214}]},"card_choices":[{"not_picked":["ClearTheMind","RobotSpaceExplorer:FrostMissile"],"picked":"RobotSpaceExplorer:RigExplosive","floor":1.0},{"not_picked":["Weave","ClearTheMind"],"picked":"RobotSpaceExplorer:MiniBoosters+1","floor":2.0},{"not_picked":["RobotSpaceExplorer:BigMissile","InnerPeace"],"picked":"RobotSpaceExplorer:ScrapToss","floor":3.0},{"not_picked":["RobotSpaceExplorer:FrostMissile","RobotSpaceExplorer:FreezingShield"],"picked":"RobotSpaceExplorer:Probe","floor":7.0},{"not_picked":["RobotSpaceExplorer:MakeshiftVolley","Nirvana+1"],"picked":"RobotSpaceExplorer:HighVoltage","floor":10.0},{"not_picked":["JustLucky","RobotSpaceExplorer:ShovelStrike"],"picked":"RobotSpaceExplorer:ScrapToss","floor":11.0},{"not_picked":["RobotSpaceExplorer:ShovelStrike","RobotSpaceExplorer:MetalStrike","ClearTheMind"],"picked":"SKIP","floor":12.0},{"not_picked":["Sanctity","RobotSpaceExplorer:ImprovisedAttack"],"picked":"RobotSpaceExplorer:Reload","floor":14.0},{"not_picked":["RobotSpaceExplorer:BlastShield","Bullet Time"],"picked":"Night Terror","floor":16.0},{"not_picked":["RobotSpaceExplorer:GlueShot","RobotSpaceExplorer:FrostMissile","Deflect"],"picked":"Underhanded Strike+1","floor":18},{"not_picked":["RobotSpaceExplorer:SwiftStep+1","StuffTheSpire:Incantation+1","hubris:SlightOfHand"],"picked":"Noxious Fumes+1","floor":20},{"not_picked":["Endless Agony","Cloak And Dagger+1","ReplayTheSpireMod:Exploit Weakness"],"picked":"Grand Finale","floor":23},{"not_picked":["PiercingWail+1","Bullet Time","StuffTheSpire:Sprint"],"picked":"Choke","floor":29},{"not_picked":["RobotSpaceExplorer:FranticSearch","RobotSpaceExplorer:StunGrenade+1","RobotSpaceExplorer:Calculate"],"picked":"RobotSpaceExplorer:Discharger+1","floor":32},{"not_picked":["Dodge and Roll","hubris:SlightOfHand+1","Well Laid Plans+1"],"picked":"Deflect+1","floor":34},{"not_picked":["RobotSpaceExplorer:TrailblazerForm+1","RobotSpaceExplorer:Blaster","aspiration:Lunge"],"picked":"Adrenaline","floor":35},{"not_picked":["StuffTheSpire:BrimstoneBlast+1","RobotSpaceExplorer:ScrapToss","RobotSpaceExplorer:Ammunition","Bane+1"],"picked":"SKIP","floor":37},{"not_picked":["RobotSpaceExplorer:DoubleBlock","jedi:unstablefumes+1","Backflip","RobotSpaceExplorer:SurgingStrike+1"],"picked":"SKIP","floor":39},{"not_picked":["StuffTheSpire:ClusterCrunch+1","Dagger Spray","jedi:pocketpoison"],"picked":"Prepared+1","floor":43},{"not_picked":["RobotSpaceExplorer:Wormhole","RobotSpaceExplorer:SlimeMissile+1","PiercingWail+1"],"picked":"RobotSpaceExplorer:DualCore+1","floor":44},{"not_picked":["StuffTheSpire:BumpUp","Predator","RobotSpaceExplorer:Blitz","Poisoned Stab"],"picked":"SKIP","floor":46},{"not_picked":["RobotSpaceExplorer:ImprovisedAttack+1","Caltrops+1","Noxious Fumes+1","StuffTheSpire:Python+1"],"picked":"SKIP","floor":47},{"not_picked":["RobotSpaceExplorer:ShovelStrike+1","PiercingWail+1","StuffTheSpire:Python+1","StuffTheSpire:ClusterCrunch"],"picked":"SKIP","floor":49},{"not_picked":["RobotSpaceExplorer:BigMissile","RobotSpaceExplorer:MiniBoosters+1","RobotSpaceExplorer:MakeshiftVolley+1"],"picked":"Finisher","floor":50},{"not_picked":["RobotSpaceExplorer:GlueShot","ReplayTheSpireMod:Exploit Weakness+1","RobotSpaceExplorer:LaserBurst"],"picked":"Blade Dance+1","floor":56}],"player_experience":891664,"relics_obtained":[{"floor":7.0,"key":"Thread and Needle"},{"floor":9.0,"key":"Lantern"},{"floor":10.0,"key":"conspire:DeflatedDodgeball"},{"floor":14.0,"key":"halation:BottledLove"},{"floor":23,"key":"halation:QuantumPhysicsTextbook"},{"floor":28,"key":"hubris:MysteriousPyramids"},{"floor":29,"key":"Calipers"},{"floor":30,"key":"FossilizedHelix"},{"floor":34,"key":"Kunai"},{"floor":42,"key":"StuffTheSpire:Experiment12"},{"floor":44,"key":"Replay:Baseball"},{"floor":45,"key":"ReplayFunnel"},{"floor":47,"key":"halation:KoshaPiece"},{"floor":49,"key":"halation:AfternoonTea"},{"floor":51,"key":"Runesmith:AutoHammer"},{"floor":54,"key":"Pantograph"},{"floor":56,"key":"StuffTheSpire:SapphireSignet"}],"event_choices":[],"is_beta":false,"boss_relics":[{"not_picked":["Snecko Eye","construct:WeddingRing"],"picked":"aspiration:SilentSkillbook"},{"not_picked":["halation:MonkeysPaw","ChewingGum"],"picked":"Sozu"}],"items_purged_floors":[0,0,0,19,41,41,41],"is_endless":false,"potions_floor_spawned":[1,7,14,16,23,29,32,43,46,50],"ascension_level":1}}