{"host":"1eo5f82aifdzd7pr","time":1609437330,"event":{"mods":["AchievementEnabler","BaseMod","Colored Map","Colored Powertips","DeckTracker","Minty Spire (QoL Compilation)","StSLib","SuperFastMode"],"gold_per_floor":[112,112,128,148,159,189,189,189,189,217,217,228,74,86,86,160,160,172,271,290,21,38,38,67,67,67,67,84,97,113,132,132,204,204,219,230,230,280,296,296,330,330,330,158,158,170,170,187,187,187],"floor_reached":51,"playtime":3574,"items_purged":["Strike_P","Scrawl"],"score":1276,"play_id":"90763edc-9604-4c78-95d2-f708133f5155","local_time":"20201231195530","is_ascension_mode":true,"campfire_choices":[{"data":"Wallop","floor":8.0,"key":"SMITH"},{"data":"Wallop","floor":11.0,"key":"SMITH"},{"data":"Eruption","floor":15.0,"key":"SMITH"},{"data":"Devotion","floor":23.0,"key":"SMITH"},{"data":"DeceiveReality","floor":25.0,"key":"SMITH"},{"data":"CrushJoints","floor":27.0,"key":"SMITH"},{"floor":32.0,"key":"REST"},{"floor":40,"key":"REST"},{"data":"1","floor":42,"key":"LIFT"},{"data":"2","floor":45,"key":"LIFT"},{"data":"3","floor":49,"key":"LIFT"}],"circlet_count":0,"master_deck":["AscendersBane","Eruption+1","Vigilance","Wallop+1","FearNoEvil","Wallop+1","Protect","DeceiveReality+1","Devotion+1","MentalFortress","MentalFortress","WreathOfFlame","CrushJoints+1","ReachHeaven","FearNoEvil","FlurryOfBlows","Protect+1","Establishment","TalkToTheHand"],"relics":["PureWater","Pen Nib","Darkstone Periapt","Mercury Hourglass","MealTicket","Pandora\u0027s Box","Kunai","Bronze Scales","White Beast Statue","Busted Crown","Girya","Bottled Flame","Blue Candle"],"acts_visited":["Exordium","TheCity","TheBeyond"],"potions_floor_usage":[38,38,41,50,50],"damage_taken":[{"damage":17.0,"enemies":"Jaw Worm","floor":1.0,"turns":8.0},{"damage":8.0,"enemies":"Small Slimes","floor":3.0,"turns":2.0},{"damage":1.0,"enemies":"2 Louse","floor":4.0,"turns":2.0},{"damage":0.0,"enemies":"Large Slime","floor":5.0,"turns":4.0},{"damage":0.0,"enemies":"Lagavulin","floor":6.0,"turns":5.0},{"damage":0.0,"enemies":"3 Sentries","floor":10.0,"turns":3.0},{"damage":0.0,"enemies":"Looter","floor":12.0,"turns":3.0},{"damage":0.0,"enemies":"Gremlin Gang","floor":14.0,"turns":4.0},{"damage":12.0,"enemies":"Slime Boss","floor":16.0,"turns":8.0},{"damage":1.0,"enemies":"2 Thieves","floor":18.0,"turns":3.0},{"damage":17.0,"enemies":"Spheric Guardian","floor":20.0,"turns":7.0},{"damage":0.0,"enemies":"Cultist and Chosen","floor":22.0,"turns":4.0},{"damage":31.0,"enemies":"Gremlin Leader","floor":24.0,"turns":6.0},{"damage":0.0,"enemies":"3 Cultists","floor":28.0,"turns":4.0},{"damage":7.0,"enemies":"Sentry and Sphere","floor":29.0,"turns":4.0},{"damage":0.0,"enemies":"Snecko","floor":30.0,"turns":2.0},{"damage":0.0,"enemies":"Snake Plant","floor":31.0,"turns":4.0},{"damage":9.0,"enemies":"Champ","floor":33.0,"turns":8.0},{"damage":3.0,"enemies":"3 Darklings","floor":35.0,"turns":5.0},{"damage":0.0,"enemies":"3 Shapes","floor":36.0,"turns":3.0},{"damage":28,"enemies":"2 Orb Walkers","floor":38,"turns":6},{"damage":25,"enemies":"3 Darklings","floor":39,"turns":4},{"damage":9,"enemies":"Giant Head","floor":41,"turns":6},{"damage":2,"enemies":"4 Shapes","floor":46,"turns":5},{"damage":4,"enemies":"Spire Growth","floor":48,"turns":3},{"damage":48,"enemies":"Time Eater","floor":50,"turns":6}],"seed_played":"-3735937943713811790","potions_obtained":[{"floor":3.0,"key":"AttackPotion"},{"floor":4.0,"key":"DistilledChaos"},{"floor":6.0,"key":"BlessingOfTheForge"},{"floor":16.0,"key":"Weak Potion"},{"floor":18.0,"key":"SpeedPotion"},{"floor":28.0,"key":"ColorlessPotion"},{"floor":29.0,"key":"CultistPotion"},{"floor":31.0,"key":"AttackPotion"},{"floor":33.0,"key":"Ambrosia"},{"floor":35.0,"key":"Fruit Juice"},{"floor":36.0,"key":"StancePotion"},{"floor":38,"key":"Dexterity Potion"},{"floor":39,"key":"Weak Potion"},{"floor":41,"key":"BlessingOfTheForge"}],"is_trial":false,"path_per_floor":["M","?","M","M","M","E","?","R","T","E","R","M","$","M","R","B",null,"M","?","M","$","M","R","E","R","T","R","M","M","M","M","R","B",null,"M","M","?","?","M","R","E","R","T","$","R","M","?","M","R","B",null],"character_chosen":"WATCHER","items_purchased":["DeceiveReality","FlurryOfBlows","Kunai","TalkToTheHand"],"campfire_rested":2,"item_purchase_floors":[13,21,21,44],"current_hp_per_floor":[44,30,22,21,21,21,21,21,21,21,21,21,36,36,36,24,57,56,56,39,54,54,54,23,23,23,23,23,16,16,16,36,27,58,60,60,60,32,7,28,19,19,19,34,34,32,64,60,60,12],"gold":187,"neow_bonus":"RANDOM_COMMON_RELIC","is_daily":false,"chose_seed":false,"campfire_upgraded":6,"win_rate":0.0,"timestamp":1609437330,"path_taken":["M","?","M","M","M","E","?","R","T","E","R","M","$","M","R","BOSS","M","?","M","$","M","R","E","R","T","R","M","M","M","M","R","BOSS","M","M","?","?","M","R","E","R","T","$","R","M","?","M","R","BOSS"],"items_purchased_type":["Card","Card","Relic","Card"],"build_version":"2020-12-22","purchased_purges":2,"victory":true,"max_hp_per_floor":[68,68,68,68,68,68,68,68,68,68,68,68,68,68,68,68,68,68,68,68,68,68,68,68,68,68,68,68,68,68,68,68,68,68,73,73,73,73,73,73,73,73,73,73,73,73,64,64,64,64],"card_choices":[{"not_picked":["Evaluate","MentalFortress"],"picked":"Wallop","floor":1.0},{"not_picked":["Evaluate","CrushJoints"],"picked":"FearNoEvil","floor":3.0},{"not_picked":["Halt","Crescendo"],"picked":"Wallop","floor":4.0},{"not_picked":["BowlingBash","EmptyBody","Consecrate"],"picked":"SKIP","floor":5.0},{"not_picked":["Wallop","BowlingBash","EmptyBody"],"picked":"SKIP","floor":6.0},{"not_picked":["EmptyBody","Study","Halt"],"picked":"SKIP","floor":10.0},{"not_picked":["ConjureBlade","JustLucky"],"picked":"Protect","floor":12.0},{"not_picked":["Consecrate","BowlingBash","EmptyBody"],"picked":"SKIP","floor":14.0},{"not_picked":["DevaForm","Blasphemy"],"picked":"Devotion","floor":16.0},{"not_picked":["ReachHeaven","Consecrate+1","PathToVictory"],"picked":"SKIP","floor":18.0},{"not_picked":["Evaluate","BowlingBash"],"picked":"FearNoEvil","floor":20.0},{"not_picked":["Nirvana+1","EmptyFist","Prostrate"],"picked":"SKIP","floor":22.0},{"not_picked":["Nirvana","MentalFortress","PathToVictory+1"],"picked":"SKIP","floor":24.0},{"not_picked":["ThirdEye","ReachHeaven","SignatureMove"],"picked":"SKIP","floor":28.0},{"not_picked":["Crescendo","Prostrate","EmptyBody"],"picked":"SKIP","floor":29.0},{"not_picked":["Study","SignatureMove"],"picked":"Protect+1","floor":30.0},{"not_picked":["FlyingSleeves","Protect","Consecrate"],"picked":"SKIP","floor":31.0},{"not_picked":["Devotion","Alpha"],"picked":"Establishment","floor":33.0},{"not_picked":["ThirdEye"],"picked":"SKIP","floor":35.0},{"not_picked":["Halt"],"picked":"SKIP","floor":36.0},{"not_picked":["ClearTheMind"],"picked":"SKIP","floor":39},{"not_picked":["Crescendo"],"picked":"SKIP","floor":41},{"not_picked":["Conclude+1"],"picked":"SKIP","floor":46},{"not_picked":["PathToVictory+1"],"picked":"SKIP","floor":48}],"player_experience":709077,"relics_obtained":[{"floor":6.0,"key":"Darkstone Periapt"},{"floor":9.0,"key":"Mercury Hourglass"},{"floor":10.0,"key":"MealTicket"},{"floor":24.0,"key":"Bronze Scales"},{"floor":26.0,"key":"White Beast Statue"},{"floor":38,"key":"Girya"},{"floor":41,"key":"Bottled Flame"},{"floor":43,"key":"Blue Candle"}],"event_choices":[{"damage_healed":0.0,"max_hp_gain":0.0,"max_hp_loss":0.0,"gold_gain":0.0,"event_name":"Shining Light","player_choice":"Entered Light","floor":2.0,"gold_loss":0.0,"damage_taken":14.0,"cards_upgraded":["Strike_P","Defend_P"]},{"cards_removed":["Strike_P"],"damage_healed":0.0,"max_hp_gain":0.0,"max_hp_loss":0.0,"gold_gain":0.0,"event_name":"Living Wall","player_choice":"Forget","floor":7.0,"gold_loss":0.0,"damage_taken":0.0},{"damage_healed":0.0,"max_hp_gain":0.0,"max_hp_loss":0.0,"gold_gain":99.0,"event_name":"Nest","player_choice":"Stole From Cult","floor":19.0,"gold_loss":0.0,"damage_taken":0.0},{"damage_healed":0.0,"max_hp_gain":0.0,"max_hp_loss":0.0,"gold_gain":0.0,"event_name":"SensoryStone","player_choice":"Memory 1","floor":37.0,"gold_loss":0.0,"damage_taken":0.0},{"damage_healed":0,"gold_gain":0,"player_choice":"Fight","damage_taken":0,"max_hp_gain":0,"max_hp_loss":0,"event_name":"Mysterious Sphere","floor":38,"gold_loss":0},{"damage_healed":64,"gold_gain":0,"player_choice":"Heal","damage_taken":0,"max_hp_gain":0,"max_hp_loss":9,"event_name":"The Moai Head","floor":47,"gold_loss":0}],"is_beta":false,"boss_relics":[{"not_picked":["Ectoplasm","Cursed Key"],"picked":"Pandora\u0027s Box"},{"not_picked":["Tiny House","SacredBark"],"picked":"Busted Crown"}],"items_purged_floors":[13,44],"is_endless":false,"potions_floor_spawned":[3,4,6,16,18,28,29,30,31,33,35,36,38,39,41,46,48],"ascension_level":14}}