{"host":"61ejhfsushs0xmcl","time":1609413781,"event":{"mods":["ATMod(阿瑾Mod)","Act Like it!","BaseMod","Colored Map","Gensokyo","Gold Saver","Marisa（F雨　魔理沙）","Minty Spire (QoL Compilation)","MostiFishMod","Pale of the Ancients","Spicy Shops","StSLib","TestMod","Waifu the Spire","【遗物卡牌】REMEMod","篝火指南"],"gold_per_floor":[116,116,46,56,67,67,67,6,33,68,121,147,162,162,162,385,385,403,422,422,422,433,464,216,18,18,0,62,62,100,167,167,441,441,484,884,884,414,506,94,144,206,288,288,527,527,631,747,426,551,601,666,704,754,603,204,316,191,217,217,381],"floor_reached":62,"playtime":2607,"items_purged":["Strike_G+1","Defend_G+1","Strike_G+1","Survivor+1","Defend_G+1","REME_ShadowStrike+1","Defend_G+1","MostiFishMod:GrandStart+1"],"score":3287,"play_id":"de6abb30-65f6-4d95-9dd6-0482c2b4d410","local_time":"20201231192301","is_ascension_mode":true,"campfire_choices":[{"data":"AT_KneejerkReflex","floor":6.0,"key":"SMITH"},{"floor":15.0,"key":"RECALL"},{"data":"After Image","floor":32.0,"key":"SMITH"}],"circlet_count":0,"master_deck":["AscendersBane","AT_WindRun+1","Echo Form+1","AT_KneejerkReflex+1","AT_WindFlip+1","Well Laid Plans+1","PiercingWail+1","MostiFishMod:HiddenBlade+1","MostiFishMod:Neurotoxin+1","After Image+1","AT_KingSlayer+1","MostiFishMod:AdrenalineArouse+1","AT_FocusSwordFire+1","Acrobatics+1","Acrobatics+1","AT_PowerWithin+1","MostiFishMod:PerfectForm+1"],"relics":["Ring of the Snake","testmod-TestBox","AT_ATBox","REME_ComplimentaryCards","Regal Pillow","DSteel32","SynthV:TestCard","testmod-TurbochargingSystem","Gensokyo:Mercy","AT_ArcaneBoots","AT_DeathDance","Matryoshka","Coffee Dripper","Potion Belt","REME_LimitBreaker","Toy Ornithopter","AT_MibuBalloonWealth","AT_TimeSand","Darkstone Periapt","Philosopher\u0027s Stone","testmod-BouquetWithThorns","HandDrill","TheAbacus","Membership Card","Orichalcum","AT_RedTearstoneRing","Gremlin Horn","The Courier","Frozen Egg 2","testmod-Antiphasic","Akabeko","Snake Skull","paleoftheancients:Timepiece","paleoftheancients:KeyRelic","Oddly Smooth Stone","CultistMask","paleoftheancients:SoulOfTheWatcher","Orrery","Lee\u0027s Waffle","REME_ArchaeologicalTools","Lantern"],"acts_visited":["Exordium","Gensokyo:Gensokyo","Gensokyo:Gensokyoer","Gensokyo:Gensokyoest"],"potions_floor_usage":[61],"damage_taken":[{"damage":3.0,"enemies":"Gensokyo:Python","floor":1.0,"turns":4.0},{"damage":3.0,"enemies":"Gensokyo:2_Kodama","floor":4.0,"turns":5.0},{"damage":4.0,"enemies":"Gensokyo:3_Fairies","floor":5.0,"turns":5.0},{"damage":1.0,"enemies":"Gensokyo:Cirno","floor":10.0,"turns":6.0},{"damage":5.0,"enemies":"Gensokyo:Mamizou","floor":12.0,"turns":4.0},{"damage":0.0,"enemies":"Gensokyo:LivingMonolith","floor":13.0,"turns":1.0},{"damage":5.0,"enemies":"Gensokyo:Reimu","floor":16.0,"turns":5.0},{"damage":0.0,"enemies":"Gensokyo:CosmicMonolith","floor":18.0,"turns":1.0},{"damage":0.0,"enemies":"Gensokyo:AngelMirror","floor":19.0,"turns":1.0},{"damage":0.0,"enemies":"Gensokyo:Monolith_and_Dog","floor":22.0,"turns":1.0},{"damage":5.0,"enemies":"Gensokyo:Tenshi","floor":23.0,"turns":4.0},{"damage":24.0,"enemies":"Gensokyo:Slime_Group","floor":28.0,"turns":6.0},{"damage":10.0,"enemies":"Gensokyo:Wraith","floor":30.0,"turns":4.0},{"damage":0.0,"enemies":"Gensokyo:Monolith_and_Dog","floor":31.0,"turns":1.0},{"damage":15.0,"enemies":"Gensokyo:Eiki","floor":33.0,"turns":7.0},{"damage":0.0,"enemies":"Gensokyo:AncientGuardian","floor":35.0,"turns":4.0},{"damage":0.0,"enemies":"Gensokyo:3_Bats","floor":39.0,"turns":1.0},{"damage":28.0,"enemies":"Gensokyo:Doremy","floor":41.0,"turns":7.0},{"damage":3.0,"enemies":"Gensokyo:Dusk_and_Dawn","floor":42.0,"turns":3.0},{"damage":6.0,"enemies":"Gensokyo:3_Boulders","floor":45.0,"turns":3.0},{"damage":0.0,"enemies":"Gensokyo:Kasen","floor":47.0,"turns":2.0},{"damage":2.0,"enemies":"Gensokyo:4_Bats","floor":48.0,"turns":3.0},{"damage":5.0,"enemies":"Gensokyo:Yuyuko","floor":50.0,"turns":2.0},{"damage":3.0,"enemies":"Gensokyo:Shinki","floor":51.0,"turns":4.0},{"damage":0.0,"enemies":"Gensokyo:Shinki","floor":52.0,"turns":1.0},{"damage":5.0,"enemies":"Gensokyo:Shinki","floor":53.0,"turns":1.0},{"damage":7.0,"enemies":"Gensokyo:Shinki","floor":57.0,"turns":2.0},{"damage":23,"enemies":"paleoftheancients:N","floor":61,"turns":3}],"seed_played":"-8805145940993487955","potions_obtained":[{"floor":4.0,"key":"LiquidMemories"},{"floor":5.0,"key":"BlessingOfTheForge"},{"floor":18.0,"key":"SteroidPotion"},{"floor":22.0,"key":"BlessingOfTheForge"},{"floor":23.0,"key":"testmod-SpacePotion"},{"floor":33.0,"key":"Weak Potion"},{"floor":39.0,"key":"Swift Potion"},{"floor":42.0,"key":"AttackPotion"},{"floor":45.0,"key":"GhostInAJar"},{"floor":53.0,"key":"GamblersBrew"}],"is_trial":false,"path_per_floor":["M","?","?","M","M","R","?","COS","T","E","T","E","M","?","R","B",null,"M","M","?","T","M","E","R","COS","T","?","M","$","M","M","R","B",null,"M","?","?","COS","M","R","E","M","T","?","M","?","E","M","R","B","B","M","M","?","$","R","M","R","T","?","B",null],"character_chosen":"THE_SILENT","items_purchased":["AT_MibuBalloonWealth","Membership Card","MostiFishMod:AdrenalineArouse","Akabeko","AT_PowerWithin+1","MostiFishMod:PerfectForm+1","Snake Skull","Orrery","Lee\u0027s Waffle","REME_ArchaeologicalTools","Regen Potion"],"campfire_rested":0,"item_purchase_floors":[24,40,40,49,49,49,49,55,56,56,56],"current_hp_per_floor":[56,24,24,21,17,17,17,17,17,16,16,11,11,11,11,6,51,51,51,51,51,51,46,46,46,46,46,27,27,17,17,17,7,51,51,51,51,51,51,51,23,20,20,10,9,9,14,12,12,12,52,60,62,62,62,73,70,70,70,70,54],"gold":381,"neow_bonus":"RANDOM_COMMON_RELIC","is_daily":false,"chose_seed":false,"campfire_upgraded":2,"win_rate":0.0,"timestamp":1609413781,"path_taken":["M","?","?","?","M","R","?","COS","T","E","?","E","M","?","R","BOSS","M","M","?","?","?","E","R","COS","T","?","M","?","?","M","R","BOSS","M","?","?","COS","M","R","E","M","T","?","M","?","E","M","R","BOSS","BOSS","M","M","?","$","R","M","R","T","?","BOSS"],"items_purchased_type":["Relic","Relic","Card","Relic","Card","Card","Relic","Relic","Relic","Relic","Potion"],"build_version":"2020-12-22","purchased_purges":8,"victory":true,"max_hp_per_floor":[66,66,66,66,66,66,66,66,66,66,66,66,66,66,66,66,66,66,66,66,66,66,66,66,66,66,66,66,66,66,66,66,66,66,66,66,66,66,66,66,66,66,66,66,66,66,66,66,66,66,66,66,66,66,66,73,73,73,73,73,73],"card_choices":[{"not_picked":["Reflex","Dagger Spray"],"picked":"AT_KneejerkReflex","floor":1.0},{"not_picked":["Slice","Underhanded Strike","Dagger Spray","Dagger Throw"],"picked":"REME_ShadowStrike","floor":4.0},{"not_picked":["AT_WomanClash","AT_ThistleTea","Eviscerate","Expertise"],"picked":"AT_WindFlip","floor":5.0},{"not_picked":["Tactician+1","Blur+1","Heel Hook+1","Deflect+1"],"picked":"MostiFishMod:GrandStart+1","floor":10.0},{"not_picked":["Backflip","Escape Plan","Accuracy","Deflect"],"picked":"Well Laid Plans","floor":10.0},{"not_picked":["Quick Slash","AT_WindFlip","Riddle With Holes","Masterful Stab","Finisher"],"picked":"SKIP","floor":12.0},{"not_picked":["Flying Knee","Outmaneuver","Poisoned Stab","Dagger Throw","Concentrate"],"picked":"SKIP","floor":13.0},{"not_picked":["MostiFishMod:LethalBlade","MostiFishMod:SpreadingSpore","MostiFishMod:VineMother","Bullet Time"],"picked":"MostiFishMod:FullyArmed","floor":16.0},{"not_picked":["Sucker Punch","Flying Knee","Dagger Throw","Concentrate"],"picked":"PiercingWail+1","floor":18.0},{"not_picked":["Poisoned Stab","Cloak And Dagger","Prepared","Escape Plan","Blade Dance"],"picked":"SKIP","floor":19.0},{"not_picked":["MostiFishMod:PerfectParry","MostiFishMod:ThornCasing+1","Crippling Poison","Catalyst","AT_WindFlip"],"picked":"SKIP","floor":22.0},{"not_picked":["Heel Hook","Bullet Time","Prepared","Dodge and Roll","Backflip"],"picked":"SKIP","floor":23.0},{"not_picked":["Dagger Throw+1","Dagger Spray+1","Bouncing Flask+1","PiercingWail+1"],"picked":"MostiFishMod:HiddenBlade+1","floor":28.0},{"not_picked":["AT_KneejerkReflex+1","Catalyst","Bane","Deadly Poison","Slice+1"],"picked":"SKIP","floor":28.0},{"not_picked":["A Thousand Cuts","MostiFishMod:LethalBlade","Venomology","Phantasmal Killer"],"picked":"MostiFishMod:Neurotoxin","floor":30.0},{"not_picked":["Caltrops","Outmaneuver","Poisoned Stab","Dagger Throw"],"picked":"After Image","floor":30.0},{"not_picked":["Distraction","Blur+1","Leg Sweep","PiercingWail","Cloak And Dagger"],"picked":"SKIP","floor":31.0},{"not_picked":["Phantasmal Killer","MostiFishMod:Listen","Glass Knife","Venomology"],"picked":"AT_KingSlayer","floor":33.0},{"not_picked":["Predator+1","Escape Plan","Cloak And Dagger+1","Sucker Punch+1","Poisoned Stab"],"picked":"SKIP","floor":35.0},{"not_picked":["MostiFishMod:PerfectParry+1","Flying Knee","Distraction","Acrobatics","Dodge and Roll"],"picked":"SKIP","floor":39.0},{"not_picked":["MostiFishMod:GrandStart","MostiFishMod:SpreadingSpore","Finisher","PiercingWail"],"picked":"AT_FocusSwordFire+1","floor":41.0},{"not_picked":["Caltrops+1","Deadly Poison+1","Outmaneuver+1","Dagger Spray+1","Prepared+1"],"picked":"SKIP","floor":41.0},{"not_picked":["All Out Attack","Dagger Throw","Leg Sweep","Outmaneuver","Underhanded Strike+1"],"picked":"SKIP","floor":42.0},{"not_picked":["Cloak And Dagger","MostiFishMod:FrostNova","Outmaneuver","Dodge and Roll"],"picked":"Acrobatics","floor":45.0},{"not_picked":["Dagger Throw","Flechettes+1","REME_ShadowStrike","Distraction","Backflip"],"picked":"SKIP","floor":47.0},{"not_picked":["Backflip+1","Poisoned Stab","Prepared","Outmaneuver"],"picked":"Acrobatics+1","floor":48.0},{"not_picked":["Underhanded Strike","Deadly Poison","MostiFishMod:VineMother+1","Poisoned Stab","Setup+1"],"picked":"SKIP","floor":52.0},{"not_picked":["PiercingWail","Prepared","Cloak And Dagger+1","All Out Attack+1","Expertise"],"picked":"SKIP","floor":53.0},{"not_picked":["Accuracy+1","Riddle With Holes","Bane+1","Dodge and Roll+1","Blade Dance+1"],"picked":"SKIP","floor":57.0}],"player_experience":829229,"relics_obtained":[{"floor":1.0,"key":"SynthV:TestCard"},{"floor":9.0,"key":"AT_SpeedBoots"},{"floor":10.0,"key":"AT_DeathDance"},{"floor":12.0,"key":"Matryoshka"},{"floor":21.0,"key":"Potion Belt"},{"floor":21.0,"key":"REME_LimitBreaker"},{"floor":23.0,"key":"Toy Ornithopter"},{"floor":26.0,"key":"AT_TimeSand"},{"floor":26.0,"key":"Darkstone Periapt"},{"floor":41.0,"key":"Orichalcum"},{"floor":43.0,"key":"Gremlin Horn"},{"floor":47.0,"key":"testmod-Antiphasic"},{"floor":53.0,"key":"paleoftheancients:SoulOfTheWatcher"},{"floor":59.0,"key":"Lantern"}],"event_choices":[{"damage_healed":0.0,"max_hp_gain":0.0,"max_hp_loss":0.0,"gold_gain":400.0,"event_name":"恩洛斯的盘子","player_choice":"Sell","floor":36.0,"relics_lost":["DaveBox"],"gold_loss":0.0,"damage_taken":0.0},{"damage_healed":0.0,"max_hp_gain":0.0,"max_hp_loss":0.0,"gold_gain":0.0,"event_name":"给自己的盒子","player_choice":"Ignored","floor":46.0,"gold_loss":0.0,"damage_taken":0.0},{"damage_healed":0.0,"max_hp_gain":0.0,"max_hp_loss":0.0,"gold_gain":50.0,"event_name":"Golden Shrine","player_choice":"Pray","floor":54.0,"gold_loss":0.0,"damage_taken":0.0}],"is_beta":false,"boss_relics":[{"not_picked":["TakeMeEscape","SacredBark"],"picked":"Coffee Dripper"},{"not_picked":["Velvet Choker","testmod-DeterminationOfClimber"],"picked":"Philosopher\u0027s Stone"}],"items_purged_floors":[24,40,40,49,55,56,56,58],"is_endless":false,"potions_floor_spawned":[4,5,16,18,22,23,33,39,42,45,53],"ascension_level":20}}