{"host":"xazfs2cmso1lkipw","time":1609398312,"event":{"mods":["Arknights The Spire","BaseMod","Bestiary","Better Third Choice","Colored Powertips","Custom Start","Highlight Path","Mad Scientist","Marisa????????","Minty Spire (QoL Compilation)","Quick Restart","Railgun Mod","Relic Stats","Remilia??????","Shop Mod","StSLib","The Alterego","The Elementalist","The Servant 0.9.4","TheSwordswoman"],"gold_per_floor":[117,133,148,159,177,512,512,539,591,591,610,624,637,657,657,734,734,752,769,779,479,489,524,524,524,524],"floor_reached":25,"playtime":1174,"items_purged":[],"score":682,"play_id":"642d44fd-d8fd-45e8-854b-5f69010ce794","local_time":"20201231150511","daily_mods":["Hoarder","Heirloom","Time Dilation","Flight","DeadlyEvents","Elite Swarm","Lethality"],"is_ascension_mode":true,"campfire_choices":[{"data":"Echo Form","floor":7,"key":"SMITH"},{"data":"DevaForm","floor":15,"key":"SMITH"}],"circlet_count":0,"master_deck":["Demon Form","Wraith Form v2","Echo Form+1","DevaForm+1","TheRailgun:Level_6","BatForm","FlawlessForm","AscendersBane","TheRailgun:Strike","TheRailgun:Strike","TheRailgun:Strike","TheRailgun:Strike+1","TheRailgun:Defend","TheRailgun:Defend","TheRailgun:Defend","TheRailgun:Defend","TheRailgun:Discharge","TheRailgun:Static+1","TheRailgun:Zip","Echo Form","Echo Form","Echo Form","TheRailgun:Push+1","TheRailgun:Push+1","TheRailgun:Push+1","TheRailgun:Oneesama","TheRailgun:Oneesama","TheRailgun:Oneesama","TheRailgun:Recharge+1","TheRailgun:Recharge+1","TheRailgun:Recharge+1","TheRailgun:Pull+1","TheRailgun:Pull+1","TheRailgun:Pull+1","TheRailgun:Sister_Network+1","TheRailgun:Sister_Network+1","TheRailgun:Sister_Network+1","TheRailgun:Thundervolt+1","TheRailgun:Thundervolt+1","TheRailgun:Thundervolt+1","TheRailgun:Magnetic_Flight","TheRailgun:Magnetic_Flight","TheRailgun:Magnetic_Flight","Burn+1","Burn+1","Burn+1","TheRailgun:Thundershock+1","TheRailgun:Thundershock+1","TheRailgun:Thundershock+1","TheRailgun:Circuitous","TheRailgun:Circuitous","TheRailgun:Circuitous","TheRailgun:Iron_Dust_Vial+1","TheRailgun:Iron_Dust_Vial+1","TheRailgun:Iron_Dust_Vial+1","TheRailgun:Lightning_Speed","TheRailgun:Lightning_Speed","TheRailgun:Lightning_Speed","TheRailgun:Judgement_Officer+1","TheRailgun:Judgement_Officer+1","TheRailgun:Judgement_Officer+1","TheRailgun:Crackle+1","TheRailgun:Crackle+1","TheRailgun:Crackle+1","TheRailgun:Thunderbolt+1","TheRailgun:Thunderbolt+1","TheRailgun:Thunderbolt+1","TheRailgun:Scatter_Railgun+1","TheRailgun:Scatter_Railgun+1","TheRailgun:Scatter_Railgun+1","TheRailgun:Thunder+1","TheRailgun:Thunder+1","TheRailgun:Thunder+1","TheRailgun:Coin_Flip+1","TheRailgun:Coin_Flip+1","TheRailgun:Coin_Flip+1","TheRailgun:Supercharge","TheRailgun:Supercharge","TheRailgun:Supercharge","TheRailgun:Level_6","TheRailgun:Level_6","TheRailgun:Level_6","RitualDagger+1","RitualDagger+1","RitualDagger+1"],"relics":["TheRailgun:CoinRelic","Lizard Tail","Black Star","Bottled Flame","Bottled Lightning","Bottled Tornado","Chemical X","TheRailgun:CoinRelic","Cracked Core","DollysMirror","Ice Cream","Inserter","Molten Egg 2","Nuclear Battery","Toxic Egg 2","Old Coin","Darkstone Periapt","Shuriken","Potion Belt","Art of War","Pen Nib","Whetstone"],"acts_visited":["Exordium","TheCity"],"potions_floor_usage":[],"damage_taken":[{"damage":0,"enemies":"Cultist","floor":1,"turns":1},{"damage":0,"enemies":"2 Louse","floor":2,"turns":1},{"damage":0,"enemies":"Jaw Worm","floor":3,"turns":1},{"damage":0,"enemies":"Blue Slaver","floor":4,"turns":1},{"damage":0,"enemies":"3 Louse","floor":5,"turns":1},{"damage":0,"enemies":"Lagavulin","floor":6,"turns":2},{"damage":0,"enemies":"Gremlin Nob","floor":8,"turns":1},{"damage":0,"enemies":"2 Fungi Beasts","floor":11,"turns":1},{"damage":0,"enemies":"Gremlin Gang","floor":12,"turns":1},{"damage":0,"enemies":"Exordium Thugs","floor":13,"turns":1},{"damage":0,"enemies":"Looter","floor":14,"turns":1},{"damage":42,"enemies":"The Guardian","floor":16,"turns":5},{"damage":26,"enemies":"Spheric Guardian","floor":18,"turns":4},{"damage":0,"enemies":"Chosen","floor":19,"turns":2},{"damage":0,"enemies":"Sentry and Sphere","floor":20,"turns":2},{"damage":0,"enemies":"Centurion and Healer","floor":22,"turns":2},{"damage":38,"enemies":"Slavers","floor":23,"turns":2},{"damage":27,"enemies":"Gremlin Leader","floor":25,"turns":1}],"seed_played":"6148477361082038393","potions_obtained":[{"floor":1,"key":"Block Potion"},{"floor":4,"key":"LiquidBronze"},{"floor":5,"key":"Energy Potion"}],"is_trial":true,"path_per_floor":["M","M","M","M","M","E","R","E","T","?","M","M","M","M","R","B",null,"M","M","M","$","M","E","?","E"],"character_chosen":"THE_DEFAULT","items_purchased":["TheRailgun:Scatter_Railgun+1","TheRailgun:Thunder+1","TheRailgun:Coin_Flip+1"],"campfire_rested":0,"item_purchase_floors":[21,21,21],"current_hp_per_floor":[59,59,59,59,59,59,59,59,59,59,59,59,59,59,59,17,53,27,27,27,27,27,32,26,0,0],"gold":524,"neow_bonus":"","is_daily":false,"chose_seed":false,"campfire_upgraded":2,"win_rate":0.0,"timestamp":1609398311,"path_taken":["M","?","M","M","M","E","R","E","T","?","M","M","M","M","R","BOSS","M","M","M","$","M","E","?","E"],"items_purchased_type":["Card","Card","Card"],"build_version":"2020-12-22","purchased_purges":0,"victory":false,"max_hp_per_floor":[65,65,65,65,65,65,65,65,65,65,65,65,65,65,65,65,65,65,65,65,65,65,65,65,65,65],"relic_stats":{"Darkstone Periapt":0,"Lizard Tail":32,"Inserter":[15],"counters":[18,30],"Shuriken":[1],"Pen Nib":[0],"Black Star":3,"Art of War":[2],"Chemical X":[0],"Whetstone":["TheRailgun:Strike","TheRailgun:Static"],"obtain_stats":[{"Ice Cream":0,"Darkstone Periapt":6,"Potion Belt":8,"Inserter":0,"Pen Nib":23,"Whetstone":23,"Bottled Tornado":0,"Nuclear Battery":0,"Old Coin":6,"Lizard Tail":0,"Bottled Flame":0,"TheRailgun:CoinRelic":0,"DollysMirror":0,"Shuriken":8,"Molten Egg 2":0,"Black Star":0,"Art of War":9,"Bottled Lightning":0,"Chemical X":0,"Toxic Egg 2":0,"Cracked Core":0},{"Ice Cream":0,"Darkstone Periapt":6,"Potion Belt":7,"Inserter":0,"Pen Nib":17,"Whetstone":17,"Bottled Tornado":0,"Nuclear Battery":0,"Old Coin":6,"Lizard Tail":0,"Bottled Flame":0,"TheRailgun:CoinRelic":0,"DollysMirror":0,"Shuriken":7,"Molten Egg 2":0,"Black Star":0,"Art of War":7,"Bottled Lightning":0,"Chemical X":0,"Toxic Egg 2":0,"Cracked Core":0},{"Ice Cream":0,"Darkstone Periapt":7,"Potion Belt":8,"Inserter":0,"Pen Nib":29,"Whetstone":29,"Bottled Tornado":0,"Nuclear Battery":0,"Old Coin":7,"Lizard Tail":0,"Bottled Flame":0,"TheRailgun:CoinRelic":0,"DollysMirror":0,"Shuriken":8,"Molten Egg 2":0,"Black Star":0,"Art of War":8,"Bottled Lightning":0,"Chemical X":0,"Toxic Egg 2":0,"Cracked Core":0}]},"card_choices":[{"not_picked":["TheRailgun:Zap+1","TheRailgun:Hypercharge+1"],"picked":"TheRailgun:Push+1","floor":1},{"not_picked":["TheRailgun:Hypercharge+1","TheRailgun:Discharge+1"],"picked":"TheRailgun:Oneesama","floor":2},{"not_picked":["TheRailgun:Zap+1","TheRailgun:Mental_Out+1"],"picked":"TheRailgun:Recharge+1","floor":3},{"not_picked":["TheRailgun:Hypercharge+1","TheRailgun:Iron_Dust_Sword+1"],"picked":"TheRailgun:Pull+1","floor":4},{"not_picked":["TheRailgun:Teleporter+1","TheRailgun:Thunderjolt+1"],"picked":"TheRailgun:Sister_Network+1","floor":5},{"not_picked":["TheRailgun:Judgement_Officer+1","TheRailgun:Level_6"],"picked":"TheRailgun:Thundervolt+1","floor":6},{"not_picked":["TheRailgun:Overload","TheRailgun:Judgement_Officer+1"],"picked":"TheRailgun:Magnetic_Flight","floor":8},{"not_picked":["TheRailgun:Charge+1","TheRailgun:Gekota_Phone+1"],"picked":"TheRailgun:Thundershock+1","floor":11},{"not_picked":["TheRailgun:Negative_Field","TheRailgun:Sister_Network+1"],"picked":"TheRailgun:Circuitous","floor":12},{"not_picked":["TheRailgun:Electrical_Fire+1","TheRailgun:Zip+1"],"picked":"TheRailgun:Iron_Dust_Vial+1","floor":13},{"not_picked":["TheRailgun:Crackle+1","TheRailgun:Stun_Shock+1"],"picked":"TheRailgun:Lightning_Speed","floor":14},{"not_picked":["TheRailgun:Overload","TheRailgun:Level_6"],"picked":"TheRailgun:Judgement_Officer+1","floor":16},{"not_picked":["TheRailgun:Push+1","TheRailgun:Gekota_Phone+1"],"picked":"TheRailgun:Crackle+1","floor":18},{"not_picked":["TheRailgun:Charge+1","TheRailgun:Recharge+1"],"picked":"TheRailgun:Thunderbolt+1","floor":19},{"not_picked":["TheRailgun:Discharge+1","TheRailgun:Lightning_Speed","TheRailgun:Static+1"],"picked":"SKIP","floor":20},{"not_picked":["TheRailgun:Gekota_Phone+1","TheRailgun:Zip+1"],"picked":"TheRailgun:Supercharge","floor":22},{"not_picked":["TheRailgun:Judgement_Officer+1","TheRailgun:Thunder+1"],"picked":"TheRailgun:Level_6","floor":23}],"player_experience":24138,"relics_obtained":[{"floor":6,"key":"Old Coin"},{"floor":6,"key":"Darkstone Periapt"},{"floor":8,"key":"Shuriken"},{"floor":8,"key":"Potion Belt"},{"floor":9,"key":"Art of War"},{"floor":23,"key":"Pen Nib"},{"floor":23,"key":"Whetstone"}],"event_choices":[{"damage_healed":59,"gold_gain":0,"player_choice":"Embrace Burn","damage_taken":0,"max_hp_gain":0,"max_hp_loss":65,"event_name":"betterThird:BetterShining","floor":10,"gold_loss":0},{"damage_healed":0,"gold_gain":0,"player_choice":"Dagger","damage_taken":6,"max_hp_gain":0,"max_hp_loss":0,"event_name":"betterThird:BetterNest","floor":24,"gold_loss":0,"cards_obtained":["RitualDagger"]}],"is_beta":false,"boss_relics":[{"not_picked":["Velvet Choker","Fusion Hammer","Cursed Key"]}],"items_purged_floors":[],"is_endless":false,"potions_floor_spawned":[1,4,5,12,13,14,16,19],"killed_by":"Gremlin Leader","ascension_level":20}}