{"host":"37dk0reb6x0du8wx","time":1609410088,"event":{"mods":["BaseMod","Colored Map","DeckTracker","Minty Spire (QoL Compilation)","Quick Restart","StSLib","SuperFastMode","The Dragon Tamer"],"gold_per_floor":[117,117,42,42,63,94,94,115,163,163,154,2,21,35,35,165,165,188,202,127,226,76,76,76,90,90,130,148,148,216,266,266,266,266],"floor_reached":33,"playtime":963,"items_purged":["Strike_B"],"score":280,"play_id":"1e154491-ab47-49da-9e62-e3d2e183631e","local_time":"20201231192128","is_ascension_mode":true,"campfire_choices":[{"floor":7,"key":"REST"},{"floor":10,"key":"REST"},{"floor":15,"key":"REST"},{"floor":23,"key":"REST"},{"floor":32,"key":"REST"}],"circlet_count":0,"master_deck":["Strike_B+1","Defend_B","Defend_B","Defend_B","Dualcast","Tempest","Conserve Battery","Conserve Battery","Ball Lightning","Tempest","Leap","Ball Lightning","Self Repair+1","Capacitor"],"relics":["Cracked Core","Golden Idol","Whetstone","MealTicket","Anchor","Inserter","Orichalcum","Mercury Hourglass","Molten Egg 2","SsserpentHead"],"acts_visited":["Exordium","TheCity"],"potions_floor_usage":[16,19,27,28,28,28,33],"damage_taken":[{"damage":6,"enemies":"Jaw Worm","floor":1,"turns":3},{"damage":0,"enemies":"Small Slimes","floor":5,"turns":3},{"damage":26,"enemies":"3 Sentries","floor":6,"turns":8},{"damage":0,"enemies":"Cultist","floor":8,"turns":2},{"damage":27,"enemies":"Exordium Thugs","floor":11,"turns":4},{"damage":0,"enemies":"Looter","floor":13,"turns":2},{"damage":0,"enemies":"Blue Slaver","floor":14,"turns":3},{"damage":40,"enemies":"Slime Boss","floor":16,"turns":14},{"damage":19,"enemies":"Chosen","floor":18,"turns":6},{"damage":34,"enemies":"2 Thieves","floor":19,"turns":5},{"damage":27,"enemies":"Sentry and Sphere","floor":25,"turns":5},{"damage":42,"enemies":"Gremlin Leader","floor":27,"turns":7},{"damage":0,"enemies":"Snecko","floor":28,"turns":5},{"damage":22,"enemies":"Centurion and Healer","floor":30,"turns":9},{"damage":61,"enemies":"Automaton","floor":33,"turns":6}],"seed_played":"312280463741402173","potions_obtained":[{"floor":8,"key":"Dexterity Potion"},{"floor":11,"key":"Weak Potion"},{"floor":13,"key":"Weak Potion"},{"floor":16,"key":"Swift Potion"},{"floor":19,"key":"Weak Potion"},{"floor":27,"key":"Regen Potion"},{"floor":30,"key":"PotionOfCapacity"}],"is_trial":false,"path_per_floor":["M","?","$","?","M","E","R","M","T","R","M","$","M","M","R","B",null,"M","M","?","?","$","R","$","M","T","E","M","?","M","?","R","B"],"character_chosen":"DEFECT","items_purchased":["Anchor","Orichalcum"],"campfire_rested":5,"item_purchase_floors":[12,22],"current_hp_per_floor":[69,51,51,51,51,25,47,47,47,69,42,57,57,57,75,35,75,56,22,22,22,37,59,74,47,47,5,27,27,15,15,37,0,0],"gold":266,"neow_bonus":"TRANSFORM_CARD","is_daily":false,"chose_seed":false,"campfire_upgraded":0,"win_rate":0.0,"timestamp":1609410088,"path_taken":["M","?","$","?","?","E","R","M","T","R","M","?","M","M","R","BOSS","M","M","?","?","$","R","$","M","T","E","?","?","?","?","R","BOSS"],"items_purchased_type":["Relic","Relic"],"build_version":"2020-12-22","purchased_purges":1,"victory":false,"max_hp_per_floor":[75,75,75,75,75,75,75,75,75,75,75,75,75,75,75,75,75,75,75,75,75,75,75,75,75,75,75,75,75,75,75,75,75,75],"card_choices":[{"not_picked":["Hologram","Chill"],"picked":"Conserve Battery","floor":1},{"not_picked":["Go for the Eyes","Heatsinks"],"picked":"Conserve Battery","floor":5},{"not_picked":["Leap","Creative AI"],"picked":"Ball Lightning","floor":6},{"not_picked":["Sweeping Beam","Undo"],"picked":"Tempest","floor":8},{"not_picked":["Conserve Battery","Recycle","Hologram"],"picked":"SKIP","floor":11},{"not_picked":["Sweeping Beam","Go for the Eyes"],"picked":"Leap","floor":13},{"not_picked":["Coolheaded","Turbo","Core Surge"],"picked":"SKIP","floor":14},{"not_picked":["Rebound","Scrape+1","Gash"],"picked":"SKIP","floor":18},{"not_picked":["Coolheaded+1","Chaos+1"],"picked":"Ball Lightning","floor":19},{"not_picked":["Turbo","FTL","Hologram+1"],"picked":"SKIP","floor":25},{"not_picked":["Hello World+1","Meteor Strike+1"],"picked":"Self Repair+1","floor":27},{"not_picked":["Go for the Eyes+1","Sweeping Beam+1","Gash+1"],"picked":"SKIP","floor":28},{"not_picked":["Sweeping Beam+1","Streamline+1"],"picked":"Capacitor","floor":30}],"player_experience":96862,"relics_obtained":[{"floor":6,"key":"Whetstone"},{"floor":9,"key":"MealTicket"},{"floor":26,"key":"Mercury Hourglass"},{"floor":27,"key":"Molten Egg 2"}],"event_choices":[{"damage_healed":0,"gold_gain":0,"player_choice":"Take Damage","damage_taken":18,"relics_obtained":["Golden Idol"],"max_hp_gain":0,"max_hp_loss":0,"event_name":"Golden Idol","floor":2,"gold_loss":0},{"cards_removed":["Strike_B"],"damage_healed":0,"gold_gain":0,"player_choice":"Offered Basic","damage_taken":0,"max_hp_gain":0,"max_hp_loss":0,"event_name":"Bonfire Elementals","floor":4,"gold_loss":0},{"cards_removed":["Defend_B"],"damage_healed":0,"gold_gain":0,"player_choice":"Gave Gold","damage_taken":0,"max_hp_gain":0,"max_hp_loss":0,"event_name":"Beggar","floor":20,"gold_loss":75},{"damage_healed":0,"gold_gain":99,"player_choice":"Stole From Cult","damage_taken":0,"max_hp_gain":0,"max_hp_loss":0,"event_name":"Nest","floor":21,"gold_loss":0},{"damage_healed":0,"gold_gain":0,"player_choice":"Trade","damage_taken":0,"relics_obtained":["SsserpentHead"],"max_hp_gain":0,"max_hp_loss":0,"event_name":"FaceTrader","floor":29,"gold_loss":0},{"cards_removed":["Zap"],"damage_healed":0,"gold_gain":0,"player_choice":"Elegance","damage_taken":0,"max_hp_gain":0,"max_hp_loss":0,"event_name":"Back to Basics","floor":31,"gold_loss":0}],"is_beta":false,"boss_relics":[{"not_picked":["Astrolabe","Empty Cage"],"picked":"Inserter"}],"items_purged_floors":[3],"is_endless":false,"potions_floor_spawned":[8,11,13,16,19,27,30],"killed_by":"Automaton","ascension_level":1}}