{"host":"se62q65hiqxz7cab","time":1609380903,"event":{"mods":["Act Like it!","BaseMod","Colored Map","Minty Spire (QoL Compilation)","Replay The Spire","StSLib","The Bug Knight","The Cursed"],"gold_per_floor":[110,129,129,129,149,149,169,169,196,196,209,209,278,278,278,382,432,450,450,466,556,556,556],"floor_reached":22,"playtime":782,"items_purged":[],"score":174,"play_id":"b9e227c1-3271-4ed8-a20d-1b907ca6e915","local_time":"20201231101503","is_ascension_mode":false,"campfire_choices":[{"data":"HollowMod:GoodIntentions","floor":6,"key":"SMITH"},{"data":"HollowMod:HuntersJournal","floor":8,"key":"SMITH"},{"data":"HollowMod:HowlingWraiths","floor":10,"key":"SMITH"},{"data":"HollowMod:SoulShaman","floor":12,"key":"SMITH"},{"data":"HollowMod:RecoilStrike","floor":15,"key":"SMITH"}],"circlet_count":0,"master_deck":["HollowMod:NailStrikeStart","HollowMod:NailStrikeStart","HollowMod:NailStrikeStart+1","HollowMod:QuickDashStart","HollowMod:QuickDashStart","HollowMod:QuickDashStart","HollowMod:FocusHealStart+1","HollowMod:PogoStrike","HollowMod:GoodIntentions+1","HollowMod:RecoilStrike+1","HollowMod:HowlingWraiths+1","HollowMod:HuntersJournal+1","HollowMod:SoulShaman+1","HollowMod:SlysStrikes","HollowMod:ChannelNail","HollowMod:MantisMark+1"],"relics":["HollowMod:VesselMask","NeowsBlessing","Strawberry","Tiny House"],"acts_visited":["Exordium","TheCity"],"potions_floor_usage":[18,18,22,22],"damage_taken":[{"damage":0,"enemies":"2 Louse","floor":1,"turns":1},{"damage":0,"enemies":"Jaw Worm","floor":2,"turns":1},{"damage":0,"enemies":"Small Slimes","floor":5,"turns":1},{"damage":6,"enemies":"2 Fungi Beasts","floor":7,"turns":4},{"damage":0,"enemies":"Gremlin Gang","floor":11,"turns":3},{"damage":36,"enemies":"Slime Boss","floor":16,"turns":10},{"damage":49,"enemies":"3 Byrds","floor":18,"turns":6},{"damage":35,"enemies":"Chosen","floor":20,"turns":7},{"damage":10,"enemies":"Snake Plant","floor":22,"turns":2}],"seed_played":"-8319752171617807728","potions_obtained":[{"floor":7,"key":"Block Potion"},{"floor":11,"key":"Energy Potion"},{"floor":16,"key":"FearPotion"},{"floor":20,"key":"Block Potion"}],"is_trial":false,"path_per_floor":["M","M","?","?","M","R","M","R","T","R","M","R","?","?","R","B",null,"M","?","M","?","M"],"character_chosen":"THE_BUGKNIGHT","items_purchased":[],"campfire_rested":0,"item_purchase_floors":[],"current_hp_per_floor":[75,75,75,75,75,75,69,69,76,76,76,76,76,76,76,50,87,44,44,15,3,0,0],"gold":556,"neow_bonus":"THREE_ENEMY_KILL","is_daily":false,"chose_seed":false,"campfire_upgraded":5,"win_rate":0.0,"timestamp":1609380903,"path_taken":["M","M","?","?","M","R","M","R","T","R","M","R","?","?","R","BOSS","M","?","?","?","M"],"items_purchased_type":[],"build_version":"2020-12-22","purchased_purges":0,"victory":false,"max_hp_per_floor":[75,75,75,75,75,75,75,75,82,82,82,82,82,82,82,82,87,87,87,87,87,87,87],"card_choices":[{"not_picked":["HollowMod:ChannelNail","HollowMod:SiblingsSouls"],"picked":"HollowMod:GoodIntentions","floor":1},{"not_picked":["HollowMod:LifebloodCocoon","HollowMod:DescendingDark"],"picked":"HollowMod:RecoilStrike","floor":2},{"not_picked":["HollowMod:NewJinnsSoul","HollowMod:InfectedCysts"],"picked":"HollowMod:HowlingWraiths","floor":5},{"not_picked":["HollowMod:DesolateDive","HollowMod:DoubleDash"],"picked":"HollowMod:HuntersJournal","floor":7},{"not_picked":["HollowMod:WraithStrike","HollowMod:DoubleDash"],"picked":"HollowMod:SoulShaman","floor":11},{"not_picked":["HollowMod:VoidDash","HollowMod:SoulMaster"],"picked":"HollowMod:SlysStrikes","floor":16},{"not_picked":["HollowMod:BlackTendrils","HollowMod:ShadowDash"],"picked":"HollowMod:ChannelNail","floor":17},{"not_picked":["HollowMod:DescendingDark","HollowMod:CoiledNail"],"picked":"HollowMod:MantisMark+1","floor":18},{"not_picked":["HollowMod:LifebloodCocoon+1","HollowMod:MawleksShell+1","HollowMod:InfectedAttack"],"picked":"SKIP","floor":20}],"player_experience":139618,"relics_obtained":[{"floor":9,"key":"Strawberry"}],"event_choices":[{"cards_removed":["HollowMod:QuickDashStart"],"damage_healed":0,"gold_gain":0,"player_choice":"Forget","damage_taken":0,"max_hp_gain":0,"max_hp_loss":0,"event_name":"Living Wall","floor":3,"gold_loss":0},{"damage_healed":0,"gold_gain":69,"player_choice":"Gained Gold","damage_taken":0,"max_hp_gain":0,"max_hp_loss":0,"event_name":"Golden Wing","floor":13,"gold_loss":0},{"cards_removed":["HollowMod:NailStrikeStart"],"damage_healed":0,"gold_gain":0,"player_choice":"Purged","damage_taken":0,"max_hp_gain":0,"max_hp_loss":0,"event_name":"Purifier","floor":19,"gold_loss":0},{"damage_healed":0,"gold_gain":90,"player_choice":"GOLD ","damage_taken":12,"max_hp_gain":0,"max_hp_loss":0,"event_name":"Knowing Skull","floor":21,"potions_obtained":[],"gold_loss":0,"cards_obtained":[]}],"is_beta":false,"boss_relics":[{"not_picked":["Cursed Key","HollowMod:VoidIdolRelic"],"picked":"Tiny House"}],"items_purged_floors":[],"is_endless":false,"potions_floor_spawned":[7,11,16,20],"killed_by":"Snake Plant","ascension_level":0}}