{"host":"q4axc00jr2bozlh9","time":1609436558,"event":{"mods":["AchievementEnabler","BaseMod","Bestiary","Colored Map","Colored Powertips","Curses Come First","Minty Spire (QoL Compilation)","Relic Stats","StSLib","SuperFastMode"],"gold_per_floor":[110,127,127,52,52,52,83,83,160,175,175,191,191,207,207,355,355,369,384,384,408,408,408],"floor_reached":22,"playtime":1112,"items_purged":["Shame"],"score":186,"play_id":"bc307b0f-b4a2-41dc-9ccf-444cad042d90","local_time":"20201231184238","is_ascension_mode":false,"campfire_choices":[{"data":"Magnetism","floor":6,"key":"SMITH"},{"floor":8,"key":"REST"},{"data":"Sever Soul","floor":11,"key":"SMITH"},{"floor":13,"key":"REST"},{"data":"Clothesline","floor":15,"key":"SMITH"}],"circlet_count":0,"master_deck":["Strike_R","Strike_R","Strike_R","Defend_R","Defend_R","Defend_R","Defend_R","Bash","Magnetism+1","Sever Soul+1","Seeing Red","Thunderclap","Clothesline+1","Exhume","Infernal Blade","Blood for Blood","Hemokinesis","Exhume","Armaments"],"relics":["Burning Blood","Golden Idol","Question Card","Letter Opener","SlaversCollar"],"acts_visited":["Exordium","TheCity"],"potions_floor_usage":[7,16],"damage_taken":[{"damage":16,"enemies":"2 Louse","floor":1,"turns":4},{"damage":10,"enemies":"Jaw Worm","floor":2,"turns":7},{"damage":36,"enemies":"Lagavulin","floor":7,"turns":9},{"damage":5,"enemies":"Cultist","floor":10,"turns":5},{"damage":5,"enemies":"Looter","floor":12,"turns":4},{"damage":6,"enemies":"Lots of Slimes","floor":14,"turns":4},{"damage":52,"enemies":"The Guardian","floor":16,"turns":10},{"damage":43,"enemies":"3 Byrds","floor":18,"turns":8},{"damage":16,"enemies":"Spheric Guardian","floor":19,"turns":4},{"damage":20,"enemies":"3 Cultists","floor":21,"turns":5},{"damage":19,"enemies":"Sentry and Sphere","floor":22,"turns":2}],"seed_played":"-3887067872269942137","potions_obtained":[{"floor":1,"key":"LiquidBronze"},{"floor":2,"key":"Block Potion"},{"floor":16,"key":"Swift Potion"},{"floor":19,"key":"AttackPotion"}],"is_trial":false,"path_per_floor":["M","M","?","$","?","R","E","R","T","M","R","M","R","M","R","B",null,"M","M","?","M","M"],"character_chosen":"IRONCLAD","items_purchased":[],"campfire_rested":2,"item_purchase_floors":[],"current_hp_per_floor":[70,66,46,46,46,46,16,40,40,41,41,42,66,66,66,20,80,43,33,33,19,0,0],"gold":408,"neow_bonus":"RANDOM_COLORLESS_2","is_daily":false,"chose_seed":false,"campfire_upgraded":3,"win_rate":0.0,"timestamp":1609436558,"path_taken":["M","M","?","$","?","R","E","R","T","M","R","M","R","M","R","BOSS","M","M","?","M","M"],"items_purchased_type":[],"build_version":"2020-12-22","purchased_purges":1,"victory":false,"max_hp_per_floor":[80,80,80,80,80,80,80,80,80,80,80,80,80,80,80,80,80,80,80,80,80,80,80],"relic_stats":{"counters":[11,62],"Golden Idol":52,"Letter Opener":[79],"Question Card":7,"obtain_stats":[{"SlaversCollar":17,"Golden Idol":3,"Letter Opener":9,"Question Card":7,"Burning Blood":0},{"SlaversCollar":7,"Golden Idol":2,"Letter Opener":3,"Question Card":3,"Burning Blood":0},{"SlaversCollar":43,"Golden Idol":11,"Letter Opener":20,"Question Card":20,"Burning Blood":0}],"Burning Blood":60},"card_choices":[{"not_picked":["Thinking Ahead","Mayhem"],"picked":"Magnetism","floor":0},{"not_picked":["Twin Strike","Sword Boomerang","Body Slam"],"picked":"SKIP","floor":1},{"not_picked":["Flex","Feel No Pain"],"picked":"Sever Soul","floor":2},{"not_picked":["Burning Pact","Bludgeon"],"picked":"Seeing Red","floor":7},{"not_picked":["Bloodletting","Whirlwind","Sword Boomerang"],"picked":"Thunderclap","floor":10},{"not_picked":["Cleave","Anger","Combust"],"picked":"Clothesline","floor":12},{"not_picked":["Havoc","Bludgeon","Heavy Blade","Wild Strike"],"picked":"SKIP","floor":14},{"not_picked":["Brutality","Corruption","Double Tap"],"picked":"Exhume","floor":16},{"not_picked":["Flex","Twin Strike","Burning Pact"],"picked":"Infernal Blade","floor":18},{"not_picked":["Clothesline+1","Sever Soul+1","Twin Strike"],"picked":"Blood for Blood","floor":19},{"not_picked":["Clash","Warcry","Twin Strike+1"],"picked":"Armaments","floor":21}],"player_experience":184094,"relics_obtained":[{"floor":7,"key":"Question Card"},{"floor":9,"key":"Letter Opener"}],"event_choices":[{"damage_healed":0,"gold_gain":0,"player_choice":"Take Damage","damage_taken":20,"relics_obtained":["Golden Idol"],"max_hp_gain":0,"max_hp_loss":0,"event_name":"Golden Idol","floor":3,"gold_loss":0},{"damage_healed":0,"gold_gain":0,"player_choice":"Ignored","damage_taken":0,"max_hp_gain":0,"max_hp_loss":0,"event_name":"NoteForYourself","floor":5,"gold_loss":0},{"damage_healed":0,"gold_gain":0,"cards_transformed":["Strike_R","Strike_R"],"player_choice":"Became Test Subject","damage_taken":0,"max_hp_gain":0,"max_hp_loss":0,"event_name":"Drug Dealer","floor":20,"gold_loss":0,"cards_obtained":["Hemokinesis","Exhume"]}],"is_beta":false,"boss_relics":[{"not_picked":["Calling Bell","Runic Pyramid"],"picked":"SlaversCollar"}],"items_purged_floors":[4],"is_endless":false,"potions_floor_spawned":[1,2,16,19],"killed_by":"Sentry and Sphere","ascension_level":0}}