{"host":"se62q65hiqxz7cab","time":1609393883,"event":{"mods":["Act Like it!","BaseMod","Colored Map","Minty Spire (QoL Compilation)","Replay The Spire","StSLib","The Bug Knight","The Cursed"],"gold_per_floor":[114,125,125,136,61,61,95,95,95,95,112,162,162,68,68,82,82],"floor_reached":16,"playtime":662,"items_purged":[],"score":98,"play_id":"d2397508-120c-4a25-a2c5-ca356323b88e","local_time":"20201231135123","is_ascension_mode":false,"campfire_choices":[{"data":"HollowMod:CloakDash","floor":6,"key":"SMITH"},{"floor":8,"key":"REST"},{"data":"HollowMod:QuickDashStart","floor":10,"key":"SMITH"},{"floor":15,"key":"REST"}],"circlet_count":0,"master_deck":["HollowMod:NailStrikeStart","HollowMod:NailStrikeStart","HollowMod:NailStrikeStart","HollowMod:NailStrikeStart","HollowMod:QuickDashStart+1","HollowMod:QuickDashStart","HollowMod:QuickDashStart","HollowMod:QuickDashStart","HollowMod:PogoStrike","HollowMod:CloakDash+1","HollowMod:CloakDash","HollowMod:LordofShades","HollowMod:DashSlash","HollowMod:DashSlash"],"relics":["HollowMod:VesselMask","Incense Burner","Darkstone Periapt","Ring of Greed","Replay:Bandana","Membership Card"],"acts_visited":["Exordium"],"potions_floor_usage":[],"damage_taken":[{"damage":0,"enemies":"Cultist","floor":1,"turns":2},{"damage":0,"enemies":"Small Slimes","floor":2,"turns":2},{"damage":2,"enemies":"2 Louse","floor":4,"turns":3},{"damage":40,"enemies":"3 Sentries","floor":7,"turns":14},{"damage":0,"enemies":"2 Fungi Beasts","floor":11,"turns":4},{"damage":80,"enemies":"Hexaghost","floor":16,"turns":16}],"seed_played":"-1909574095936936955","potions_obtained":[{"floor":1,"key":"BlessingOfTheForge"},{"floor":2,"key":"Venom Potion"}],"is_trial":false,"path_per_floor":["M","M","?","M","?","R","E","R","T","R","M","?","?","$","R","B"],"character_chosen":"THE_BUGKNIGHT","items_purchased":["HollowMod:LordofShades","HollowMod:DashSlash"],"campfire_rested":2,"item_purchase_floors":[14,14],"current_hp_per_floor":[75,75,75,73,73,73,33,55,55,55,55,55,55,55,75,0,0],"gold":82,"neow_bonus":"REMOVE_CARD","is_daily":false,"chose_seed":false,"campfire_upgraded":2,"win_rate":0.0,"timestamp":1609393883,"path_taken":["M","?","?","M","?","R","E","R","T","R","M","?","?","$","R","BOSS"],"items_purchased_type":["Card","Card"],"build_version":"2020-12-22","purchased_purges":0,"victory":false,"max_hp_per_floor":[75,75,75,75,75,75,75,75,75,75,75,75,75,75,75,75,75],"card_choices":[{"not_picked":["HollowMod:BrokenVessel","HollowMod:CornifersMapStart","HollowMod:InfectedAttack"],"picked":"SKIP","floor":1},{"not_picked":["HollowMod:CycloneSlash","HollowMod:PerfectDash"],"picked":"HollowMod:CloakDash","floor":2},{"not_picked":["HollowMod:DreamGate","HollowMod:DesolateDive","HollowMod:PureNailStrike"],"picked":"SKIP","floor":4},{"not_picked":["HollowMod:SoulEater","HollowMod:FastStrike","HollowMod:PureNailStrike"],"picked":"SKIP","floor":7},{"not_picked":["HollowMod:GrimmsGift","HollowMod:LifebloodCocoon"],"picked":"HollowMod:CloakDash","floor":11}],"player_experience":146921,"relics_obtained":[{"floor":7,"key":"Incense Burner"},{"floor":9,"key":"Darkstone Periapt"},{"floor":12,"key":"Ring of Greed"},{"floor":12,"key":"Replay:Bandana"},{"floor":12,"key":"Membership Card"}],"event_choices":[{"damage_healed":0,"gold_gain":0,"player_choice":"Ignored","damage_taken":0,"max_hp_gain":0,"max_hp_loss":0,"event_name":"Golden Wing","floor":3,"gold_loss":0},{"damage_healed":0,"gold_gain":0,"player_choice":"Ignored","damage_taken":0,"max_hp_gain":0,"max_hp_loss":0,"event_name":"Shining Light","floor":13,"gold_loss":0}],"is_beta":false,"boss_relics":[],"items_purged_floors":[],"is_endless":false,"potions_floor_spawned":[1,2],"killed_by":"Hexaghost","ascension_level":0}}