{"host":"wghdsg8ym2wc7ov9","time":1609394694,"event":{"mods":["AchievementEnabler","Astrologer","BaseMod","Beaked The Cultist","Better Altar","Better Note","Colored Map","Hermit","Highlight Path","Jorbs\u0027s Wanderer Trilogy","Minty Spire (QoL Compilation)","Random Character Button","Relic Stats","Shop Mod","StSLib","The Blackbeard","The Bladedancer","The Cursed","The Gatherer","The Hierophant","The Mystic","The Senshi","The Servant 0.9.4"],"gold_per_floor":[116,116,132,148,168,168,16,30,53,6,24,42,70,137,137,238,238,250,267,278,288,305,305,321,321,346,58,58,72,72,103,103,205,205,223,15,15,45,87,99,111,123,212,224,255,267,296,319,331,343,355,367,23,57,57,57,57],"floor_reached":55,"playtime":16161,"items_purged":[],"score":828,"play_id":"6ed82109-a39f-44d5-846f-7c0a34d652e3","local_time":"20201230220454","is_ascension_mode":false,"metric_token":1489,"campfire_choices":[{"data":"Gatherer:Centralize","floor":6.0,"key":"SMITH"},{"floor":15.0,"key":"REST"},{"floor":23.0,"key":"REST"},{"data":"Gatherer:Herbalism","floor":25.0,"key":"SMITH"},{"data":"Gatherer:Uplift","floor":32.0,"key":"SMITH"},{"floor":40.0,"key":"REST"},{"floor":44.0,"key":"REST"},{"data":"Gatherer:GrowBook","floor":46.0,"key":"SMITH"},{"floor":49.0,"key":"RECALL"},{"data":"Gatherer:UpgradeBag","floor":52.0,"key":"SMITH"}],"circlet_count":0,"master_deck":["Gatherer:Strike_Gatherer","Gatherer:Strike_Gatherer","Gatherer:Strike_Gatherer","Gatherer:Strike_Gatherer","Gatherer:Strike_Gatherer","Gatherer:Defend_Gatherer","Gatherer:Defend_Gatherer","Gatherer:Defend_Gatherer","Gatherer:Defend_Gatherer","Gatherer:Defend_Gatherer","Gatherer:Centralize+1","Gatherer:FlowerWhip","Gatherer:Herbalism+1","Gatherer:SmartManeuver","Gatherer:VenomBarrier","Gatherer:WitheringStrike","Gatherer:BambuSword","Gatherer:QuickSynthesis","Gatherer:AromaProtection","Gatherer:Duality","Gatherer:BigPouch","Gatherer:ColorfulGarden","Gatherer:SaveValuables","Gatherer:Frenzy+1","Gatherer:TreeGrowth+1","Gatherer:Uplift+1","Gatherer:QuickSynthesis","Gatherer:Misfortune","Gatherer:FruitForce+1","Gatherer:PotentialSlash","Gatherer:ColorfulGarden","Gatherer:TreeGrowth","Gatherer:RecoveryHerb+1","Gatherer:FragileHammer","Gatherer:GatherMaterial+1","Gatherer:UpgradeBag+1","Bandage Up","Gatherer:Herbalism","Gatherer:Polymorphism+1","Gatherer:RottenStipe+1","Gatherer:GrowBook","Gatherer:CarefulStrike","Juggernaut+1","Gatherer:PotentialSlash","Gatherer:CollectorsShot+1","Gatherer:Liquidism","Gatherer:TreeGrowth","Gatherer:TreeGrowth+1"],"relics":["Gatherer:AlchemyBag","FaceOfCleric","MealTicket","Gatherer:MistGenerator","SacredBark","Tiny Chest","Anchor","beaked:MawFillet","MawBank","Letter Opener","StrikeDummy","Pen Nib","Oddly Smooth Stone"],"acts_visited":["Exordium","TheCity","TheBeyond","TheEnding"],"potions_floor_usage":[55,55],"damage_taken":[{"damage":0.0,"enemies":"Small Slimes","floor":1.0,"turns":3.0},{"damage":0.0,"enemies":"Cultist","floor":3.0,"turns":3.0},{"damage":1.0,"enemies":"2 Louse","floor":4.0,"turns":2.0},{"damage":3.0,"enemies":"2 Fungi Beasts","floor":5.0,"turns":4.0},{"damage":27.0,"enemies":"Large Slime","floor":8.0,"turns":8.0},{"damage":2.0,"enemies":"Blue Slaver","floor":11.0,"turns":2.0},{"damage":6.0,"enemies":"Lots of Slimes","floor":12.0,"turns":6.0},{"damage":24.0,"enemies":"Gremlin Nob","floor":13.0,"turns":5.0},{"damage":11.0,"enemies":"The Guardian","floor":16.0,"turns":16.0},{"damage":0.0,"enemies":"3 Byrds","floor":18.0,"turns":6.0},{"damage":21.0,"enemies":"Spheric Guardian","floor":19.0,"turns":6.0},{"damage":15.0,"enemies":"Cultist and Chosen","floor":20.0,"turns":8.0},{"damage":0.0,"enemies":"3 Cultists","floor":21.0,"turns":8.0},{"damage":10.0,"enemies":"Shelled Parasite and Fungi","floor":22.0,"turns":8.0},{"damage":10.0,"enemies":"Centurion and Healer","floor":24.0,"turns":9.0},{"damage":8.0,"enemies":"Cultist and Chosen","floor":29.0,"turns":10.0},{"damage":9.0,"enemies":"Book of Stabbing","floor":31.0,"turns":6.0},{"damage":19.0,"enemies":"Collector","floor":33.0,"turns":8.0},{"damage":13.0,"enemies":"3 Darklings","floor":35.0,"turns":6.0},{"damage":2.0,"enemies":"Orb Walker","floor":38.0,"turns":2.0},{"damage":68.0,"enemies":"Giant Head","floor":39.0,"turns":11.0},{"damage":11.0,"enemies":"Nemesis","floor":41.0,"turns":4.0},{"damage":18.0,"enemies":"Jaw Worm Horde","floor":45.0,"turns":5.0},{"damage":3.0,"enemies":"Maw","floor":47.0,"turns":6.0},{"damage":5.0,"enemies":"4 Shapes","floor":48.0,"turns":5.0},{"damage":81.0,"enemies":"Awakened One","floor":50.0,"turns":13.0},{"damage":76.0,"enemies":"Shield and Spear","floor":54.0,"turns":8.0},{"damage":97,"enemies":"The Heart","floor":55,"turns":3}],"seed_played":"-633941916968360337","potions_obtained":[{"floor":1.0,"key":"Energy Potion"},{"floor":4.0,"key":"FearPotion"},{"floor":5.0,"key":"Strength Potion"},{"floor":22.0,"key":"GamblersBrew"},{"floor":29.0,"key":"Swift Potion"},{"floor":31.0,"key":"Strength Potion"},{"floor":38.0,"key":"SmokeBomb"},{"floor":39.0,"key":"Poison Potion"},{"floor":47.0,"key":"BlessingOfTheForge"}],"is_trial":false,"path_per_floor":["M","?","M","M","M","R","$","M","T","$","M","M","E","?","R","B",null,"M","M","M","M","M","R","M","R","T","$","?","M","?","E","R","B",null,"M","$","T","M","E","R","E","?","T","R","M","R","M","M","R","B",null,"R","$","E","B"],"character_chosen":"THE_GATHERER","items_purchased":["MealTicket","Gatherer:QuickSynthesis","Gatherer:FruitForce","Gatherer:PotentialSlash","Gatherer:ColorfulGarden","Gatherer:TreeGrowth","Gatherer:UpgradeBag","Bandage Up","Gatherer:Herbalism","Gatherer:Liquidism","CultistPotion","Pen Nib","Gatherer:TreeGrowth"],"campfire_rested":4,"item_purchase_floors":[7,10,27,27,27,27,36,36,36,53,53,53,53],"current_hp_per_floor":[79,79,80,80,78,78,78,52,52,67,66,61,38,38,63,53,87,88,68,54,55,46,73,64,64,64,83,83,76,76,73,73,55,100,88,101,101,100,37,67,57,57,57,88,75,75,84,80,80,19,108,108,108,52,0,0,0],"gold":57,"neow_bonus":"TEN_PERCENT_HP_BONUS","is_daily":false,"chose_seed":false,"campfire_upgraded":5,"win_rate":0.0,"timestamp":1609394694,"path_taken":["M","?","M","M","M","R","?","M","T","$","M","M","E","?","R","BOSS","M","M","M","M","M","R","M","R","T","$","?","M","?","E","R","BOSS","M","?","?","M","E","R","E","?","T","R","M","R","M","?","R","BOSS","R","$","E","BOSS"],"items_purchased_type":["Relic","Card","Card","Card","Card","Card","Card","Card","Card","Card","Potion","Relic","Card"],"build_version":"2020-12-22","purchased_purges":0,"victory":false,"max_hp_per_floor":[79,79,80,81,82,82,82,83,83,83,84,85,86,86,86,87,87,88,89,90,91,92,92,93,93,93,97,97,98,98,99,99,100,100,101,101,101,102,103,103,104,104,104,104,105,105,106,107,107,108,108,108,108,109,109,109,109],"relic_stats":{"FaceOfCleric":26,"counters":[28,181],"MealTicket":43,"Tiny Chest":1,"Pen Nib":[2],"Letter Opener":[193],"MawBank":192,"obtain_stats":[{"SacredBark":17,"Gatherer:MistGenerator":13,"Oddly Smooth Stone":54,"Pen Nib":53,"Letter Opener":39,"MawBank":37,"Anchor":31,"FaceOfCleric":2,"MealTicket":7,"Tiny Chest":26,"beaked:MawFillet":34,"StrikeDummy":43,"Gatherer:AlchemyBag":0},{"SacredBark":9,"Gatherer:MistGenerator":8,"Oddly Smooth Stone":27,"Pen Nib":26,"Letter Opener":21,"MawBank":19,"Anchor":17,"FaceOfCleric":1,"MealTicket":4,"Tiny Chest":15,"beaked:MawFillet":18,"StrikeDummy":22,"Gatherer:AlchemyBag":0},{"SacredBark":49,"Gatherer:MistGenerator":33,"Oddly Smooth Stone":178,"Pen Nib":170,"Letter Opener":137,"MawBank":124,"Anchor":110,"FaceOfCleric":3,"MealTicket":12,"Tiny Chest":94,"beaked:MawFillet":118,"StrikeDummy":141,"Gatherer:AlchemyBag":0}]},"card_choices":[{"not_picked":["Gatherer:AcidicSpray","Gatherer:EnergyBasket"],"picked":"Gatherer:Herbalism","floor":1.0},{"not_picked":["Gatherer:BambuSword","Gatherer:CarefulStrike"],"picked":"Gatherer:SmartManeuver","floor":3.0},{"not_picked":["Gatherer:Snatch","Gatherer:FragileHammer"],"picked":"Gatherer:VenomBarrier","floor":4.0},{"not_picked":["Gatherer:DrugPower","Gatherer:FlowerShield"],"picked":"Gatherer:WitheringStrike","floor":5.0},{"not_picked":["Gatherer:WoolGloves","Gatherer:DrugPower"],"picked":"Gatherer:BambuSword","floor":8.0},{"not_picked":["Gatherer:Herbalism","Gatherer:TreeGrowth"],"picked":"Gatherer:AromaProtection","floor":11.0},{"not_picked":["Gatherer:Snatch","Gatherer:Duplicator"],"picked":"Gatherer:Duality","floor":12.0},{"not_picked":["Gatherer:TacticalStrike","Gatherer:FlowerFalling"],"picked":"Gatherer:BigPouch","floor":13.0},{"not_picked":["Gatherer:Photoscythe","Gatherer:HeartToFruit"],"picked":"Gatherer:ColorfulGarden","floor":16.0},{"not_picked":["Gatherer:AcidicSpray","Gatherer:VenomBarrier"],"picked":"Gatherer:SaveValuables","floor":18.0},{"not_picked":["Gatherer:FlowerFalling","Gatherer:CarefulStrike+1"],"picked":"Gatherer:Frenzy+1","floor":19.0},{"not_picked":["Gatherer:DrugPower","Gatherer:BambuSword"],"picked":"Gatherer:TreeGrowth+1","floor":20.0},{"not_picked":["Gatherer:Frenzy","Gatherer:EnergyBasket"],"picked":"Gatherer:Uplift","floor":21.0},{"not_picked":["Gatherer:TreeGrowth","Gatherer:BambuSword"],"picked":"Gatherer:QuickSynthesis","floor":22.0},{"not_picked":["Gatherer:FeelingFine+1","Gatherer:Duplicator"],"picked":"Gatherer:Misfortune","floor":24.0},{"not_picked":["Gatherer:ScentOfRosmari","Gatherer:FruitForce"],"picked":"Gatherer:RecoveryHerb+1","floor":29.0},{"not_picked":["Gatherer:FlowerPower","Gatherer:Duality"],"picked":"Gatherer:FragileHammer","floor":31.0},{"not_picked":["Gatherer:HeartToFruit","Gatherer:Bulldoze"],"picked":"Gatherer:GrowBook","floor":33.0},{"not_picked":["Gatherer:SaveValuables","Gatherer:BambuSword"],"picked":"Gatherer:GatherMaterial+1","floor":35.0},{"not_picked":["Gatherer:EnergyBasket+1","Gatherer:Enchant+1"],"picked":"Gatherer:Polymorphism+1","floor":38.0},{"not_picked":["Gatherer:TacticalStrike+1","Gatherer:ScrollOfPurity"],"picked":"Gatherer:RottenStipe+1","floor":39.0},{"not_picked":["Gatherer:TreeGrowth","Gatherer:Herbalism"],"picked":"Gatherer:CarefulStrike","floor":45.0},{"not_picked":["Gatherer:SaveValuables","Gatherer:FlowerPower"],"picked":"Gatherer:PotentialSlash","floor":47.0},{"not_picked":["Gatherer:WoolGloves+1","Gatherer:BigPouch+1"],"picked":"Gatherer:CollectorsShot+1","floor":48.0},{"not_picked":["Gatherer:Convert","Gatherer:Photoscythe"],"picked":"Gatherer:TreeGrowth+1","floor":54.0}],"player_experience":542831,"relics_obtained":[{"floor":13.0,"key":"Gatherer:MistGenerator"},{"floor":26.0,"key":"Tiny Chest"},{"floor":31.0,"key":"Anchor"},{"floor":37.0,"key":"MawBank"},{"floor":39.0,"key":"Letter Opener"},{"floor":43.0,"key":"StrikeDummy"},{"floor":54.0,"key":"Oddly Smooth Stone"}],"event_choices":[{"damage_healed":0.0,"max_hp_gain":0.0,"max_hp_loss":0.0,"gold_gain":0.0,"event_name":"FaceTrader","player_choice":"Trade","floor":2.0,"gold_loss":0.0,"damage_taken":0.0,"relics_obtained":["FaceOfCleric"]},{"damage_healed":0.0,"max_hp_gain":0.0,"max_hp_loss":0.0,"gold_gain":67.0,"event_name":"Golden Wing","player_choice":"Gained Gold","floor":14.0,"gold_loss":0.0,"damage_taken":0.0},{"damage_healed":0.0,"max_hp_gain":0.0,"max_hp_loss":0.0,"gold_gain":0.0,"event_name":"Purifier","player_choice":"Ignored","floor":28.0,"gold_loss":0.0,"damage_taken":0.0},{"damage_healed":0.0,"max_hp_gain":0.0,"max_hp_loss":0.0,"gold_gain":0.0,"event_name":"Upgrade Shrine","player_choice":"Upgraded","floor":30.0,"gold_loss":0.0,"damage_taken":0.0,"cards_upgraded":["Gatherer:FruitForce"]},{"damage_healed":0.0,"max_hp_gain":0.0,"max_hp_loss":0.0,"gold_gain":0.0,"event_name":"Duplicator","player_choice":"Copied","floor":42.0,"gold_loss":0.0,"damage_taken":0.0,"cards_obtained":["Gatherer:GrowBook"]}],"is_beta":false,"boss_relics":[{"not_picked":["Fusion Hammer","Astrolabe"],"picked":"SacredBark"},{"not_picked":["Gatherer:MiracleBag","Runic Pyramid"],"picked":"beaked:MawFillet"}],"items_purged_floors":[],"is_endless":false,"potions_floor_spawned":[1,4,5,22,29,31,38,39,47],"killed_by":"The Heart","ascension_level":0}}