{"host":"37dk0reb6x0du8wx","time":1609402148,"event":{"mods":["BaseMod","Colored Map","DeckTracker","Minty Spire (QoL Compilation)","Quick Restart","StSLib","SuperFastMode","The Dragon Tamer"],"gold_per_floor":[215,230,230,230,405,433,64,14,66,20,20,38,38,50,50,153,153,167,167,178,195,195,195,13,31,31,10,37,37,72,83,83,186,186,203,253,303,323,323,341,341,341],"floor_reached":41,"playtime":1432,"items_purged":["Defend_G"],"score":450,"play_id":"555ca731-be6d-44d6-a3d8-e80862fbd6d6","local_time":"20201231170908","is_ascension_mode":true,"campfire_choices":[{"data":"Cloak And Dagger","floor":13,"key":"SMITH"},{"floor":15,"key":"REST"},{"data":"Cloak And Dagger","floor":23,"key":"SMITH"},{"floor":29,"key":"REST"},{"data":"Blade Dance","floor":32,"key":"SMITH"}],"circlet_count":0,"master_deck":["Strike_G","Strike_G","Strike_G","Strike_G","Defend_G","Defend_G","Defend_G","Survivor","Neutralize","Dagger Throw","Cloak And Dagger+1","Slice","Slice","Cloak And Dagger+1","Corpse Explosion","Finesse","Unload","Accuracy+1","Blade Dance","Blade Dance+1","Footwork","Slice","Blade Dance","Writhe"],"relics":["Ring of the Snake","Pocketwatch","Kunai","MealTicket","Bottled Flame","SacredBark","Membership Card","FossilizedHelix","Nunchaku","Sozu","StoneCalendar","Torii"],"acts_visited":["Exordium","TheCity","TheBeyond"],"potions_floor_usage":[6,6,33,33,33,41],"damage_taken":[{"damage":2,"enemies":"Small Slimes","floor":1,"turns":3},{"damage":7,"enemies":"Jaw Worm","floor":2,"turns":3},{"damage":37,"enemies":"3 Sentries","floor":6,"turns":18},{"damage":0,"enemies":"2 Louse","floor":12,"turns":2},{"damage":0,"enemies":"Exordium Wildlife","floor":14,"turns":2},{"damage":23,"enemies":"Slime Boss","floor":16,"turns":15},{"damage":16,"enemies":"2 Thieves","floor":18,"turns":3},{"damage":4,"enemies":"Chosen","floor":20,"turns":4},{"damage":13,"enemies":"Centurion and Healer","floor":21,"turns":4},{"damage":0,"enemies":"3 Cultists","floor":25,"turns":2},{"damage":26,"enemies":"Slavers","floor":28,"turns":3},{"damage":10,"enemies":"Book of Stabbing","floor":30,"turns":5},{"damage":10,"enemies":"Chosen and Byrds","floor":31,"turns":5},{"damage":22,"enemies":"Champ","floor":33,"turns":13},{"damage":0,"enemies":"Orb Walker","floor":35,"turns":4},{"damage":13,"enemies":"Mind Bloom Boss Battle","floor":36,"turns":8},{"damage":33,"enemies":"2 Orb Walkers","floor":37,"turns":4},{"damage":6,"enemies":"3 Shapes","floor":38,"turns":2},{"damage":1,"enemies":"Transient","floor":40,"turns":5},{"damage":46,"enemies":"Reptomancer","floor":41,"turns":4}],"seed_played":"-7656839687144935170","potions_obtained":[{"floor":1,"key":"Block Potion"},{"floor":6,"key":"Fruit Juice"},{"floor":12,"key":"GhostInAJar"},{"floor":18,"key":"Dexterity Potion"},{"floor":30,"key":"Explosive Potion"},{"floor":33,"key":"SteroidPotion"}],"is_trial":false,"path_per_floor":["M","M","?","?","?","E","$","?","T","$","T","M","R","M","R","B",null,"M","?","M","M","?","R","$","M","T","$","E","R","E","M","R","B",null,"M","?","?","M","?","M","E"],"character_chosen":"THE_SILENT","items_purchased":["Kunai","Cloak And Dagger","Slice","Membership Card","Blade Dance","Footwork"],"campfire_rested":2,"item_purchase_floors":[7,7,10,24,24,27],"current_hp_per_floor":[68,61,61,54,54,22,22,22,22,37,37,37,37,37,59,36,75,59,59,55,42,42,42,57,57,57,72,46,68,58,48,48,26,75,75,62,29,23,42,41,0,0],"gold":341,"neow_bonus":"HUNDRED_GOLD","is_daily":false,"chose_seed":false,"campfire_upgraded":3,"win_rate":0.0,"timestamp":1609402148,"path_taken":["M","M","?","?","?","E","?","?","T","$","?","?","R","M","R","BOSS","M","?","M","?","?","R","?","M","T","$","E","R","E","M","R","BOSS","M","?","?","M","?","M","E"],"items_purchased_type":["Relic","Card","Card","Relic","Card","Card"],"build_version":"2020-12-22","purchased_purges":1,"victory":false,"max_hp_per_floor":[70,70,70,70,70,75,75,75,75,75,75,75,75,75,75,75,75,75,75,75,75,75,75,75,75,75,75,75,75,75,75,75,75,75,75,75,75,75,75,75,75,75],"card_choices":[{"not_picked":["Heel Hook","Backflip","Eviscerate"],"picked":"SKIP","floor":1},{"not_picked":["Poisoned Stab","Expertise","Finisher"],"picked":"SKIP","floor":2},{"not_picked":["Expertise","Flying Knee"],"picked":"Dagger Throw","floor":6},{"not_picked":["Underhanded Strike","Dagger Throw"],"picked":"Slice","floor":12},{"not_picked":["PiercingWail","Outmaneuver"],"picked":"Cloak And Dagger","floor":14},{"not_picked":["Night Terror","After Image"],"picked":"Corpse Explosion","floor":16},{"not_picked":["Sucker Punch","Flying Knee","Catalyst+1"],"picked":"SKIP","floor":18},{"not_picked":["All Out Attack+1","Prepared","Underhanded Strike+1"],"picked":"SKIP","floor":20},{"not_picked":["Choke","Prepared"],"picked":"Accuracy+1","floor":21},{"not_picked":["Calculated Gamble","Blur"],"picked":"Blade Dance","floor":25},{"not_picked":["Prepared+1","Crippling Poison","Unload"],"picked":"SKIP","floor":28},{"not_picked":["Acrobatics","Poisoned Stab","Bouncing Flask"],"picked":"SKIP","floor":30},{"not_picked":["Poisoned Stab+1","Caltrops","Prepared+1"],"picked":"SKIP","floor":31},{"not_picked":["Dagger Throw","Dodge and Roll+1","Prepared"],"picked":"SKIP","floor":35},{"not_picked":["Flying Knee","Outmaneuver+1"],"picked":"Slice","floor":36},{"not_picked":["Poisoned Stab+1","Endless Agony"],"picked":"Blade Dance","floor":37},{"not_picked":["Masterful Stab+1","Acrobatics+1","Dagger Throw+1"],"picked":"SKIP","floor":38},{"not_picked":["Distraction","Glass Knife","Flechettes+1"],"picked":"SKIP","floor":40}],"player_experience":90356,"relics_obtained":[{"floor":6,"key":"Pocketwatch"},{"floor":9,"key":"MealTicket"},{"floor":11,"key":"Bottled Flame"},{"floor":26,"key":"FossilizedHelix"},{"floor":28,"key":"Nunchaku"},{"floor":36,"key":"StoneCalendar"},{"floor":37,"key":"Torii"}],"event_choices":[{"cards_removed":["Strike_G"],"damage_healed":0,"gold_gain":0,"player_choice":"Forget","damage_taken":0,"max_hp_gain":0,"max_hp_loss":0,"event_name":"Living Wall","floor":3,"gold_loss":0},{"cards_removed":["Defend_G"],"damage_healed":0,"gold_gain":0,"player_choice":"Card Removal","damage_taken":7,"max_hp_gain":0,"max_hp_loss":0,"event_name":"Golden Wing","floor":4,"gold_loss":0},{"damage_healed":0,"gold_gain":175,"player_choice":"AGREE","damage_taken":0,"max_hp_gain":0,"max_hp_loss":0,"event_name":"Liars Game","floor":5,"gold_loss":0,"cards_obtained":["Doubt"]},{"cards_removed":["Doubt"],"damage_healed":0,"gold_gain":0,"player_choice":"Card Removal","damage_taken":0,"max_hp_gain":0,"max_hp_loss":0,"event_name":"The Cleric","floor":8,"gold_loss":50},{"damage_healed":0,"gold_gain":0,"player_choice":"2 cards matched","damage_taken":0,"max_hp_gain":0,"max_hp_loss":0,"event_name":"Match and Keep!","floor":19,"gold_loss":0,"cards_obtained":["Finesse","Unload"]},{"damage_healed":0,"gold_gain":0,"player_choice":"Ignored","damage_taken":0,"max_hp_gain":0,"max_hp_loss":0,"event_name":"Ghosts","floor":22,"gold_loss":0},{"damage_healed":0,"gold_gain":0,"player_choice":"Fight","damage_taken":0,"max_hp_gain":0,"max_hp_loss":0,"event_name":"MindBloom","floor":36,"gold_loss":0},{"damage_healed":0,"gold_gain":0,"player_choice":"Fight","damage_taken":0,"max_hp_gain":0,"max_hp_loss":0,"event_name":"Mysterious Sphere","floor":37,"gold_loss":0},{"damage_healed":19,"gold_gain":0,"player_choice":"Writhe","damage_taken":0,"max_hp_gain":0,"max_hp_loss":0,"event_name":"Winding Halls","floor":39,"gold_loss":0,"cards_obtained":["Writhe"]}],"is_beta":false,"boss_relics":[{"not_picked":["Coffee Dripper","Busted Crown"],"picked":"SacredBark"},{"not_picked":["Tiny House","Snecko Eye"],"picked":"Sozu"}],"items_purged_floors":[7],"is_endless":false,"potions_floor_spawned":[1,6,12,18,30,31,33,37,38],"killed_by":"Reptomancer","ascension_level":1}}