{"host":"qc268ltokmxwqyrx","time":1609445138,"event":{"mods":["BaseMod","Colored Map","Colored Powertips","Minty Spire (QoL Compilation)","Relic Stats","Slay the Relics Exporter","StSLib","ojb\u0027s Info Mod"],"gold_per_floor":[112,72,90,105,105,105,130,55,109,139,139,158,174,207,219,231,231],"floor_reached":16,"playtime":839,"items_purged":[],"score":290,"play_id":"9ccd19bc-58a3-492f-9078-5ffa0ddbf921","local_time":"20201231140538","is_ascension_mode":true,"campfire_choices":[{"data":"Skewer","floor":6.0,"key":"SMITH"},{"data":"Doppelganger","floor":11.0,"key":"SMITH"},{"data":"Adrenaline","floor":15.0,"key":"SMITH"}],"circlet_count":0,"master_deck":["AscendersBane","Strike_G","Strike_G","Strike_G","Strike_G","Defend_G","Defend_G","Defend_G","Defend_G","Defend_G","Survivor","Neutralize","Skewer+1","Blade Dance","Doppelganger+1","Adrenaline+1","Acrobatics","Burst","Calculated Gamble"],"relics":["Ring of the Snake","FossilizedHelix","Strawberry","Happy Flower","Omamori","MawBank"],"acts_visited":["Exordium"],"potions_floor_usage":[16],"damage_taken":[{"damage":0.0,"enemies":"Jaw Worm","floor":1.0,"turns":6.0},{"damage":0.0,"enemies":"Cultist","floor":3.0,"turns":5.0},{"damage":0.0,"enemies":"Small Slimes","floor":4.0,"turns":4.0},{"damage":17.0,"enemies":"3 Sentries","floor":7.0,"turns":7.0},{"damage":0.0,"enemies":"Gremlin Nob","floor":10.0,"turns":3.0},{"damage":0.0,"enemies":"2 Fungi Beasts","floor":12.0,"turns":5.0},{"damage":0.0,"enemies":"Exordium Wildlife","floor":13.0,"turns":9.0},{"damage":12.0,"enemies":"3 Sentries","floor":14.0,"turns":8.0},{"damage":46,"enemies":"The Guardian","floor":16,"turns":16}],"seed_played":"5163846859945881465","potions_obtained":[{"floor":2.0,"key":"Strength Potion"},{"floor":2.0,"key":"Energy Potion"},{"floor":2.0,"key":"FearPotion"},{"floor":12.0,"key":"Fire Potion"}],"is_trial":false,"path_per_floor":["M","?","M","M","?","R","E","?","T","E","R","M","M","E","R","B"],"character_chosen":"THE_SILENT","items_purchased":[],"campfire_rested":0,"item_purchase_floors":[],"current_hp_per_floor":[44,44,44,44,66,66,56,56,56,56,56,56,56,44,44,0,0],"gold":231,"neow_bonus":"ONE_RARE_RELIC","is_daily":false,"chose_seed":false,"campfire_upgraded":3,"win_rate":0.0,"timestamp":1609445138,"path_taken":["M","?","M","?","?","R","E","?","T","E","R","M","M","E","R","BOSS"],"items_purchased_type":[],"build_version":"2020-12-22","purchased_purges":0,"victory":false,"max_hp_per_floor":[66,66,66,66,66,66,73,73,73,73,73,73,73,73,73,73,73],"relic_stats":{"Happy Flower":[13],"counters":[9,63],"MawBank":24,"obtain_stats":[{"Happy Flower":9,"Strawberry":7,"Omamori":10,"MawBank":14,"FossilizedHelix":0,"Ring of the Snake":0},{"Happy Flower":4,"Strawberry":4,"Omamori":5,"MawBank":8,"FossilizedHelix":0,"Ring of the Snake":0},{"Happy Flower":22,"Strawberry":22,"Omamori":25,"MawBank":47,"FossilizedHelix":0,"Ring of the Snake":0}],"Ring of the Snake":[18]},"card_choices":[{"not_picked":["Quick Slash","Deflect"],"picked":"Skewer","floor":1.0},{"not_picked":["Distraction","Deflect"],"picked":"Blade Dance","floor":3.0},{"not_picked":["Deadly Poison","Bane","Poisoned Stab"],"picked":"SKIP","floor":4.0},{"not_picked":["Quick Slash","Night Terror"],"picked":"Doppelganger","floor":7.0},{"not_picked":["Blur","Dagger Throw"],"picked":"Adrenaline","floor":10.0},{"not_picked":["Flying Knee","Dagger Throw"],"picked":"Acrobatics","floor":12.0},{"not_picked":["Bane","Terror"],"picked":"Burst","floor":13.0},{"not_picked":["Escape Plan","Flying Knee"],"picked":"Calculated Gamble","floor":14.0}],"player_experience":1777283,"relics_obtained":[{"floor":7.0,"key":"Strawberry"},{"floor":9.0,"key":"Happy Flower"},{"floor":10.0,"key":"Omamori"},{"floor":14.0,"key":"MawBank"}],"event_choices":[{"damage_healed":0.0,"max_hp_gain":0.0,"max_hp_loss":0.0,"gold_gain":0.0,"event_name":"The Woman in Blue","player_choice":"Bought 3 Potions","floor":2.0,"gold_loss":0.0,"damage_taken":0.0},{"damage_healed":22.0,"max_hp_gain":0.0,"max_hp_loss":0.0,"gold_gain":0.0,"event_name":"Big Fish","player_choice":"Banana","floor":5.0,"gold_loss":0.0,"damage_taken":0.0},{"cards_removed":["Strike_G"],"damage_healed":0.0,"max_hp_gain":0.0,"max_hp_loss":0.0,"gold_gain":0.0,"event_name":"The Cleric","player_choice":"Card Removal","floor":8.0,"gold_loss":75.0,"damage_taken":0.0}],"is_beta":false,"boss_relics":[],"items_purged_floors":[],"is_endless":false,"potions_floor_spawned":[4,12],"killed_by":"The Guardian","ascension_level":20}}