{"host":"b0dcklafnoly879c","time":1609419686,"event":{"mods":["BaseMod","Minty Spire (QoL Compilation)","StSLib","The Dragon Tamer","The Jungle"],"gold_per_floor":[113,130,146,166,166,166,199,199,280,280,315,315,343,343,343,343,343,343],"floor_reached":16,"playtime":1539,"items_purged":[],"score":176,"play_id":"9f8f1197-d3af-4e4b-b1f4-de0f25c5378c","local_time":"20201231220126","is_ascension_mode":true,"metric_token":351,"campfire_choices":[{"data":"DTMod:SwitchingTactic","floor":6,"key":"SMITH"},{"data":"DTMod:ForkedFire","floor":8,"key":"SMITH"},{"data":"DTMod:Shift","floor":10,"key":"SMITH"},{"data":"DTMod:Prediction","floor":15,"key":"SMITH"}],"dtmod_dragon_data":[0,50,-1,-1,0,0],"circlet_count":0,"master_deck":["DTMod:Strike","DTMod:Strike","DTMod:Strike","DTMod:DoubleHit","DTMod:TargetDefense","DTMod:TargetDefense","DTMod:TargetDefense","DTMod:TargetDefense","DTMod:SwitchingTactic+1","DTMod:RunningTactic","DTMod:Overwhelm","DTMod:Shift+1","DTMod:ForkedFire+1","DTMod:HeatWave","DTMod:Prediction+1"],"relics":["DTMod:PactStone","NeowsBlessing","FossilizedHelix","Ornamental Fan","Tiny Chest","Art of War","Potion Belt","Golden Idol"],"acts_visited":["Exordium"],"potions_floor_usage":[7],"damage_taken":[{"damage":0,"enemies":"Jaw Worm","floor":1,"turns":1},{"damage":0,"enemies":"Small Slimes","floor":2,"turns":1},{"damage":0,"enemies":"2 Louse","floor":3,"turns":1},{"damage":1,"enemies":"Large Slime","floor":4,"turns":6},{"damage":10,"enemies":"3 Sentries","floor":7,"turns":14},{"damage":0,"enemies":"Lagavulin","floor":11,"turns":8},{"damage":0,"enemies":"Gremlin Nob","floor":13,"turns":4},{"damage":0,"enemies":"Hexaghost","floor":16,"turns":10}],"seed_played":"5448449102560098806","potions_obtained":[{"floor":1,"key":"ColorlessPotion"},{"floor":3,"key":"Ancient Potion"},{"floor":4,"key":"SpeedPotion"},{"floor":13,"key":"FairyPotion"}],"is_trial":false,"path_per_floor":["M","M","M","M","?","R","E","R","T","R","E","?","E","?","R","B"],"character_chosen":"THE_DT","items_purchased":[],"campfire_rested":0,"item_purchase_floors":[],"current_hp_per_floor":[45,45,45,44,37,37,27,27,27,27,27,20,20,9,9,9,9,9],"gold":343,"neow_bonus":"THREE_ENEMY_KILL","is_daily":false,"chose_seed":false,"campfire_upgraded":4,"win_rate":0.0,"timestamp":1609419686,"path_taken":["M","M","M","M","?","R","E","R","T","R","E","?","E","?","R","BOSS"],"items_purchased_type":[],"build_version":"2020-12-22","purchased_purges":0,"victory":false,"max_hp_per_floor":[45,45,45,45,45,45,45,45,45,45,45,45,45,45,45,45,45,45],"card_choices":[{"not_picked":["DTMod:Weaken","DTMod:GhostSkin"],"picked":"DTMod:RunningTactic","floor":1},{"not_picked":["DTMod:BreakAttack","DTMod:BizarreTactic","DTMod:Observe"],"picked":"SKIP","floor":2},{"not_picked":["DTMod:Feint","DTMod:StarRain"],"picked":"DTMod:Overwhelm","floor":3},{"not_picked":["DTMod:CalculatedDefense","DTMod:BreakAttack"],"picked":"DTMod:Shift","floor":4},{"not_picked":["DTMod:RunningTactic","DTMod:CalculatedDefense"],"picked":"DTMod:ForkedFire","floor":7},{"not_picked":["DTMod:DeepFocus","DTMod:StarRain"],"picked":"DTMod:HeatWave","floor":11},{"not_picked":["DTMod:Training","DTMod:WarmUp"],"picked":"DTMod:Prediction","floor":13}],"player_experience":235344,"relics_obtained":[{"floor":7,"key":"FossilizedHelix"},{"floor":9,"key":"Ornamental Fan"},{"floor":11,"key":"Tiny Chest"},{"floor":13,"key":"Potion Belt"}],"event_choices":[{"cards_removed":["DTMod:Strike"],"damage_healed":0,"gold_gain":0,"player_choice":"Card Removal","damage_taken":7,"max_hp_gain":0,"max_hp_loss":0,"event_name":"Golden Wing","floor":5,"gold_loss":0},{"damage_healed":0,"gold_gain":0,"player_choice":"Success","damage_taken":7,"relics_obtained":["Art of War"],"max_hp_gain":0,"max_hp_loss":0,"event_name":"Scrap Ooze","floor":12,"gold_loss":0},{"damage_healed":0,"gold_gain":0,"player_choice":"Take Damage","damage_taken":11,"relics_obtained":["Golden Idol"],"max_hp_gain":0,"max_hp_loss":0,"event_name":"Golden Idol","floor":14,"gold_loss":0}],"is_beta":false,"boss_relics":[],"items_purged_floors":[],"is_endless":false,"potions_floor_spawned":[1,3,4,13],"killed_by":"Hexaghost","ascension_level":1}}