{"host":"lg1piimdyocafd6j","time":1609440610,"event":{"mods":["AchievementEnabler","BaseMod","Better Third Choice","BetterRewards","Colored Map","Colored Powertips","Downfall","Minty Spire (QoL Compilation)","Quick Restart","Rare Cards Sparkle","StSLib","SuperFastMode"],"gold_per_floor":[117,129,54,65,83,83,103,178,202,217,34,34,52,68,68,164,164,180,180,195,195,195],"floor_reached":21,"playtime":1041,"items_purged":["Strike_B"],"score":200,"play_id":"4c1588cd-9780-4ec0-ac3f-a664bb597053","local_time":"20201231195010","is_ascension_mode":false,"campfire_choices":[{"floor":6,"key":"RECALL"},{"floor":12,"key":"REST"},{"floor":15,"key":"REST"}],"circlet_count":0,"master_deck":["Strike_B","Strike_B","Defend_B","Defend_B","Defend_B","Defend_B","Zap","Sweeping Beam","Streamline","Capacitor","Glacier","Streamline","Auto Shields","Streamline","Buffer","CurseOfTheBell","Streamline"],"relics":["Cracked Core","PreservedInsect","Calling Bell","Ancient Tea Set","Mercury Hourglass","StoneCalendar"],"acts_visited":["Exordium","TheCity"],"potions_floor_usage":[7,14,16,16,18],"damage_taken":[{"damage":0,"enemies":"Cultist","floor":1,"turns":4},{"damage":3,"enemies":"Small Slimes","floor":2,"turns":3},{"damage":6,"enemies":"Jaw Worm","floor":4,"turns":5},{"damage":0,"enemies":"Large Slime","floor":5,"turns":4},{"damage":4,"enemies":"Exordium Wildlife","floor":7,"turns":5},{"damage":11,"enemies":"3 Louse","floor":10,"turns":3},{"damage":16,"enemies":"Large Slime","floor":13,"turns":5},{"damage":8,"enemies":"Gremlin Gang","floor":14,"turns":4},{"damage":21,"enemies":"Slime Boss","floor":16,"turns":8},{"damage":18,"enemies":"3 Byrds","floor":18,"turns":5},{"damage":27,"enemies":"Chosen","floor":20,"turns":5},{"damage":34,"enemies":"Centurion and Healer","floor":21,"turns":6}],"seed_played":"1112838745607603929","potions_obtained":[{"floor":4,"key":"Explosive Potion"},{"floor":7,"key":"Strength Potion"},{"floor":10,"key":"Swift Potion"},{"floor":13,"key":"AttackPotion"},{"floor":14,"key":"Strength Potion"},{"floor":18,"key":"Weak Potion"}],"is_trial":false,"path_per_floor":["M","M","$","M","M","R","M","?","T","M","$","R","M","M","R","B",null,"M","?","M","M"],"character_chosen":"DEFECT","items_purchased":["PreservedInsect","Auto Shields"],"campfire_rested":2,"item_purchase_floors":[11,11],"current_hp_per_floor":[75,72,72,66,66,66,62,55,55,44,44,66,50,42,64,43,75,57,57,30,0,0],"gold":195,"neow_bonus":"TRANSFORM_CARD","is_daily":false,"chose_seed":false,"campfire_upgraded":0,"win_rate":0.0,"timestamp":1609440610,"path_taken":["M","M","$","M","M","R","M","?","T","?","$","R","M","M","R","BOSS","M","?","?","?"],"items_purchased_type":["Relic","Card"],"build_version":"2020-12-22","purchased_purges":1,"victory":false,"max_hp_per_floor":[75,75,75,75,75,75,75,75,75,75,75,75,75,75,75,75,75,75,75,75,75,75],"card_choices":[{"not_picked":["Steam","Scrape"],"picked":"Streamline","floor":1},{"not_picked":["Storm","Recycle"],"picked":"Capacitor","floor":2},{"not_picked":["Steam Power","White Noise"],"picked":"Glacier","floor":4},{"not_picked":["Melter","Ball Lightning"],"picked":"Streamline","floor":5},{"not_picked":["Gash","Go for the Eyes","Ball Lightning"],"picked":"SKIP","floor":7},{"not_picked":["Beam Cell","Reboot","Stack"],"picked":"SKIP","floor":10},{"not_picked":["Force Field","Beam Cell","Coolheaded"],"picked":"SKIP","floor":13},{"not_picked":["Double Energy","Barrage"],"picked":"Streamline","floor":14},{"not_picked":["Reboot","Meteor Strike"],"picked":"Buffer","floor":16},{"not_picked":["Recycle","Redo"],"picked":"Streamline","floor":18},{"not_picked":["Steam Power","Sweeping Beam","Lockon"],"picked":"SKIP","floor":20}],"player_experience":144498,"relics_obtained":[{"floor":17,"key":"Ancient Tea Set"},{"floor":17,"key":"Mercury Hourglass"},{"floor":17,"key":"StoneCalendar"}],"event_choices":[{"damage_healed":0,"gold_gain":75,"player_choice":"Touch","damage_taken":7,"max_hp_gain":0,"max_hp_loss":0,"event_name":"FaceTrader","floor":8,"gold_loss":0},{"cards_removed":["Strike_B"],"damage_healed":0,"gold_gain":0,"player_choice":"Purged","damage_taken":0,"max_hp_gain":0,"max_hp_loss":0,"event_name":"Purifier","floor":19,"gold_loss":0}],"is_beta":false,"boss_relics":[{"not_picked":["FrozenCore","SlaversCollar"],"picked":"Calling Bell"}],"items_purged_floors":[3],"is_endless":false,"potions_floor_spawned":[4,7,10,13,14,18],"killed_by":"Centurion and Healer","ascension_level":0}}