{"host":"wqsqub3crsxqknzv","time":1609454611,"event":{"mods":["BaseMod","Better Third Choice","Colored Powertips","Conspire","Hubris","Infinite Spire","Jedi Mod","Minty Spire (QoL Compilation)","Replay The Spire","StSLib"],"gold_per_floor":[12,12,26,40,58,58,76,76,76,76,94,19,39,54,54,150,150,139,155,55,55,55,55,82,82,132,151,163,188,188,188,188,188,188],"floor_reached":33,"playtime":6033,"items_purged":["Strike_B","Defend_B"],"score":284,"play_id":"f0e28954-82f8-46b9-9043-7138220f1a2c","local_time":"20210101004330","is_ascension_mode":false,"campfire_choices":[{"data":"Genetic Algorithm","floor":6.0,"key":"SMITH"},{"data":"Creative AI","floor":8.0,"key":"SMITH"},{"floor":15.0,"key":"REST"},{"data":"jedi:readyaimfire","floor":23.0,"key":"SMITH"},{"data":"Biased Cognition","floor":25.0,"key":"SMITH"},{"data":"Loop","floor":32,"key":"SMITH"}],"circlet_count":0,"master_deck":["Defend_B","Defend_B","Defend_B","Zap","Dualcast","Creative AI+1","Coolheaded","Genetic Algorithm+1","jedi:BurstLightning","Gash","Biased Cognition+1","Leap","jedi:markofdeath","jedi:readyaimfire+1","Time Bomb+1","Gash","Loop+1"],"relics":["Cracked Core","conspire:DecoderRing","Empty Cage","hubris:BottledHeart","Replay:Antivirus Software","ReplayTheSpireMod:TigerMarble","hubris:Teleporter","jedi:firstaidkit","ReplayTheSpireMod:EnergyBall"],"acts_visited":["Exordium","TheCity"],"potions_floor_usage":[],"damage_taken":[{"damage":3.0,"enemies":"Small Slimes","floor":1.0,"turns":3.0},{"damage":4.0,"enemies":"Cultist","floor":3.0,"turns":4.0},{"damage":3.0,"enemies":"conspire:RoseBush","floor":4.0,"turns":3.0},{"damage":3.0,"enemies":"Exordium Thugs","floor":5.0,"turns":3.0},{"damage":12.0,"enemies":"Lots of Slimes","floor":7.0,"turns":6.0},{"damage":23.0,"enemies":"Gremlin Gang","floor":11.0,"turns":7.0},{"damage":25.0,"enemies":"Large Slime","floor":13.0,"turns":6.0},{"damage":0.0,"enemies":"3 Louse","floor":14.0,"turns":3.0},{"damage":20.0,"enemies":"Hexaghost","floor":16.0,"turns":11.0},{"damage":21.0,"enemies":"2 Thieves","floor":18.0,"turns":4.0},{"damage":12.0,"enemies":"Shell Parasite","floor":19.0,"turns":8.0},{"damage":0.0,"enemies":"conspire:SneckoGhost","floor":24.0,"turns":10.0},{"damage":0.0,"enemies":"conspire:HollyBat","floor":27.0,"turns":8.0},{"damage":0,"enemies":"Snake Plant","floor":28,"turns":5},{"damage":6,"enemies":"Champ","floor":33,"turns":7}],"seed_played":"-9100135274203452272","potions_obtained":[{"floor":3.0,"key":"jedi:StrikingPotion"},{"floor":7.0,"key":"Swift Potion"},{"floor":14.0,"key":"Adrenaline Potion"},{"floor":16.0,"key":"jedi:wingpotion"},{"floor":18.0,"key":"Block Potion"}],"is_trial":false,"path_per_floor":["M","?","M","M","M","R","M","R","T","?","M","$","M","M","R","B",null,"M","M","$","?","?","R","E","R","T","M","M","?","T","AVR","R","B"],"character_chosen":"DEFECT","items_purchased":["Fruit Juice"],"campfire_rested":1,"item_purchase_floors":[20],"current_hp_per_floor":[72,72,68,65,62,62,50,50,50,50,27,27,2,2,24,4,75,54,42,42,42,1,1,1,1,1,1,1,1,1,1,1,0,0],"gold":188,"neow_bonus":"THREE_RARE_CARDS","is_daily":false,"chose_seed":false,"campfire_upgraded":5,"win_rate":0.0,"timestamp":1609454610,"path_taken":["M","?","M","M","?","R","M","R","T","?","?","$","?","M","R","BOSS","M","?","$","?","?","R","E","R","T","M","?","?","?","AVR","R","BOSS"],"items_purchased_type":["Potion"],"build_version":"2020-11-29","purchased_purges":2,"victory":false,"max_hp_per_floor":[75,75,75,75,75,75,75,75,75,75,75,75,75,75,75,75,75,75,75,75,75,1,1,1,1,1,1,1,1,1,1,1,1,1],"card_choices":[{"not_picked":["Machine Learning","hubris:Prefetch"],"picked":"Creative AI","floor":0.0},{"not_picked":["jedi:markofdeath","Go for the Eyes"],"picked":"Coolheaded","floor":1.0},{"not_picked":["Panic Button","Barrage"],"picked":"Genetic Algorithm","floor":3.0},{"not_picked":["Steam","Seek","jedi:blockon"],"picked":"SKIP","floor":4.0},{"not_picked":["Go for the Eyes","Time Bomb"],"picked":"jedi:BurstLightning","floor":5.0},{"not_picked":["Heatsinks","hubris:PowerSurge"],"picked":"Gash","floor":7.0},{"not_picked":["Coolheaded","Stack"],"picked":"Leap","floor":11.0},{"not_picked":["jedi:BurstFrost","Barrage"],"picked":"jedi:markofdeath","floor":13.0},{"not_picked":["Mirror Shield","Sweeping Beam","Redo"],"picked":"SKIP","floor":14.0},{"not_picked":["jedi:gatheringstorm","Biased Cognition"],"picked":"jedi:readyaimfire","floor":16.0},{"not_picked":["ReplaySort","hubris:PowerSurge+1"],"picked":"Time Bomb+1","floor":18.0},{"not_picked":["Panic Button","Ball Lightning","jedi:blockon"],"picked":"SKIP","floor":19.0},{"not_picked":["Steam+1","jedi:gatheringstorm","Stack+1"],"picked":"SKIP","floor":24.0},{"not_picked":["Fusion","Compile Driver","Melter"],"picked":"SKIP","floor":27},{"not_picked":["Ball Lightning","Glacier"],"picked":"Gash","floor":28},{"not_picked":["Ball Lightning+1","Buffer"],"picked":"Loop","floor":29}],"player_experience":1137,"relics_obtained":[{"floor":9.0,"key":"conspire:DecoderRing"},{"floor":24.0,"key":"Replay:Antivirus Software"},{"floor":26.0,"key":"ReplayTheSpireMod:TigerMarble"},{"floor":29,"key":"hubris:Teleporter"},{"floor":30,"key":"jedi:firstaidkit"}],"event_choices":[{"damage_healed":0.0,"max_hp_gain":0.0,"max_hp_loss":0.0,"gold_gain":0.0,"event_name":"Match and Keep!","player_choice":"0 cards matched","floor":2.0,"gold_loss":0.0,"damage_taken":0.0,"cards_obtained":[]},{"damage_healed":0.0,"max_hp_gain":0.0,"max_hp_loss":0.0,"gold_gain":0.0,"cards_transformed":["Strike_B"],"event_name":"Transmorgrifier","player_choice":"Transformed","floor":10.0,"gold_loss":0.0,"damage_taken":0.0,"cards_obtained":["Biased Cognition"]},{"damage_healed":0.0,"max_hp_gain":0.0,"max_hp_loss":0.0,"gold_gain":0.0,"event_name":"Vampires","player_choice":"Ignored","floor":21.0,"gold_loss":0.0,"damage_taken":0.0}],"is_beta":false,"boss_relics":[{"not_picked":["ReplayTheSpireMod:SealedPack","SlaversCollar"],"picked":"Empty Cage"}],"items_purged_floors":[12,31],"is_endless":false,"potions_floor_spawned":[3,7,14,16,18],"killed_by":"Champ","ascension_level":0}}