{"host":"7yxt37kap0q16lk4","time":1609448647,"event":{"mods":["2.2 Compatiblity","Act Like it!","BaseMod","Better Third Choice","Better-Laid Plans","Colored Map","Custom Start","Highlight Path","Keyboard Shortcuts","Minty Spire (QoL Compilation)","Quick Restart","Rare Cards Sparkle","Relic Stats","Shop Mod","Slay the Relics Exporter","StSLib","SuperFastMode"],"gold_per_floor":[5011,5021,4401,4401,3494,3525,2420,2420,2420],"floor_reached":8,"playtime":170,"items_purged":["Strike_B","Strike_B","Strike_B"],"score":183,"play_id":"6e8e4874-5dbf-48a0-9de9-5690e817720f","local_time":"20210101060407","is_ascension_mode":true,"campfire_choices":[],"circlet_count":0,"master_deck":["AscendersBane","Strike_B","Defend_B","Defend_B","Defend_B","Defend_B","Zap","Dualcast","Creative AI","Gash","Heatsinks","Storm","Storm","Master of Strategy","Master of Strategy","Capacitor"],"relics":["Cracked Core","WingedGreaves","DollysMirror","Centennial Puzzle","Juzu Bracelet","Meat on the Bone","DataDisk","Chemical X","Letter Opener","Sundial","Incense Burner","ClockworkSouvenir"],"acts_visited":["Exordium"],"potions_floor_usage":[6,6],"damage_taken":[{"damage":2,"enemies":"Cultist","floor":1,"turns":4},{"damage":14,"enemies":"Jaw Worm","floor":2,"turns":7},{"damage":39,"enemies":"Gremlin Nob","floor":6,"turns":4},{"damage":25,"enemies":"3 Sentries","floor":8,"turns":4}],"seed_played":"8691682433959776449","potions_obtained":[{"floor":2,"key":"GamblersBrew"},{"floor":4,"key":"Block Potion"}],"is_trial":false,"path_per_floor":["M","M","$","?","$","E","$","E"],"character_chosen":"DEFECT","items_purchased":["Storm","DollysMirror","Centennial Puzzle","Juzu Bracelet","Meat on the Bone","DataDisk","Chemical X","Master of Strategy","Sundial","Incense Burner","ClockworkSouvenir","Master of Strategy","Capacitor"],"campfire_rested":0,"item_purchase_floors":[3,3,3,3,5,5,5,5,7,7,7,7,7],"current_hp_per_floor":[62,48,48,48,48,21,21,0,0],"gold":2420,"neow_bonus":"THREE_RARE_CARDS","is_daily":false,"chose_seed":false,"campfire_upgraded":0,"win_rate":0.0,"timestamp":1609448647,"path_taken":["M","M","$","?","$","E","$","E"],"items_purchased_type":["Card","Relic","Relic","Relic","Relic","Relic","Relic","Card","Relic","Relic","Relic","Card","Card"],"build_version":"2020-12-22","purchased_purges":3,"victory":false,"max_hp_per_floor":[71,71,71,71,71,71,71,71,71],"relic_stats":{"Centennial Puzzle":[6],"counters":[4,19],"Sundial":[0],"Juzu Bracelet":0,"Chemical X":[1],"Letter Opener":[30],"obtain_stats":[{"Centennial Puzzle":3,"DataDisk":5,"DollysMirror":3,"Sundial":7,"WingedGreaves":2,"Juzu Bracelet":3,"Incense Burner":7,"Chemical X":5,"Letter Opener":6,"Cracked Core":0,"Meat on the Bone":5,"ClockworkSouvenir":7},{"Centennial Puzzle":2,"DataDisk":2,"DollysMirror":2,"Sundial":3,"WingedGreaves":2,"Juzu Bracelet":2,"Incense Burner":3,"Chemical X":2,"Letter Opener":3,"Cracked Core":0,"Meat on the Bone":2,"ClockworkSouvenir":3},{"Centennial Puzzle":11,"DataDisk":11,"DollysMirror":11,"Sundial":15,"WingedGreaves":11,"Juzu Bracelet":11,"Incense Burner":15,"Chemical X":11,"Letter Opener":15,"Cracked Core":0,"Meat on the Bone":11,"ClockworkSouvenir":15}],"Meat on the Bone":12},"card_choices":[{"not_picked":["Meteor Strike","Reboot"],"picked":"Creative AI","floor":0},{"not_picked":["Go for the Eyes","Redo"],"picked":"Gash","floor":1},{"not_picked":["Blizzard","Self Repair"],"picked":"Heatsinks","floor":2},{"not_picked":["Stack","Go for the Eyes","Barrage"],"picked":"SKIP","floor":6}],"player_experience":1030890,"relics_obtained":[{"floor":6,"key":"Letter Opener"}],"event_choices":[{"damage_healed":0,"gold_gain":0,"player_choice":"Got Potions","damage_taken":0,"max_hp_gain":0,"max_hp_loss":0,"event_name":"Lab","floor":4,"gold_loss":0}],"is_beta":false,"boss_relics":[],"items_purged_floors":[3,5,7],"is_endless":false,"potions_floor_spawned":[2],"killed_by":"3 Sentries","ascension_level":20}}