{"host":"ei424ha2zqt1xblg","time":1609438068,"event":{"mods":["BaseMod","Downfall-Rebalance","Minty Spire (QoL Compilation)","MostiFishMod","StSLib","TestMod","Waifu the Spire"],"gold_per_floor":[119,519,519,534,77,111,128,157,183,195,195,195,223,235,235,311,311,324,342,342,362,262,262,262,297,297,309,328,243,262,291,291,365,365,376,391,416,435,446,473,473,504,504,519,545,563,597,597,597,597,597,597,597,28,55,55],"floor_reached":57,"playtime":2246,"items_purged":["Regret","Strike_R"],"score":3768,"play_id":"0f8ea2aa-d151-473f-aa09-2d02df8bbea0","local_time":"20210101020748","is_ascension_mode":true,"campfire_choices":[{"data":"Fire Breathing","floor":11.0,"key":"SMITH"},{"data":"Disarm","floor":15.0,"key":"SMITH"},{"data":"Shockwave","floor":24.0,"key":"SMITH"},{"data":"Feel No Pain","floor":32.0,"key":"SMITH"},{"data":"Body Slam","floor":41.0,"key":"SMITH"},{"floor":49.0,"key":"RECALL"},{"data":"MostiFishMod:Chiaki","floor":53.0,"key":"SMITH"}],"circlet_count":0,"master_deck":["AscendersBane","Strike_R","Strike_R","Strike_R+1","Defend_R","Defend_R","Defend_R","Defend_R","Bash","Seeing Red","Burning Pact","Fire Breathing+1","Seeing Red","Blood for Blood+1","Evolve","Inflame","Disarm+1","MostiFishMod:Chiaki+1","Power Through","Shockwave+1","Exhume","Power Through","Shrug It Off","Feel No Pain+1","Offering","Power Through+1","Second Wind","Metallicize","Body Slam+1","Second Wind+1","Fire Breathing","Inflame","MostiFishMod:CullingBlade","Feel No Pain","Sentinel","Warcry"],"relics":["testmod-TestBox","ChiXiaoBlade","BirthdayGift-Tetrahedron","testmod-LifeArmor","SynthV:TestCard","Pen Nib","Bird Faced Urn","Guardian:PocketSentry","testmod-Antiphasic","SynthV:C4","testmod-TurbochargingSystem","Runic Cube","testmod-CyclicPeriapt","Question Card","Happy Flower","testmod-HeartOfStrike","FeatherPendant","Turnip","Darkstone Periapt","Strawberry","Whetstone","Shuriken","Ice Cream","Bag of Preparation","ImprovedEquipment"],"acts_visited":["Exordium","TheCity","TheBeyond","TheEnding"],"potions_floor_usage":[56,56,56],"damage_taken":[{"damage":7.0,"enemies":"2 Louse","floor":1.0,"turns":2.0},{"damage":2.0,"enemies":"Cultist","floor":4.0,"turns":2.0},{"damage":4.0,"enemies":"Lagavulin","floor":6.0,"turns":3.0},{"damage":7.0,"enemies":"Small Slimes","floor":7.0,"turns":2.0},{"damage":6.0,"enemies":"3 Sentries","floor":8.0,"turns":3.0},{"damage":4.0,"enemies":"Exordium Thugs","floor":10.0,"turns":3.0},{"damage":2.0,"enemies":"Gremlin Nob","floor":13.0,"turns":2.0},{"damage":1.0,"enemies":"Gremlin Gang","floor":14.0,"turns":1.0},{"damage":8.0,"enemies":"The Guardian","floor":16.0,"turns":5.0},{"damage":2.0,"enemies":"Spheric Guardian","floor":18.0,"turns":2.0},{"damage":2.0,"enemies":"3 Byrds","floor":19.0,"turns":2.0},{"damage":8.0,"enemies":"Shelled Parasite and Fungi","floor":21.0,"turns":3.0},{"damage":6.0,"enemies":"Book of Stabbing","floor":25.0,"turns":4.0},{"damage":5.0,"enemies":"Sentry and Sphere","floor":27.0,"turns":3.0},{"damage":4.0,"enemies":"Cultist and Chosen","floor":28.0,"turns":3.0},{"damage":10.0,"enemies":"Centurion and Healer","floor":30.0,"turns":4.0},{"damage":14.0,"enemies":"Slavers","floor":31.0,"turns":3.0},{"damage":10.0,"enemies":"Collector","floor":33.0,"turns":6.0},{"damage":9.0,"enemies":"3 Shapes","floor":35.0,"turns":2.0},{"damage":3.0,"enemies":"3 Darklings","floor":36.0,"turns":2.0},{"damage":14.0,"enemies":"Mind Bloom Boss Battle","floor":37.0,"turns":2.0},{"damage":14.0,"enemies":"Spire Growth","floor":38.0,"turns":2.0},{"damage":14.0,"enemies":"Jaw Worm Horde","floor":39.0,"turns":2.0},{"damage":22.0,"enemies":"Nemesis","floor":40.0,"turns":3.0},{"damage":16.0,"enemies":"Giant Head","floor":42.0,"turns":3.0},{"damage":40.0,"enemies":"Writhing Mass","floor":44.0,"turns":3.0},{"damage":20.0,"enemies":"Nemesis","floor":45.0,"turns":5.0},{"damage":2.0,"enemies":"3 Darklings","floor":46.0,"turns":2.0},{"damage":6.0,"enemies":"Giant Head","floor":47.0,"turns":4.0},{"damage":16.0,"enemies":"Donu and Deca","floor":50.0,"turns":3.0},{"damage":6.0,"enemies":"Time Eater","floor":51.0,"turns":4.0},{"damage":13.0,"enemies":"Shield and Spear","floor":55.0,"turns":1.0},{"damage":9,"enemies":"The Heart","floor":56,"turns":5}],"seed_played":"1147446520408232056","potions_obtained":[{"floor":6.0,"key":"Fire Potion"},{"floor":7.0,"key":"SpeedPotion"},{"floor":8.0,"key":"EssenceOfSteel"},{"floor":13.0,"key":"SteroidPotion"},{"floor":14.0,"key":"Regen Potion"},{"floor":20.0,"key":"testmod-SpacePotion"},{"floor":20.0,"key":"Fire Potion"},{"floor":28.0,"key":"ColorlessPotion"},{"floor":30.0,"key":"Dexterity Potion"},{"floor":35.0,"key":"Strength Potion"},{"floor":39.0,"key":"SkillPotion"},{"floor":44.0,"key":"BloodPotion"}],"is_trial":false,"path_per_floor":["M","?","?","M","$","E","M","E","T","M","R","?","E","M","R","B",null,"M","M","?","M","$","T","R","E","T","M","M","?","M","E","R","B",null,"M","M","?","M","M","E","R","E","T","M","E","M","E","?","R","B","B",null,"R","$","E","B",null],"character_chosen":"IRONCLAD","items_purchased":["Fire Breathing","Bird Faced Urn","Feel No Pain","Bag of Preparation","testmod-SpacePotion","HeartOfIron","Energy Potion","Sentinel"],"campfire_rested":0,"item_purchase_floors":[5,5,54,54,54,54,54,54],"current_hp_per_floor":[61,61,61,59,59,57,50,46,46,44,44,44,46,47,47,45,68,72,73,73,71,71,71,71,71,71,72,72,72,68,58,58,71,74,70,74,72,67,69,67,67,74,74,51,47,61,79,79,79,87,85,87,87,87,82,85],"gold":55,"neow_bonus":"BOSS_RELIC","is_daily":false,"chose_seed":false,"campfire_upgraded":6,"win_rate":0.0,"timestamp":1609438068,"path_taken":["M","?","?","M","$","E","M","E","T","M","R","?","E","?","R","BOSS","M","M","?","M","$","?","R","E","T","?","M","?","M","E","R","BOSS","M","M","?","M","M","E","R","E","T","M","E","M","E","?","R","BOSS","BOSS","R","$","E","BOSS"],"items_purchased_type":["Card","Relic","Card","Relic","Potion","Potion","Potion","Card"],"build_version":"2020-12-22","purchased_purges":2,"victory":true,"max_hp_per_floor":[75,75,75,75,75,75,75,75,75,75,75,75,75,75,75,75,75,75,75,75,75,75,75,75,75,75,75,75,75,75,75,75,75,75,75,75,75,75,75,75,75,82,82,87,87,87,87,87,87,87,87,87,87,87,87,87],"card_choices":[{"not_picked":["Perfected Strike","Twin Strike"],"picked":"Seeing Red","floor":1.0},{"not_picked":["Entrench","Pummel","Thunderclap","Sword Boomerang"],"picked":"Burning Pact","floor":4.0},{"not_picked":["Flex","Wild Strike","Feed","Clash"],"picked":"Seeing Red","floor":6.0},{"not_picked":["Body Slam","True Grit","MostiFishMod:BrandingRite","Headbutt","Wild Strike"],"picked":"SKIP","floor":7.0},{"not_picked":["Body Slam","Havoc","Carnage","Metallicize","Ghostly Armor"],"picked":"SKIP","floor":8.0},{"not_picked":["True Grit","Sword Boomerang","Clothesline","Havoc"],"picked":"Blood for Blood","floor":10.0},{"not_picked":["Sever Soul","True Grit","Infernal Blade","Fire Breathing"],"picked":"Inflame","floor":13.0},{"not_picked":["Perfected Strike","Rampage","Armaments","Searing Blow"],"picked":"Disarm","floor":14.0},{"not_picked":["MostiFishMod:DarkDeal","Double Tap","Bludgeon","MostiFishMod:RacingGame"],"picked":"MostiFishMod:Chiaki","floor":16.0},{"not_picked":["Shrug It Off+1","Dark Embrace","Sword Boomerang","Clothesline"],"picked":"Power Through","floor":18.0},{"not_picked":["Battle Trance+1","Rage+1","Pommel Strike","Combust"],"picked":"Shockwave","floor":19.0},{"not_picked":["Warcry","Heavy Blade","Pommel Strike+1","Disarm"],"picked":"Exhume","floor":21.0},{"not_picked":["Warcry","Rupture","Flex","Anger"],"picked":"Power Through","floor":25.0},{"not_picked":["Flex","Shrug It Off","Clash","Hemokinesis","Thunderclap+1","Ghostly Armor"],"picked":"SKIP","floor":27.0},{"not_picked":["MostiFishMod:BrandingRite","Searing Blow","Flame Barrier","Headbutt","Spot Weakness"],"picked":"Shrug It Off","floor":28.0},{"not_picked":["Cleave","Headbutt","Wild Strike","Iron Wave","Rage","Body Slam"],"picked":"SKIP","floor":30.0},{"not_picked":["Bloodletting","Demon Form","Iron Wave+1","True Grit","Clash"],"picked":"Feel No Pain","floor":31.0},{"not_picked":["MostiFishMod:Chiaki","MostiFishMod:RainCloud","Bludgeon","MostiFishMod:CullingBlade","MostiFishMod:HellRitual"],"picked":"Offering","floor":33.0},{"not_picked":["Anger","Searing Blow","Armaments+1","Iron Wave","Heavy Blade"],"picked":"Power Through+1","floor":35.0},{"not_picked":["Evolve+1","Ghostly Armor","Shockwave+1","Twin Strike","Dual Wield","Reckless Charge"],"picked":"SKIP","floor":36.0},{"not_picked":["Havoc","Heavy Blade","Twin Strike","Seeing Red","Reckless Charge"],"picked":"Second Wind","floor":37.0},{"not_picked":["Flex","Armaments+1","MostiFishMod:#F4004","True Grit","Body Slam"],"picked":"Metallicize","floor":38.0},{"not_picked":["Burning Pact","Dark Embrace","Pommel Strike","MostiFishMod:#F4004+1","Headbutt+1","Dual Wield"],"picked":"SKIP","floor":39.0},{"not_picked":["Havoc","Iron Wave","Cleave+1","Impervious","Sword Boomerang"],"picked":"Body Slam","floor":40.0},{"not_picked":["MostiFishMod:BrandingRite+1","Cleave+1","Bloodletting","Perfected Strike","Wild Strike+1"],"picked":"Second Wind+1","floor":42.0},{"not_picked":["Cleave","Wild Strike+1","Shrug It Off","Pommel Strike","Infernal Blade","Twin Strike"],"picked":"SKIP","floor":44.0},{"not_picked":["Second Wind+1","Rage","Dual Wield","Flame Barrier+1","Havoc"],"picked":"Fire Breathing","floor":45.0},{"not_picked":["Thunderclap","Sever Soul","Sword Boomerang","Intimidate+1","Wild Strike"],"picked":"Inflame","floor":46.0},{"not_picked":["Battle Trance","Hemokinesis","Bloodletting","Perfected Strike+1","Pommel Strike"],"picked":"MostiFishMod:CullingBlade","floor":47.0},{"not_picked":["Twin Strike+1","Perfected Strike","Cleave+1","Disarm","Rampage"],"picked":"Warcry","floor":55.0}],"player_experience":466129,"relics_obtained":[{"floor":1.0,"key":"SynthV:TestCard"},{"floor":6.0,"key":"Guardian:PocketSentry"},{"floor":8.0,"key":"testmod-Antiphasic"},{"floor":9.0,"key":"SynthV:C4"},{"floor":13.0,"key":"testmod-TurbochargingSystem"},{"floor":25.0,"key":"testmod-CyclicPeriapt"},{"floor":26.0,"key":"Question Card"},{"floor":31.0,"key":"testmod-HeartOfStrike"},{"floor":37.0,"key":"Turnip"},{"floor":40.0,"key":"Darkstone Periapt"},{"floor":42.0,"key":"Strawberry"},{"floor":43.0,"key":"Whetstone"},{"floor":45.0,"key":"Shuriken"},{"floor":47.0,"key":"Ice Cream"},{"floor":55.0,"key":"ImprovedEquipment"}],"event_choices":[{"damage_healed":0.0,"max_hp_gain":0.0,"max_hp_loss":0.0,"gold_gain":400.0,"event_name":"¶÷ÂåË¹µÄÅÌ×Ó","player_choice":"Sell","floor":2.0,"relics_lost":["DaveBox"],"gold_loss":0.0,"damage_taken":0.0},{"damage_healed":0.0,"max_hp_gain":0.0,"max_hp_loss":0.0,"gold_gain":0.0,"event_name":"Big Fish","player_choice":"Box","floor":3.0,"gold_loss":0.0,"damage_taken":0.0,"relics_obtained":["Pen Nib"],"cards_obtained":["Regret"]},{"damage_healed":0.0,"max_hp_gain":0.0,"max_hp_loss":0.0,"gold_gain":0.0,"event_name":"Match and Keep!","player_choice":"1 cards matched","floor":12.0,"gold_loss":0.0,"damage_taken":0.0,"cards_obtained":["Evolve"]},{"damage_healed":0.0,"max_hp_gain":0.0,"max_hp_loss":0.0,"gold_gain":0.0,"event_name":"Lab","player_choice":"Got Potions","floor":20.0,"gold_loss":0.0,"damage_taken":0.0},{"damage_healed":0.0,"max_hp_gain":0.0,"max_hp_loss":0.0,"gold_gain":0.0,"event_name":"Addict","player_choice":"Obtained Relic","floor":29.0,"gold_loss":85.0,"damage_taken":0.0,"relics_obtained":["Happy Flower"]},{"damage_healed":0.0,"max_hp_gain":0.0,"max_hp_loss":0.0,"gold_gain":0.0,"event_name":"MindBloom","player_choice":"Fight","floor":37.0,"gold_loss":0.0,"damage_taken":0.0},{"cards_removed":["Strike_R"],"damage_healed":0.0,"max_hp_gain":0.0,"max_hp_loss":0.0,"gold_gain":0.0,"event_name":"Purifier","player_choice":"Purged","floor":48.0,"gold_loss":0.0,"damage_taken":0.0}],"is_beta":false,"boss_relics":[{"not_picked":["testmod-BatchProcessingSystem","testmod-DreamHouse"],"picked":"Runic Cube"},{"not_picked":["BloodWine","PatriotShield"],"picked":"FeatherPendant"}],"items_purged_floors":[5,22],"is_endless":false,"potions_floor_spawned":[6,7,8,13,14,18,28,30,31,35,38,39,44,45,55],"ascension_level":20}}