{"host":"bu0lvejwxlz725fi","time":1609434420,"event":{"mods":["AchievementEnabler","BaseMod","Downfall","Marisa????????","Minty Spire (QoL Compilation)","StSLib","The Disciple","The Hierophant","The Necromancer","The Senshi","The Servant 0.9.4"],"gold_per_floor":[112,126,141,9,29,29,17,17],"floor_reached":7,"playtime":492,"items_purged":[],"score":68,"play_id":"727ad782-16df-4e49-abc6-614a313fe7e2","local_time":"20201231180700","is_ascension_mode":false,"campfire_choices":[{"data":"hierophant:ChurchCoffers","floor":6,"key":"SMITH"}],"circlet_count":0,"master_deck":["hierophant:Strike_Hierophant","hierophant:Strike_Hierophant","hierophant:Strike_Hierophant","hierophant:Strike_Hierophant","hierophant:Punish","hierophant:Defend_Hierophant","hierophant:Defend_Hierophant","hierophant:Defend_Hierophant","hierophant:Defend_Hierophant","hierophant:ChurchCoffers+1","hierophant:RepressedViolence","hierophant:Sermon","hierophant:PassingBell","hierophant:RustyCrate","hierophant:Doubloon","hierophant:Doubloon","hierophant:Remorse","hierophant:Doubloon","hierophant:SealAway","hierophant:Doubloon","hierophant:ConvertCurrency"],"relics":["Velvet Choker"],"acts_visited":["Exordium"],"potions_floor_usage":[],"damage_taken":[{"damage":0,"enemies":"Small Slimes","floor":1,"turns":2},{"damage":0,"enemies":"2 Louse","floor":2,"turns":1},{"damage":0,"enemies":"Cultist","floor":3,"turns":3},{"damage":9,"enemies":"2 Fungi Beasts","floor":5,"turns":2},{"damage":26,"enemies":"Lagavulin","floor":7,"turns":8}],"seed_played":"-4138874097173746161","potions_obtained":[{"floor":2,"key":"Swift Potion"}],"is_trial":false,"path_per_floor":["M","M","M","$","M","R","E"],"character_chosen":"HIEROPHANT","items_purchased":["hierophant:RustyCrate","hierophant:Remorse","hierophant:SealAway"],"campfire_rested":0,"item_purchase_floors":[4,4,4],"current_hp_per_floor":[75,75,75,75,66,66,40,40],"gold":17,"neow_bonus":"BOSS_RELIC","is_daily":false,"chose_seed":false,"campfire_upgraded":1,"win_rate":0.0,"timestamp":1609434420,"path_taken":["M","M","M","$","M","R","E"],"items_purchased_type":["Card","Card","Card"],"build_version":"2020-12-22","purchased_purges":0,"victory":false,"max_hp_per_floor":[75,75,75,75,75,75,75,75],"card_choices":[{"not_picked":["hierophant:DisplayOfPower","hierophant:Patience"],"picked":"hierophant:RepressedViolence","floor":1},{"not_picked":["hierophant:SealAway","hierophant:OrnateJavelin"],"picked":"hierophant:Sermon","floor":2},{"not_picked":["hierophant:Rebuild","hierophant:Sermon"],"picked":"hierophant:PassingBell","floor":3},{"not_picked":["hierophant:FieryStrike","hierophant:Zeal"],"picked":"hierophant:ConvertCurrency","floor":5}],"player_experience":132249,"relics_obtained":[],"event_choices":[],"is_beta":false,"boss_relics":[],"items_purged_floors":[],"is_endless":false,"potions_floor_spawned":[2],"killed_by":"Lagavulin","ascension_level":0}}