{"host":"Rich","time":1609452687,"event":{"mods":["AchievementEnabler","BaseMod","Highlight Path","Minty Spire (QoL Compilation)","Relic Stats"],"gold_per_floor":[109,109,109,184,203,233,245,270,309,347,339,351,388,48,48,125,125,136,156,71,71,71,71],"floor_reached":22,"playtime":666,"items_purged":["Strike_P"],"score":450,"play_id":"2ebbbfd8-c989-49de-91b3-3c38a82b523c","local_time":"20201231171127","is_ascension_mode":true,"campfire_choices":[{"floor":12,"key":"REST"},{"data":"Worship","floor":15,"key":"SMITH"}],"circlet_count":0,"master_deck":["AscendersBane","Strike_P","Strike_P","Defend_P","Defend_P","Defend_P","Defend_P","Eruption","Vigilance","CrushJoints","BowlingBash","ThirdEye","Indignation","ThirdEye","FlurryOfBlows","Worship+1","Omniscience","Prostrate","Ragnarok","Protect+1","InnerPeace"],"relics":["PureWater","NeowsBlessing","Dream Catcher","MawBank","Regal Pillow","Happy Flower","Pen Nib","PreservedInsect","Black Star","Nunchaku"],"acts_visited":["Exordium","TheCity"],"potions_floor_usage":[8,13,16,19],"damage_taken":[{"damage":0,"enemies":"Small Slimes","floor":1,"turns":1},{"damage":0,"enemies":"Jaw Worm","floor":5,"turns":1},{"damage":0,"enemies":"Gremlin Nob","floor":6,"turns":1},{"damage":0,"enemies":"2 Louse","floor":7,"turns":3},{"damage":17,"enemies":"3 Sentries","floor":8,"turns":6},{"damage":7,"enemies":"Lagavulin","floor":13,"turns":6},{"damage":47,"enemies":"Hexaghost","floor":16,"turns":9},{"damage":0,"enemies":"Chosen","floor":18,"turns":3},{"damage":6,"enemies":"3 Byrds","floor":19,"turns":4},{"damage":37,"enemies":"Centurion and Healer","floor":22,"turns":7}],"seed_played":"2539432860628393828","potions_obtained":[{"floor":5,"key":"FearPotion"},{"floor":6,"key":"ColorlessPotion"},{"floor":8,"key":"Block Potion"},{"floor":11,"key":"CultistPotion"},{"floor":16,"key":"Explosive Potion"},{"floor":19,"key":"Regen Potion"}],"is_trial":false,"path_per_floor":["M","?","?","?","M","E","M","E","T","T","?","R","E","$","R","B",null,"M","M","?","?","M"],"character_chosen":"WATCHER","items_purchased":["Prostrate","PreservedInsect","PowerPotion"],"campfire_rested":1,"item_purchase_floors":[14,14,14],"current_hp_per_floor":[61,66,66,55,55,55,55,38,38,38,38,73,66,66,66,19,60,60,54,54,54,17,17],"gold":71,"neow_bonus":"THREE_ENEMY_KILL","is_daily":false,"chose_seed":false,"campfire_upgraded":1,"win_rate":0.0,"timestamp":1609452687,"path_taken":["M","?","?","?","M","E","M","E","T","?","?","R","E","$","R","BOSS","M","?","?","?","M"],"items_purchased_type":["Card","Relic","Potion"],"build_version":"2020-12-18","purchased_purges":1,"victory":false,"max_hp_per_floor":[68,73,73,73,73,73,73,73,73,73,73,73,73,73,73,73,73,73,73,73,73,73,73],"relic_stats":{"Dream Catcher":1,"Regal Pillow":14,"Nunchaku":[0],"Happy Flower":[9],"counters":[10,41],"Pen Nib":[4],"PreservedInsect":0,"Black Star":0,"MawBank":72,"obtain_stats":[{"Dream Catcher":6,"Regal Pillow":9,"Nunchaku":20,"NeowsBlessing":0,"Happy Flower":10,"Pen Nib":13,"PreservedInsect":14,"Black Star":17,"PureWater":0,"MawBank":8},{"Dream Catcher":3,"Regal Pillow":5,"Nunchaku":9,"NeowsBlessing":0,"Happy Flower":5,"Pen Nib":6,"PreservedInsect":6,"Black Star":7,"PureWater":0,"MawBank":5},{"Dream Catcher":3,"Regal Pillow":12,"Nunchaku":34,"NeowsBlessing":0,"Happy Flower":12,"Pen Nib":18,"PreservedInsect":18,"Black Star":27,"PureWater":0,"MawBank":12}]},"card_choices":[{"not_picked":["Wireheading","MentalFortress"],"picked":"CrushJoints","floor":1},{"not_picked":["FollowUp","JustLucky"],"picked":"ThirdEye","floor":5},{"not_picked":["PathToVictory","JustLucky"],"picked":"Indignation","floor":6},{"not_picked":["ClearTheMind","PathToVictory"],"picked":"ThirdEye","floor":7},{"not_picked":["Fasting2","CrushJoints"],"picked":"FlurryOfBlows","floor":8},{"not_picked":["EmptyMind","SashWhip"],"picked":"Worship","floor":12},{"not_picked":["FollowUp","ConjureBlade"],"picked":"Omniscience","floor":13},{"not_picked":["ConjureBlade","Blasphemy"],"picked":"Ragnarok","floor":16},{"not_picked":["FollowUp","WindmillStrike"],"picked":"Protect+1","floor":18},{"not_picked":["PathToVictory","Evaluate"],"picked":"InnerPeace","floor":19}],"player_experience":1949284,"relics_obtained":[{"floor":6,"key":"Dream Catcher"},{"floor":8,"key":"MawBank"},{"floor":9,"key":"Regal Pillow"},{"floor":10,"key":"Happy Flower"},{"floor":13,"key":"Pen Nib"}],"event_choices":[{"damage_healed":0,"gold_gain":0,"player_choice":"Donut","damage_taken":0,"max_hp_gain":5,"max_hp_loss":0,"event_name":"Big Fish","floor":2,"gold_loss":0},{"damage_healed":0,"gold_gain":0,"cards_transformed":["Strike_P"],"player_choice":"Change","damage_taken":0,"max_hp_gain":0,"max_hp_loss":0,"event_name":"Living Wall","floor":3,"gold_loss":0,"cards_obtained":["BowlingBash"]},{"damage_healed":0,"gold_gain":75,"player_choice":"Gather Gold","damage_taken":11,"max_hp_gain":0,"max_hp_loss":0,"event_name":"World of Goop","floor":4,"gold_loss":0},{"damage_healed":0,"gold_gain":0,"player_choice":"Bought 1 Potion","damage_taken":0,"max_hp_gain":0,"max_hp_loss":0,"event_name":"The Woman in Blue","floor":11,"gold_loss":0},{"damage_healed":0,"gold_gain":0,"player_choice":"Obtained Relic","damage_taken":0,"relics_obtained":["Nunchaku"],"max_hp_gain":0,"max_hp_loss":0,"event_name":"Addict","floor":20,"gold_loss":85},{"damage_healed":0,"gold_gain":0,"player_choice":"Ignored","damage_taken":0,"max_hp_gain":0,"max_hp_loss":0,"event_name":"The Mausoleum","floor":21,"gold_loss":0}],"is_beta":true,"boss_relics":[{"not_picked":["Philosopher\u0027s Stone","Sozu"],"picked":"Black Star"}],"items_purged_floors":[14],"is_endless":false,"potions_floor_spawned":[5,6,7,8,16,19],"killed_by":"Centurion and Healer","ascension_level":20}}