{"host":"baiuyraednrljtmn","time":1609412560,"event":{"mods":["BaseMod","Colored Map","Colored Powertips","DeckTracker","Keyboard Shortcuts","Minty Spire (QoL Compilation)","Relic Stats","StSLib","SuperFastMode","everything is the same but u backflip on backflip"],"gold_per_floor":[20,70,18,31,49,49,75,88,88,103,103,103],"floor_reached":11,"playtime":3369,"items_purged":[],"score":150,"play_id":"5c26f2b1-d476-4b22-933b-bf88a2d83cc6","local_time":"20201231200240","is_ascension_mode":true,"campfire_choices":[{"data":"Envenom","floor":6.0,"key":"SMITH"}],"circlet_count":0,"master_deck":["AscendersBane","Strike_G","Strike_G","Strike_G","Strike_G","Strike_G","Defend_G","Defend_G","Defend_G","Defend_G","Defend_G","Survivor","Neutralize","Envenom+1","Quick Slash","Poisoned Stab","Acrobatics","Blade Dance","Malaise"],"relics":["Ring of the Snake","Matryoshka","Letter Opener","The Specimen"],"acts_visited":["Exordium"],"potions_floor_usage":[7],"damage_taken":[{"damage":4.0,"enemies":"Small Slimes","floor":1.0,"turns":5.0},{"damage":1.0,"enemies":"Cultist","floor":4.0,"turns":4.0},{"damage":11.0,"enemies":"Jaw Worm","floor":5.0,"turns":4.0},{"damage":8,"enemies":"Gremlin Nob","floor":7,"turns":3},{"damage":25,"enemies":"3 Louse","floor":8,"turns":4},{"damage":1,"enemies":"Looter","floor":10,"turns":3},{"damage":0,"enemies":"3 Sentries","floor":11,"turns":1}],"seed_played":"4544471072343480","potions_obtained":[{"floor":1.0,"key":"AttackPotion"},{"floor":7,"key":"Swift Potion"}],"is_trial":false,"path_per_floor":["M","?","$","M","M","R","E","M","T","M","E"],"character_chosen":"THE_SILENT","items_purchased":["Poisoned Stab"],"campfire_rested":0,"item_purchase_floors":[3],"current_hp_per_floor":[55,49,49,48,37,37,29,4,4,3,3,3],"gold":103,"neow_bonus":"THREE_RARE_CARDS","is_daily":false,"chose_seed":false,"campfire_upgraded":1,"win_rate":0.0,"timestamp":1609412560,"path_taken":["M","?","?","M","?","R","E","M","T","?","E"],"items_purchased_type":["Card"],"build_version":"2020-12-22","purchased_purges":0,"victory":false,"max_hp_per_floor":[66,66,66,66,66,66,66,66,66,66,66,66],"relic_stats":{"counters":[7,24],"Letter Opener":[0],"obtain_stats":[{"Matryoshka":7,"The Specimen":9,"Letter Opener":9,"Ring of the Snake":0},{"Matryoshka":4,"The Specimen":5,"Letter Opener":5,"Ring of the Snake":0},{"Matryoshka":16,"The Specimen":20,"Letter Opener":20,"Ring of the Snake":0}],"Ring of the Snake":[14]},"card_choices":[{"not_picked":["Wraith Form v2","Adrenaline"],"picked":"Envenom","floor":0.0},{"not_picked":["Concentrate","Escape Plan"],"picked":"Quick Slash","floor":1.0},{"not_picked":["Poisoned Stab","Dagger Throw"],"picked":"Acrobatics","floor":4.0},{"not_picked":["Dodge and Roll","PiercingWail"],"picked":"Blade Dance","floor":5.0},{"not_picked":["Dagger Throw","Outmaneuver"],"picked":"Malaise","floor":7},{"not_picked":["Bouncing Flask","Slice","Poisoned Stab"],"picked":"SKIP","floor":8},{"not_picked":["Deadly Poison","Sucker Punch","Dagger Spray"],"picked":"SKIP","floor":10}],"player_experience":1396470,"relics_obtained":[{"floor":7,"key":"Matryoshka"},{"floor":9,"key":"Letter Opener"},{"floor":9,"key":"The Specimen"}],"event_choices":[{"damage_healed":0.0,"max_hp_gain":0.0,"max_hp_loss":0.0,"gold_gain":50.0,"event_name":"FaceTrader","player_choice":"Touch","floor":2.0,"gold_loss":0.0,"damage_taken":6.0}],"is_beta":false,"boss_relics":[],"items_purged_floors":[],"is_endless":false,"potions_floor_spawned":[1,7],"killed_by":"3 Sentries","ascension_level":20}}