{"host":"lts6tz2h67nqtpoe","time":1609456374,"event":{"mods":["AchievementEnabler","BaseMod","Colored Powertips","Downfall","Googly Eyes","Minty Spire (QoL Compilation)","Permanent Neow","Quick Restart","Replay The Spire","StSLib"],"gold_per_floor":[112,123,67,83,102,129,129,140,163,163,177,177,177,12,12,86,86,101,14,29,29,47,47,47],"floor_reached":23,"playtime":1084,"items_purged":[],"score":376,"play_id":"05eb5646-a6c6-4369-8526-4d91cdccb0c5","local_time":"20201231151254","is_ascension_mode":true,"campfire_choices":[{"floor":7.0,"key":"REST"},{"floor":13.0,"key":"REST"},{"floor":15.0,"key":"REST"}],"circlet_count":0,"master_deck":["AscendersBane","Strike_G","Strike_G","Strike_G","Strike_G","Strike_G","Defend_G","Defend_G","Defend_G","Defend_G","Defend_G","Survivor","Neutralize","Replay:SS_hec_2","Eviscerate","Wraith Form v2","Crippling Poison","A Thousand Cuts","AbeCurse","Caltrops","Necronomicurse"],"relics":["Bottled Flame","Potion Belt","Sizzling Blood","Bronze Scales","Abe\u0027s Treasure","Necronomicon"],"acts_visited":["Exordium","TheCity"],"potions_floor_usage":[20,22],"damage_taken":[{"damage":0.0,"enemies":"Cultist","floor":1.0,"turns":5.0},{"damage":0.0,"enemies":"2 Louse","floor":2.0,"turns":4.0},{"damage":4.0,"enemies":"Small Slimes","floor":4.0,"turns":3.0},{"damage":0.0,"enemies":"Blue Slaver","floor":5.0,"turns":7.0},{"damage":33.0,"enemies":"Lagavulin","floor":6.0,"turns":9.0},{"damage":9.0,"enemies":"Lots of Slimes","floor":8.0,"turns":8.0},{"damage":2.0,"enemies":"3 Louse","floor":11.0,"turns":7.0},{"damage":38.0,"enemies":"Fading Forest","floor":16.0,"turns":13.0},{"damage":22.0,"enemies":"3 Byrds","floor":18.0,"turns":5.0},{"damage":13,"enemies":"Spheric Guardian","floor":20,"turns":4},{"damage":13,"enemies":"Snecko","floor":22,"turns":5},{"damage":7,"enemies":"Gremlin Leader","floor":23,"turns":1}],"seed_played":"6955375141104984917","potions_obtained":[{"floor":5.0,"key":"Elixir"},{"floor":6.0,"key":"Energy Potion"},{"floor":18.0,"key":"DuplicationPotion"},{"floor":20,"key":"Energy Potion"}],"is_trial":false,"path_per_floor":["M","M","$","M","M","E","R","M","T","?","M","?","R","$","R","B",null,"M","$","M","?","M","E"],"character_chosen":"THE_SILENT","items_purchased":["PowerPotion","Bronze Scales","Caltrops"],"campfire_rested":3,"item_purchase_floors":[3,14,19],"current_hp_per_floor":[59,59,59,55,55,22,41,32,32,36,38,38,59,59,70,36,62,44,44,35,14,5,0,0],"gold":47,"neow_bonus":"RANDOM_COLORLESS","is_daily":false,"chose_seed":false,"campfire_upgraded":0,"win_rate":0.0,"timestamp":1609456374,"path_taken":["M","M","$","M","M","E","R","?","T","?","M","?","R","?","R","BOSS","M","?","?","?","M","E"],"items_purchased_type":["Potion","Relic","Card"],"build_version":"2020-12-22","purchased_purges":0,"victory":false,"max_hp_per_floor":[66,66,66,66,66,66,66,66,66,70,70,70,70,70,70,70,70,70,70,70,70,70,70,70],"card_choices":[{"not_picked":["ReplayTheSpireMod:Private Reserves","expansioncontent:Sear"],"picked":"Replay:SS_hec_2","floor":0.0},{"not_picked":["PiercingWail","Dagger Throw"],"picked":"Eviscerate","floor":1.0},{"not_picked":["Underhanded Strike","Escape Plan","Outmaneuver"],"picked":"SKIP","floor":2.0},{"not_picked":["ReplayTheSpireMod:Scrap Shanks","Hidden Blade","Deadly Poison"],"picked":"SKIP","floor":4.0},{"not_picked":["Flechettes","Sneak Up","Flying Knee"],"picked":"SKIP","floor":5.0},{"not_picked":["Catalyst","Sucker Punch"],"picked":"Wraith Form v2","floor":6.0},{"not_picked":["Flying Knee","Underhanded Strike"],"picked":"Crippling Poison","floor":8.0},{"not_picked":["Backflip","Cloak And Dagger","Slice"],"picked":"SKIP","floor":11.0},{"not_picked":["Tools of the Trade","Wraith Form v2"],"picked":"A Thousand Cuts","floor":16.0},{"not_picked":["Deadly Poison","Acrobatics","Endless Agony"],"picked":"SKIP","floor":18.0},{"not_picked":["Cloak And Dagger","Crippling Poison","Infinite Blades"],"picked":"SKIP","floor":20},{"not_picked":["Well Laid Plans","Dodge and Roll","Infinite Blades"],"picked":"SKIP","floor":22}],"player_experience":297084,"relics_obtained":[{"floor":6.0,"key":"Bottled Flame"},{"floor":9.0,"key":"Potion Belt"},{"floor":21,"key":"Necronomicon"}],"event_choices":[{"damage_healed":0.0,"max_hp_gain":0.0,"max_hp_loss":0.0,"gold_gain":0.0,"event_name":"Golden Wing","player_choice":"Ignored","floor":12.0,"gold_loss":0.0,"damage_taken":0.0},{"damage_healed":0,"gold_gain":0,"player_choice":"Obtained Book","damage_taken":21,"max_hp_gain":0,"max_hp_loss":0,"event_name":"Cursed Tome","floor":21,"gold_loss":0}],"is_beta":false,"boss_relics":[{"not_picked":["Replay:Drink Me","ReplayTheSpireMod:DimensionalGlitch"],"picked":"Abe\u0027s Treasure"}],"items_purged_floors":[],"is_endless":false,"potions_floor_spawned":[5,6,18,20],"killed_by":"Gremlin Leader","ascension_level":19}}