{"host":"61ejhfsushs0xmcl","time":1609407483,"event":{"mods":["ATMod(阿瑾Mod)","Act Like it!","BaseMod","Colored Map","Gensokyo","Gold Saver","Marisa（F雨　魔理沙）","Minty Spire (QoL Compilation)","MostiFishMod","Pale of the Ancients","Spicy Shops","StSLib","TestMod","Waifu the Spire","【遗物卡牌】REMEMod","篝火指南"],"gold_per_floor":[116,196,196,5,18,295,295,456,456,483,80,180,100,132,132,209,209,219,219,64,74,74,100,118,145,145,164,177,4,38,38,38,366,366,380,380,780,791,815,312,347,281,281,294,334,339,357,217,49,109,137,251,251,91,91,103,103,130,130,247],"floor_reached":61,"playtime":2046,"items_purged":["Strike_MRS","Strike_MRS","Clumsy","Strike_MRS","MasterSpark","Pain"],"score":3057,"play_id":"6418a29d-4b95-4266-a56b-48813f89348d","local_time":"20201231173803","is_ascension_mode":true,"campfire_choices":[{"data":"AT_BreakingExtremeWeapon","floor":7,"key":"SMITH"},{"data":"REME_MagicPocketWatch","floor":15,"key":"SMITH"},{"floor":32,"key":"RECALL"},{"data":"Acceleration","floor":55,"key":"SMITH"},{"data":"MagicAbsorber","floor":57,"key":"SMITH"}],"circlet_count":0,"master_deck":["AscendersBane","Defend_MRS","Defend_MRS","Defend_MRS","Defend_MRS+1","UpSweep","AT_BreakingExtremeWeapon+1","REME_FirmDetermination+1","BlazeAway+1","Acceleration","MachineGunSpark","MagicAbsorber+1","StarlightTyphoon","REME_MagicPocketWatch+1","MostiFishMod:SephirahHod+1","Acceleration+1","OortCloud+1","ManaRampage+1","CollectingQuirk+1","StarDustReverie+1","Singularity+1","CollectingQuirk+1","Gensokyo:RainbowDanmaku+1"],"relics":["testmod-TestBox","AT_ATBox","REME_ComplimentaryCards","JellyFishMachine","testmod-EnergyCheck","The Courier","SynthV:TestCard","BrkXgEgg","Darkstone Periapt","HandmadeGrimoire","War Paint","Medical Kit","AT_EbonyIvory","MostiFishMod:Hod","Eternal Feather","AT_SpeedBoots","testmod-AssaultLearning","Frozen Egg 2","Gremlin Horn","Centennial Puzzle","testmod-CasingShield","Vajra","PatriotShield","testmod-TheFather","Matryoshka","testmod-ArcanaOfDestiny","Dream Catcher","Technique","Orichalcum","AT_ImmortalShieldbow","Pear","REME_ArchaeologicalTools","PreservedInsect","paleoftheancients:Timepiece","paleoftheancients:KeyRelic","Coffee Dripper","paleoftheancients:SoulOfTheVixen","SynthV:C4","AT_ArchangelStaff"],"acts_visited":["Exordium","Gensokyo:Gensokyo","Gensokyo:Gensokyoer","Gensokyo:Gensokyoest"],"potions_floor_usage":[10,25],"damage_taken":[{"damage":8,"enemies":"Gensokyo:Python","floor":1,"turns":3},{"damage":15,"enemies":"Gensokyo:Gryphon","floor":5,"turns":3},{"damage":15,"enemies":"Gensokyo:Mamizou","floor":6,"turns":6},{"damage":0,"enemies":"Gensokyo:3_Fairies","floor":8,"turns":3},{"damage":2,"enemies":"Gensokyo:Aya","floor":10,"turns":3},{"damage":0,"enemies":"Gensokyo:Mamizou","floor":14,"turns":4},{"damage":0,"enemies":"Gensokyo:Yukari","floor":16,"turns":3},{"damage":0,"enemies":"Gensokyo:AngelMirror","floor":18,"turns":1},{"damage":0,"enemies":"Gensokyo:Chomper","floor":21,"turns":1},{"damage":0,"enemies":"Gensokyo:Koishi","floor":23,"turns":2},{"damage":0,"enemies":"Gensokyo:3_Gloops","floor":24,"turns":2},{"damage":0,"enemies":"Gensokyo:Tenshi","floor":25,"turns":2},{"damage":0,"enemies":"Gensokyo:Monolith_and_Dog","floor":27,"turns":1},{"damage":0,"enemies":"Gensokyo:Wraith","floor":28,"turns":2},{"damage":1,"enemies":"Gensokyo:Koishi","floor":30,"turns":3},{"damage":0,"enemies":"Gensokyo:Kaguya","floor":33,"turns":2},{"damage":0,"enemies":"Gensokyo:AncientGuardian","floor":35,"turns":2},{"damage":0,"enemies":"Gensokyo:3_Bats","floor":38,"turns":1},{"damage":0,"enemies":"Gensokyo:Rafflesia","floor":39,"turns":1},{"damage":0,"enemies":"Gensokyo:Doremy","floor":41,"turns":1},{"damage":0,"enemies":"Gensokyo:3_Boulders","floor":44,"turns":1},{"damage":0,"enemies":"Gensokyo:Kasen","floor":45,"turns":1},{"damage":0,"enemies":"Gensokyo:Kasen","floor":46,"turns":2},{"damage":0,"enemies":"Gensokyo:AtlasGolem","floor":47,"turns":1},{"damage":0,"enemies":"Gensokyo:Scarlet_Devils","floor":50,"turns":2},{"damage":0,"enemies":"Gensokyo:Scarlet_Devils","floor":51,"turns":1},{"damage":13,"enemies":"Gensokyo:Scarlet_Devils","floor":52,"turns":5},{"damage":0,"enemies":"Gensokyo:Scarlet_Devils","floor":56,"turns":1},{"damage":0,"enemies":"paleoftheancients:N","floor":60,"turns":2}],"seed_played":"-7655625292777112745","potions_obtained":[{"floor":1,"key":"Weak Potion"},{"floor":5,"key":"testmod-TestPotion"},{"floor":16,"key":"Explosive Potion"},{"floor":25,"key":"Swift Potion"}],"is_trial":false,"path_per_floor":["M","?","?","COS","M","E","R","M","T","E","$","?","$","E","R","B",null,"M","T","$","M","?","E","M","E","T","M","M","COS","E","?","R","B",null,"M","?","?","M","M","R","E","R","T","M","E","?","M","$","R","B","M","M","?","$","R","M","R","T","?","B",null],"character_chosen":"MARISA","items_purchased":["REME_MagicPocketWatch","War Paint","Medical Kit","AT_SpeedBoots","Matryoshka","Singularity+1","testmod-ArcanaOfDestiny","Technique","REME_ArchaeologicalTools","PreservedInsect"],"campfire_rested":0,"item_purchase_floors":[11,11,11,20,40,40,40,42,49,49],"current_hp_per_floor":[55,55,55,55,40,25,25,25,25,23,23,23,23,23,23,23,58,58,58,64,64,64,64,64,64,64,64,64,64,63,63,69,69,69,69,69,69,69,69,69,69,69,69,69,79,79,79,79,85,89,89,83,83,83,89,89,89,89,89,89],"gold":247,"neow_bonus":"BOSS_RELIC","is_daily":false,"chose_seed":false,"campfire_upgraded":4,"win_rate":0.0,"timestamp":1609407483,"path_taken":["M","?","?","COS","?","E","R","M","T","E","$","?","?","E","R","BOSS","M","?","?","M","?","E","?","E","T","M","M","COS","E","?","R","BOSS","M","?","?","M","M","R","E","R","T","M","E","?","M","?","R","BOSS","M","M","?","$","R","M","R","T","?","BOSS"],"items_purchased_type":["Card","Relic","Relic","Relic","Relic","Card","Relic","Relic","Relic","Relic"],"build_version":"2020-12-22","purchased_purges":6,"victory":true,"max_hp_per_floor":[70,70,70,70,70,70,70,70,70,70,70,70,70,70,70,70,70,70,70,76,76,69,69,69,69,69,69,69,69,69,69,69,69,69,69,69,69,69,69,69,69,69,69,69,79,79,79,79,85,89,89,89,89,89,89,89,89,89,89,89],"card_choices":[{"not_picked":["WitchOfGreed","ShootingEcho"],"picked":"BlazeAway","floor":1},{"not_picked":["GalacticHalo","EnergyRecoil","LuminesStrike","DarkMatter"],"picked":"Acceleration","floor":3},{"not_picked":["SuperPerseids","IllusionStar","MeteoricShower","GalacticHalo"],"picked":"MachineGunSpark","floor":3},{"not_picked":["ManaConvection","DC","SporeBomb","DarkSpark","MeteoricShower"],"picked":"SKIP","floor":5},{"not_picked":["SuperNova+1","SuperPerseids","DragonMeteor","EarthLightRay"],"picked":"MagicAbsorber","floor":6},{"not_picked":["MilkyWay","MysteriousBeam","GalacticHalo","OrrerysSun","MagicAbsorber"],"picked":"SKIP","floor":8},{"not_picked":["MagicAbsorber","EarthLightRay","DC","6A"],"picked":"StarlightTyphoon","floor":10},{"not_picked":["WitchOfGreed","DC","Acceleration","SuperPerseids","EarthLightRay"],"picked":"SKIP","floor":14},{"not_picked":["BigCrunch+1","BlazingStar+1","BinaryStars+1","UltimateShortwave+1"],"picked":"MillisecondPulsars+1","floor":16},{"not_picked":["ChargeUpSpray","DC","GalacticHalo","PowerUp"],"picked":"Acceleration","floor":18},{"not_picked":["UnstableBomb","NonDirectionalLaser+1","EarthLightRay","RefractionSpark","ChargingUp"],"picked":"SKIP","floor":21},{"not_picked":["AsteroidBelt","Occultation","MeteoricShower","WitchLeyline","BlazeAway+1"],"picked":"SKIP","floor":23},{"not_picked":["Orbital","StarlightTyphoon","ChargingUp","UnstableBomb"],"picked":"OortCloud+1","floor":24},{"not_picked":["OrrerysSun+1","StarlightTyphoon","IllusionStar+1","DC","GravityBeat"],"picked":"SKIP","floor":25},{"not_picked":["DoubleSpark","Robbery","UnstableBomb","AsteroidBelt"],"picked":"ManaRampage+1","floor":27},{"not_picked":["MilkyWay+1","DC","OneTimeOff","AsteroidBelt+1","SporeBomb+1"],"picked":"SKIP","floor":28},{"not_picked":["ShootTheMoon+1","StarlightTyphoon+1","IllusionStar+1","StarDustReverie+1"],"picked":"CollectingQuirk+1","floor":30},{"not_picked":["LuminesStrike","GravityBeat","Acceleration","StarBarrage","GrandCross"],"picked":"SKIP","floor":30},{"not_picked":["UltimateShortwave+1","SuperNova+1","MillisecondPulsars+1","BigCrunch+1"],"picked":"StarDustReverie+1","floor":33},{"not_picked":["LuminesStrike","MilkyWay","IllusionStar+1","AsteroidBelt+1","SporeBomb"],"picked":"SKIP","floor":35},{"not_picked":["ShootingEcho","LuminesStrike","SporeBomb","WitchOfGreed+1","FairyDestructionRay+1"],"picked":"SKIP","floor":38},{"not_picked":["ShootTheMoon","GasGiant","NonDirectionalLaser","UnstableBomb","BlazingStar+1"],"picked":"SKIP","floor":39},{"not_picked":["DarkSpark","EventHorizon+1","UnstableBomb+1","RefractionSpark+1"],"picked":"CollectingQuirk+1","floor":41},{"not_picked":["OortCloud+1","GravityBeat","DarkSpark","MysteriousBeam","MagicAbsorber"],"picked":"SKIP","floor":44},{"not_picked":["GalacticHalo+1","GravityBeat","UnstableBomb","SporeBomb","DC"],"picked":"SKIP","floor":45},{"not_picked":["Gensokyo:UnlikelyAid+1","Gensokyo:RisingWorld+1"],"picked":"Gensokyo:RainbowDanmaku+1","floor":46},{"not_picked":["UltimateShortwave+1","6A","MysteriousBeam+1","BlazeAway","EnergyRecoil+1"],"picked":"SKIP","floor":47},{"not_picked":["MilkyWay","NonDirectionalLaser","DragonMeteor+1","AsteroidBelt","MeteoricShower"],"picked":"SKIP","floor":51},{"not_picked":["6A+1","WitchOfGreed+1","Singularity+1","DarkSpark+1","Acceleration"],"picked":"SKIP","floor":52},{"not_picked":["6A+1","MillisecondPulsars+1","PulseMagic","DoubleSpark","LuminesStrike"],"picked":"SKIP","floor":56}],"player_experience":827183,"relics_obtained":[{"floor":1,"key":"SynthV:TestCard"},{"floor":6,"key":"Darkstone Periapt"},{"floor":10,"key":"HandmadeGrimoire"},{"floor":14,"key":"AT_EbonyIvory"},{"floor":19,"key":"Eternal Feather"},{"floor":23,"key":"Frozen Egg 2"},{"floor":25,"key":"Gremlin Horn"},{"floor":26,"key":"Centennial Puzzle"},{"floor":30,"key":"testmod-CasingShield"},{"floor":41,"key":"Dream Catcher"},{"floor":43,"key":"Orichalcum"},{"floor":43,"key":"AT_ImmortalShieldbow"},{"floor":45,"key":"Pear"},{"floor":56,"key":"paleoftheancients:SoulOfTheVixen"},{"floor":58,"key":"SynthV:C4"},{"floor":58,"key":"AT_ArchangelStaff"}],"event_choices":[{"damage_healed":0,"gold_gain":400,"player_choice":"Sell","damage_taken":0,"max_hp_gain":0,"max_hp_loss":0,"event_name":"恩洛斯的盘子","floor":37,"relics_lost":["DaveBox"],"gold_loss":0},{"damage_healed":0,"gold_gain":0,"player_choice":"Ignored","damage_taken":0,"max_hp_gain":0,"max_hp_loss":0,"event_name":"给自己的盒子","floor":53,"gold_loss":0}],"is_beta":false,"boss_relics":[{"not_picked":["testmod-BloodSacrificeSpiritualization","testmod-Prudence"],"picked":"MostiFishMod:Hod"},{"not_picked":["HereWithMe","Runic Pyramid"],"picked":"PatriotShield"}],"items_purged_floors":[11,13,20,40,48,54],"is_endless":false,"potions_floor_spawned":[1,5,6,16,18,23,25,27,35,39,41],"ascension_level":19}}