{"host":"qj91dvco5uhu9oti","time":1609422592,"event":{"mods":["BaseMod","Colored Map","Keyboard Shortcuts","Minty Spire (QoL Compilation)","Permanent Neow","Relic Stats","StSLib","SuperFastMode","everything is the same but u backflip on backflip"],"gold_per_floor":[109,109,119,132,143,143,157,157,157,171,171,201,211,211,211,286,286,304,30,30,42,58,58,58,58],"floor_reached":24,"playtime":581,"items_purged":["Strike_G"],"score":370,"play_id":"41bd9e02-0a85-4bf6-8eca-56071da36031","local_time":"20201231224952","is_ascension_mode":true,"campfire_choices":[{"data":"1","floor":6.0,"key":"LIFT"},{"data":"2","floor":8.0,"key":"LIFT"},{"data":"3","floor":11.0,"key":"LIFT"},{"data":"Tactician","floor":15.0,"key":"SMITH"},{"floor":23,"key":"REST"}],"circlet_count":0,"master_deck":["AscendersBane","Strike_G","Strike_G","Strike_G","Defend_G","Defend_G","Defend_G","Defend_G","Survivor","Neutralize","Tactician+1","Prepared","Blade Dance","Quick Slash","Dagger Throw","Cloak And Dagger","Prepared","Tools of the Trade","Accuracy","Riddle With Holes+1","Flash of Steel+1","Backflip","J.A.X.","Dagger Spray+1"],"relics":["Ring of the Serpent","Girya","Kunai","Molten Egg 2"],"acts_visited":["Exordium","TheCity"],"potions_floor_usage":[22],"damage_taken":[{"damage":3.0,"enemies":"Jaw Worm","floor":1.0,"turns":5.0},{"damage":3.0,"enemies":"Cultist","floor":3.0,"turns":5.0},{"damage":1.0,"enemies":"Small Slimes","floor":4.0,"turns":4.0},{"damage":5.0,"enemies":"3 Louse","floor":5.0,"turns":4.0},{"damage":1.0,"enemies":"Exordium Wildlife","floor":7.0,"turns":3.0},{"damage":4.0,"enemies":"Red Slaver","floor":10.0,"turns":3.0},{"damage":2.0,"enemies":"3 Sentries","floor":12.0,"turns":6.0},{"damage":1.0,"enemies":"Exordium Thugs","floor":13.0,"turns":4.0},{"damage":6.0,"enemies":"Hexaghost","floor":16.0,"turns":9.0},{"damage":16.0,"enemies":"Chosen","floor":18.0,"turns":4.0},{"damage":12.0,"enemies":"2 Thieves","floor":21.0,"turns":3.0},{"damage":10,"enemies":"Shelled Parasite and Fungi","floor":22,"turns":3},{"damage":34,"enemies":"Slavers","floor":24,"turns":2}],"seed_played":"3144689671017323376","potions_obtained":[{"floor":1.0,"key":"Block Potion"},{"floor":3.0,"key":"Block Potion"},{"floor":10.0,"key":"CunningPotion"},{"floor":13.0,"key":"Block Potion"},{"floor":18.0,"key":"GhostInAJar"}],"is_trial":false,"path_per_floor":["M","?","M","M","M","R","M","R","T","M","R","E","M","?","R","B",null,"M","$","?","M","M","R","E"],"character_chosen":"THE_SILENT","items_purchased":["Riddle With Holes+1","Flash of Steel+1","Backflip"],"campfire_rested":1,"item_purchase_floors":[19,19,19],"current_hp_per_floor":[41,41,38,37,32,32,31,31,31,27,27,25,24,17,17,11,52,36,36,36,24,14,33,0,0],"gold":58,"neow_bonus":"ONE_RARE_RELIC","is_daily":false,"chose_seed":false,"campfire_upgraded":1,"win_rate":0.0,"timestamp":1609422592,"path_taken":["M","?","M","M","M","R","M","R","T","M","R","E","?","?","R","BOSS","M","$","?","M","M","R","E"],"items_purchased_type":["Card","Card","Card"],"build_version":"2020-12-22","purchased_purges":1,"victory":false,"max_hp_per_floor":[66,66,66,66,66,66,66,66,66,66,66,66,66,66,66,66,66,66,66,66,66,66,66,66,66],"relic_stats":{"counters":[13,55],"Kunai":[25],"obtain_stats":[{"Girya":0,"Molten Egg 2":12,"Kunai":9,"Ring of the Serpent":17,"Ring of the Snake":0},{"Girya":0,"Molten Egg 2":7,"Kunai":5,"Ring of the Serpent":9,"Ring of the Snake":0},{"Girya":0,"Molten Egg 2":30,"Kunai":21,"Ring of the Serpent":43,"Ring of the Snake":0}]},"card_choices":[{"not_picked":["Underhanded Strike","Calculated Gamble"],"picked":"Tactician","floor":1.0},{"not_picked":["Sucker Punch","Bane"],"picked":"Prepared","floor":3.0},{"not_picked":["Flying Knee","Cloak And Dagger"],"picked":"Blade Dance","floor":4.0},{"not_picked":["Bouncing Flask","Masterful Stab","Expertise"],"picked":"SKIP","floor":5.0},{"not_picked":["A Thousand Cuts","Expertise"],"picked":"Quick Slash","floor":7.0},{"not_picked":["Expertise","Poisoned Stab"],"picked":"Dagger Throw","floor":10.0},{"not_picked":["Skewer+1","Dash+1"],"picked":"Cloak And Dagger","floor":12.0},{"not_picked":["Endless Agony+1","Caltrops"],"picked":"Prepared","floor":13.0},{"not_picked":["Night Terror","Grand Finale+1"],"picked":"Tools of the Trade","floor":16.0},{"not_picked":["PiercingWail","Sucker Punch+1"],"picked":"Accuracy","floor":18.0},{"not_picked":["Bane+1","Slice+1","Prepared"],"picked":"SKIP","floor":21.0},{"not_picked":["Flechettes+1","Deadly Poison+1"],"picked":"Dagger Spray+1","floor":22}],"player_experience":327537,"relics_obtained":[{"floor":9.0,"key":"Kunai"},{"floor":12.0,"key":"Molten Egg 2"}],"event_choices":[{"cards_removed":["Defend_G"],"damage_healed":0.0,"max_hp_gain":0.0,"max_hp_loss":0.0,"gold_gain":0.0,"event_name":"Purifier","player_choice":"Purged","floor":2.0,"gold_loss":0.0,"damage_taken":0.0},{"cards_removed":["Strike_G"],"damage_healed":0.0,"max_hp_gain":0.0,"max_hp_loss":0.0,"gold_gain":0.0,"event_name":"Golden Wing","player_choice":"Card Removal","floor":14.0,"gold_loss":0.0,"damage_taken":7.0},{"damage_healed":0.0,"max_hp_gain":0.0,"max_hp_loss":0.0,"gold_gain":0.0,"event_name":"Drug Dealer","player_choice":"Obtain J.A.X.","floor":20.0,"gold_loss":0.0,"damage_taken":0.0,"cards_obtained":["J.A.X."]}],"is_beta":false,"boss_relics":[{"not_picked":["Astrolabe","Ectoplasm"],"picked":"Ring of the Serpent"}],"items_purged_floors":[19],"is_endless":false,"potions_floor_spawned":[1,3,10,13,18],"killed_by":"Slavers","ascension_level":17}}