{"host":"kfxo18y74thmd7h4","time":1609431994,"event":{"mods":["Act Like it!","Ascension Reborn","BaseMod","Colored Powertips","Googly Eyes","GungeonMod","Highlight Path","Mimic Mod","Minty Spire (QoL Compilation)","Quick Restart","READ ME - Snecko Mod","Replay The Spire","StSLib","[IsaacMod]ÒÔÈö¼âËþ"],"gold_per_floor":[116,116,191,191,21,21,61,61,137,177,192,192,232,257,257,381,381,412,431,460,509,529,529,529],"floor_reached":23,"playtime":1127,"items_purged":["DemoMod:Strike_Huntress"],"score":259,"play_id":"04d5ad26-44da-4cee-8275-b924157d0e47","local_time":"20210101002633","is_ascension_mode":false,"campfire_choices":[{"data":"DemoMod:Spice","floor":6.0,"key":"SMITH"},{"data":"DemoMod:ManualReload","floor":8.0,"key":"SMITH"},{"data":"DemoMod:Roll","floor":12.0,"key":"SMITH"},{"data":"DemoMod:Spice","floor":15.0,"key":"SMITH"}],"circlet_count":0,"master_deck":["DemoMod:Strike_Huntress","DemoMod:Defend_Huntress","DemoMod:Defend_Huntress","DemoMod:Defend_Huntress","DemoMod:Defend_Huntress","DemoMod:Roll+1","DemoMod:ManualReload+1","DemoMod:RustySidearm","DemoMod:CrossBow","DemoMod:CursedBullets","DemoMod:Spice+1","DemoMod:Spice+1","DemoMod:Spice","DemoMod:StickyCrossBow"],"relics":["DemoMod:Dog","HushsDoor","MaYiHuaBei","NeowsBlessing","Golden Idol","DemoMod:WeirdEgg","MoneyPower","Art of War","WingedGreaves","Coffee Dripper","Red Mask"],"acts_visited":["Exordium","TheCity"],"potions_floor_usage":[],"damage_taken":[{"damage":0.0,"enemies":"Small Slimes","floor":1.0,"turns":1.0},{"damage":0.0,"enemies":"3 Sentries","floor":7.0,"turns":1.0},{"damage":0.0,"enemies":"Lagavulin","floor":10.0,"turns":1.0},{"damage":0.0,"enemies":"2 Louse","floor":11.0,"turns":2.0},{"damage":6.0,"enemies":"Gremlin Nob","floor":13.0,"turns":3.0},{"damage":0.0,"enemies":"Jaw Worm","floor":14.0,"turns":1.0},{"damage":22.0,"enemies":"Fading Forest","floor":16.0,"turns":11.0},{"damage":0.0,"enemies":"Spheric Guardian","floor":18.0,"turns":1.0},{"damage":0.0,"enemies":"Chosen","floor":19.0,"turns":3.0},{"damage":0.0,"enemies":"Sentry and Sphere","floor":20.0,"turns":3.0},{"damage":0.0,"enemies":"Masked Bandits","floor":21.0,"turns":2.0},{"damage":27,"enemies":"3 Cultists","floor":22,"turns":5},{"damage":21,"enemies":"Replay:Snechameleon","floor":23,"turns":2}],"seed_played":"-378667440852512570","potions_obtained":[{"floor":7.0,"key":"BlessingOfTheForge"},{"floor":13.0,"key":"Toxic Potion"},{"floor":14.0,"key":"LifebloodPotion"}],"is_trial":false,"path_per_floor":["M","?","?","?","$","R","E","R","T","E","M","R","E","M","R","B",null,"M","M","M","?","M","E"],"character_chosen":"HUNTRESS","items_purchased":["DemoMod:Spice"],"campfire_rested":0,"item_purchase_floors":[5],"current_hp_per_floor":[70,63,52,35,35,35,35,35,35,35,35,35,29,29,29,31,60,56,52,48,46,19,0,0],"gold":529,"neow_bonus":"THREE_ENEMY_KILL","is_daily":false,"chose_seed":false,"campfire_upgraded":4,"win_rate":0.0,"timestamp":1609431993,"path_taken":["M","?","?","?","?","R","E","R","T","E","M","R","E","M","R","BOSS","M","?","M","?","M","E"],"items_purchased_type":["Card"],"build_version":"2020-12-22","purchased_purges":1,"victory":false,"max_hp_per_floor":[70,70,70,70,70,70,68,68,68,68,66,66,64,64,64,60,60,56,52,48,46,42,38,38],"card_choices":[{"not_picked":["DemoMod:EasyReloadBullets","DemoMod:Unity"],"picked":"DemoMod:CursedBullets","floor":1.0},{"not_picked":["DemoMod:BattleInHaste","DemoMod:DirectionalPad","DemoMod:PracticeMakesPerfect"],"picked":"SKIP","floor":7.0},{"not_picked":["DemoMod:StickyCrossBow","DemoMod:FightSabre","DemoMod:ProbeStrike"],"picked":"SKIP","floor":10.0},{"not_picked":["DemoMod:PracticeMakesPerfect","DemoMod:AWP","DemoMod:Camera"],"picked":"SKIP","floor":11.0},{"not_picked":["DemoMod:DirectionalPad","DemoMod:DoubleSwitch"],"picked":"Bomb","floor":13.0},{"not_picked":["DemoMod:LifeOrb","DemoMod:Spice"],"picked":"DemoMod:Spice","floor":14.0},{"not_picked":["DemoMod:Unmoved","DemoMod:RadGun+1"],"picked":"DemoMod:Spice","floor":18.0},{"not_picked":["DemoMod:Spice","DemoMod:ProbeStrike","DemoMod:Spice+1"],"picked":"SKIP","floor":19.0},{"not_picked":["DemoMod:Spice+1","DemoMod:BattleInHaste","DemoMod:Spice"],"picked":"SKIP","floor":20.0},{"not_picked":["DemoMod:Spice+1","DemoMod:ConditionalReflex"],"picked":"DemoMod:StickyCrossBow","floor":22}],"player_experience":305026,"relics_obtained":[{"floor":7.0,"key":"DemoMod:WeirdEgg"},{"floor":9.0,"key":"MoneyPower"},{"floor":10.0,"key":"Art of War"},{"floor":13.0,"key":"WingedGreaves"},{"floor":21.0,"key":"Red Mask"}],"event_choices":[{"cards_removed":["DemoMod:Strike_Huntress"],"damage_healed":0.0,"max_hp_gain":0.0,"max_hp_loss":0.0,"gold_gain":0.0,"event_name":"Golden Wing","player_choice":"Card Removal","floor":2.0,"gold_loss":0.0,"damage_taken":7.0},{"damage_healed":0.0,"max_hp_gain":0.0,"max_hp_loss":0.0,"gold_gain":75.0,"event_name":"World of Goop","player_choice":"Gather Gold","floor":3.0,"gold_loss":0.0,"damage_taken":11.0},{"damage_healed":0.0,"max_hp_gain":0.0,"max_hp_loss":0.0,"gold_gain":0.0,"event_name":"Golden Idol","player_choice":"Take Damage","floor":4.0,"gold_loss":0.0,"damage_taken":17.0,"relics_obtained":["Golden Idol"]},{"damage_healed":0.0,"max_hp_gain":0.0,"max_hp_loss":0.0,"gold_gain":0.0,"event_name":"Masked Bandits","player_choice":"Fought Bandits","floor":21.0,"gold_loss":0.0,"damage_taken":0.0}],"is_beta":false,"boss_relics":[{"not_picked":["Pandora\u0027s Box","DemoMod:Test1"],"picked":"Coffee Dripper"},{"not_picked":[]}],"items_purged_floors":[5],"is_endless":false,"potions_floor_spawned":[7,13,14,18,19,21],"killed_by":"Replay:Snechameleon","ascension_level":0}}