{"host":"oeddu058k4r8wzo0","time":1609398658,"event":{"mods":["BaseMod","Better Third Choice","BetterRewards","Colored Map","Colored Powertips","Evolution","Highlight Path","Minty Spire (QoL Compilation)","Quick Restart","Reworked Bosses","Shop Mod","StSLib","Wandering Minibosses"],"gold_per_floor":[119,139,139,139,362,362,392,392,440,466,507,770,811,835,847,970,982,1022,1034,1046,1076,1117,1129,1141,1172,1184,1205,1240,1252,1319,1358,1370,1489,1501,1524,1536,1045,1005,586,586,613,622,622,666,680,100,112,128,128,128,128,128,40,68,68],"floor_reached":56,"playtime":2579,"items_purged":["Strike_R","Headbutt","Defend_R","Headbutt","Bash+1"],"score":2289,"play_id":"09cb825b-06dc-4f60-b487-cad8f9ce288f","local_time":"20201230231058","is_ascension_mode":true,"campfire_choices":[{"data":"Heavy Blade","floor":6,"key":"SMITH"},{"data":"Demon Form","floor":8,"key":"SMITH"},{"floor":15,"key":"RECALL"},{"data":"Whirlwind","floor":23,"key":"SMITH"},{"data":"Limit Break","floor":32,"key":"SMITH"},{"data":"Trip","floor":40,"key":"SMITH"},{"data":"Barricade","floor":49,"key":"SMITH"},{"data":"Entrench","floor":52,"key":"SMITH"}],"circlet_count":0,"master_deck":["Headbutt+1","Headbutt+1","Defend_R+1","Metallicize","Magnetism+1","Rage","Heavy Blade+1","Demon Form+1","Offering","Rampage+1","Whirlwind+1","Insight+1","Limit Break+1","Reaper+1","Shrug It Off","Trip+1","Entrench+1","Barricade+1","Master of Strategy+1"],"relics":["Burning Blood","EVO:Axolotl","Matryoshka","Gremlin Horn","Brimstone","Kunai","HandDrill","Bird Faced Urn","Lee\u0027s Waffle","Tiny Chest","MawBank","CeramicFish","wanderingMiniBosses:LockLocket","HornCleat","Coffee Dripper","Bronze Scales","Art of War","Self Forming Clay","Juzu Bracelet","Whetstone","Omamori","Runic Pyramid","Vajra","Eternal Feather","Red Skull","Dream Catcher","Paper Frog","TungstenRod","Membership Card","Toxic Egg 2","Torii","FossilizedHelix"],"acts_visited":["Exordium","TheCity","TheBeyond","TheEnding"],"potions_floor_usage":[5,7,10,12,12,16,16,33,54,55,55],"damage_taken":[{"damage":0,"enemies":"Small Slimes","floor":1,"turns":2},{"damage":1,"enemies":"2 Louse","floor":2,"turns":3},{"damage":0,"enemies":"Cultist","floor":5,"turns":6},{"damage":0,"enemies":"Lagavulin","floor":7,"turns":3},{"damage":0,"enemies":"Looter","floor":10,"turns":1},{"damage":0,"enemies":"Gremlin Nob","floor":11,"turns":2},{"damage":6,"enemies":"Blue Slaver","floor":12,"turns":5},{"damage":11,"enemies":"3 Sentries","floor":13,"turns":4},{"damage":0,"enemies":"Exordium Wildlife","floor":14,"turns":2},{"damage":46,"enemies":"Hexaghost","floor":16,"turns":5},{"damage":7,"enemies":"Chosen","floor":18,"turns":3},{"damage":0,"enemies":"Spheric Guardian","floor":21,"turns":2},{"damage":20,"enemies":"Snake Plant","floor":22,"turns":2},{"damage":13,"enemies":"Centurion and Healer","floor":25,"turns":2},{"damage":12,"enemies":"Cultist and Chosen","floor":28,"turns":3},{"damage":27,"enemies":"Gremlin Leader","floor":30,"turns":3},{"damage":6,"enemies":"bossMod:newChamp","floor":33,"turns":5},{"damage":6,"enemies":"3 Darklings","floor":35,"turns":2},{"damage":6,"enemies":"Reptomancer","floor":41,"turns":2},{"damage":22,"enemies":"Nemesis","floor":44,"turns":3},{"damage":16,"enemies":"Orb Walker","floor":45,"turns":2},{"damage":5,"enemies":"Transient","floor":47,"turns":5},{"damage":24,"enemies":"Jaw Worm Horde","floor":48,"turns":2},{"damage":10,"enemies":"bossMod:newAwakened","floor":50,"turns":5},{"damage":28,"enemies":"Shield and Spear","floor":54,"turns":3},{"damage":89,"enemies":"The Heart","floor":55,"turns":5}],"seed_played":"-2254079389761951836","potions_obtained":[{"floor":5,"key":"FearPotion"},{"floor":7,"key":"Explosive Potion"},{"floor":10,"key":"CultistPotion"},{"floor":12,"key":"Dexterity Potion"},{"floor":25,"key":"Explosive Potion"},{"floor":28,"key":"SteroidPotion"},{"floor":35,"key":"Strength Potion"},{"floor":45,"key":"FearPotion"},{"floor":47,"key":"LiquidMemories"}],"is_trial":false,"path_per_floor":["M","M","?","?","M","R","E","R","T","M","E","M","E","M","R","B",null,"M","?","?","M","M","R","T","M","T","?","M","?","E","T","R","B",null,"M","?","$","?","$","R","E","?","T","E","M","$","M","M","R","B",null,"R","$","E","B",null],"character_chosen":"IRONCLAD","items_purchased":["Matryoshka","Gremlin Horn","Brimstone","Kunai","HandDrill","Bird Faced Urn","Metallicize","Magnetism","PowerPotion","Explosive Potion","Strength Potion","Lee\u0027s Waffle","Vajra","Eternal Feather","Red Skull","Shrug It Off","PowerPotion","Trip","Membership Card","Toxic Egg 2","Torii","Master of Strategy+1"],"campfire_rested":0,"item_purchase_floors":[0,0,0,0,0,0,0,0,0,0,0,0,37,37,39,39,39,39,46,46,46,46],"current_hp_per_floor":[87,87,70,70,78,78,87,87,87,87,87,87,86,87,87,47,77,82,65,65,71,61,61,61,56,56,56,52,52,35,35,35,39,79,81,81,81,81,81,90,90,90,90,80,92,92,92,92,92,92,92,92,92,92,88],"gold":68,"neow_bonus":"","is_daily":false,"chose_seed":false,"campfire_upgraded":7,"win_rate":0.0,"timestamp":1609398658,"path_taken":["M","M","?","?","M","R","E","R","T","M","E","M","E","?","R","BOSS","M","?","?","M","M","R","?","?","T","?","M","?","E","?","R","BOSS","M","?","$","?","$","R","E","?","T","E","M","$","M","M","R","BOSS","R","$","E","BOSS"],"items_purchased_type":["Relic","Relic","Relic","Relic","Relic","Relic","Card","Card","Potion","Potion","Potion","Relic","Relic","Relic","Relic","Card","Potion","Card","Relic","Relic","Relic","Card"],"build_version":"2020-12-22","purchased_purges":5,"victory":true,"max_hp_per_floor":[87,87,87,87,87,87,87,87,87,87,87,87,87,87,87,87,87,87,92,92,92,92,92,92,92,92,92,92,92,92,92,92,92,92,92,92,92,92,92,92,92,92,92,92,92,92,92,92,92,92,92,92,92,92,92],"card_choices":[{"not_picked":["Perfected Strike","Headbutt"],"picked":"Rage","floor":1},{"not_picked":["Feel No Pain","Pommel Strike","Disarm"],"picked":"SKIP","floor":2},{"not_picked":["Body Slam","Perfected Strike"],"picked":"Heavy Blade","floor":5},{"not_picked":["Clash","Dual Wield"],"picked":"Demon Form","floor":7},{"not_picked":["True Grit","Headbutt","Thunderclap"],"picked":"SKIP","floor":10},{"not_picked":["Flex","Fire Breathing","Spot Weakness"],"picked":"SKIP","floor":11},{"not_picked":["Heavy Blade","Battle Trance","Armaments"],"picked":"SKIP","floor":12},{"not_picked":["Power Through","Flex","Sword Boomerang"],"picked":"SKIP","floor":13},{"not_picked":["Flame Barrier","Headbutt","Warcry"],"picked":"SKIP","floor":14},{"not_picked":["Exhume","Immolate"],"picked":"Offering","floor":16},{"not_picked":["Wild Strike","Whirlwind"],"picked":"Rampage","floor":18},{"not_picked":["Anger","Thunderclap","Searing Blow"],"picked":"SKIP","floor":21},{"not_picked":["Whirlwind","Thunderclap","Iron Wave"],"picked":"SKIP","floor":22},{"not_picked":["Thunderclap","Iron Wave"],"picked":"Whirlwind","floor":22},{"not_picked":["Seeing Red","Feel No Pain","Wild Strike"],"picked":"SKIP","floor":25},{"not_picked":["Clash+1","Flex"],"picked":"Limit Break","floor":28},{"not_picked":["Cleave","Feel No Pain","Twin Strike"],"picked":"SKIP","floor":30},{"not_picked":["Juggernaut","Feed"],"picked":"Reaper","floor":33},{"not_picked":["Clash+1","Heavy Blade","Whirlwind+1"],"picked":"SKIP","floor":35},{"not_picked":["Spot Weakness","Clothesline+1","Headbutt"],"picked":"SKIP","floor":41},{"not_picked":["Pummel","Clash+1"],"picked":"Barricade","floor":44},{"not_picked":["Blood for Blood+1","Wild Strike","Clash"],"picked":"SKIP","floor":45},{"not_picked":["Bloodletting+1","Clothesline+1","Pommel Strike"],"picked":"SKIP","floor":47},{"not_picked":["Metallicize","Ghostly Armor+1","Fire Breathing"],"picked":"SKIP","floor":48},{"not_picked":["Flame Barrier+1","Thunderclap+1","True Grit+1"],"picked":"SKIP","floor":54}],"player_experience":1334341,"relics_obtained":[{"floor":7,"key":"Tiny Chest"},{"floor":9,"key":"MawBank"},{"floor":11,"key":"CeramicFish"},{"floor":12,"key":"wanderingMiniBosses:LockLocket"},{"floor":13,"key":"HornCleat"},{"floor":24,"key":"Art of War"},{"floor":24,"key":"Self Forming Clay"},{"floor":26,"key":"Juzu Bracelet"},{"floor":30,"key":"Whetstone"},{"floor":31,"key":"Omamori"},{"floor":41,"key":"Dream Catcher"},{"floor":43,"key":"Paper Frog"},{"floor":44,"key":"TungstenRod"},{"floor":54,"key":"FossilizedHelix"}],"event_choices":[{"damage_healed":87,"gold_gain":0,"player_choice":"Upgrade","damage_taken":17,"max_hp_gain":0,"max_hp_loss":87,"event_name":"betterThird:BetterShining","floor":3,"gold_loss":0,"cards_upgraded":["Bash","Defend_R"]},{"damage_healed":0,"gold_gain":0,"player_choice":"Forge","damage_taken":0,"max_hp_gain":0,"max_hp_loss":0,"event_name":"Accursed Blacksmith","floor":4,"gold_loss":0,"cards_upgraded":["Magnetism"]},{"damage_healed":0,"gold_gain":0,"player_choice":"Shed Blood","damage_taken":22,"max_hp_gain":5,"max_hp_loss":0,"event_name":"Forgotten Altar","floor":19,"gold_loss":0},{"damage_healed":0,"gold_gain":0,"player_choice":"Opened","damage_taken":0,"relics_obtained":["Bronze Scales"],"max_hp_gain":0,"max_hp_loss":0,"event_name":"The Mausoleum","floor":20,"gold_loss":0},{"damage_healed":0,"gold_gain":0,"player_choice":"Insight","damage_taken":1,"max_hp_gain":0,"max_hp_loss":0,"event_name":"betterThird:BetterWriting","floor":27,"gold_loss":0,"cards_obtained":["Insight"]},{"damage_healed":0,"gold_gain":0,"player_choice":"Ignored","damage_taken":0,"max_hp_gain":0,"max_hp_loss":0,"event_name":"Vampires","floor":29,"gold_loss":0},{"cards_removed":["Defend_R"],"damage_healed":0,"gold_gain":0,"player_choice":"Removed Skill","damage_taken":0,"max_hp_gain":0,"max_hp_loss":0,"event_name":"Falling","floor":36,"gold_loss":0},{"damage_healed":0,"gold_gain":0,"player_choice":"Upgraded Two","damage_taken":0,"max_hp_gain":0,"max_hp_loss":0,"event_name":"Designer","floor":38,"gold_loss":40,"cards_upgraded":["Rampage","Reaper"]},{"damage_healed":0,"gold_gain":0,"cards_transformed":["Defend_R"],"player_choice":"Transformed","damage_taken":0,"max_hp_gain":0,"max_hp_loss":0,"event_name":"Transmorgrifier","floor":42,"gold_loss":0,"cards_obtained":["Entrench"]}],"is_beta":false,"boss_relics":[{"not_picked":["Velvet Choker","Mark of Pain"],"picked":"Coffee Dripper"},{"not_picked":["Tiny House","Runic Cube"],"picked":"Runic Pyramid"}],"items_purged_floors":[0,37,39,46,53],"is_endless":false,"potions_floor_spawned":[5,7,10,12,25,28,35,45,47],"ascension_level":9}}