{"host":"a1eatafr7pisesky","time":1609431093,"event":{"mods":["BaseMod","Colored Map","DeckTracker","Highlight Path","Keyboard Shortcuts","Minty Spire (QoL Compilation)","Permanent Neow","Random Character Button","StSLib","SuperFastMode","everything is the same but u backflip on backflip"],"gold_per_floor":[115,38,38,55,65,98,115,115,115,115,129,147,159,175,175,280,280,292,292,310,35,395,395,423,436,459,471,486,506,264,284,284,388,388,398,408,283,293,293,293,327,372,372,387,404,254,254,254,254,254,254,254,79,114,114],"floor_reached":56,"playtime":2091,"items_purged":["Strike_R","Defend_R","Defend_R","Defend_R","Carnage"],"score":1305,"play_id":"4fe76d3f-cb39-4aa1-bf5b-2e3df3fe0fb3","local_time":"20210101011133","is_ascension_mode":false,"campfire_choices":[{"data":"Body Slam","floor":8.0,"key":"SMITH"},{"data":"Feel No Pain","floor":10.0,"key":"SMITH"},{"data":"Second Wind","floor":15.0,"key":"SMITH"},{"floor":23.0,"key":"REST"},{"floor":32.0,"key":"REST"},{"data":"Barricade","floor":40.0,"key":"SMITH"},{"data":"Seeing Red","floor":47.0,"key":"SMITH"},{"floor":49.0,"key":"RECALL"},{"data":"Dark Embrace","floor":52.0,"key":"SMITH"}],"circlet_count":0,"master_deck":["Bash","Feel No Pain+1","Second Wind+1","Ghostly Armor","Rage","Body Slam+1","Flex","Ghostly Armor","Body Slam","Inflame","Demon Form","Hemokinesis+1","Infernal Blade+1","Havoc+1","Dark Embrace+1","Battle Trance","Wild Strike","Double Tap","Shrug It Off","Impervious","Armaments","Barricade+1","Power Through+1","Seeing Red+1"],"relics":["Burning Blood","Vajra","Eternal Feather","Astrolabe","Medical Kit","Mango","Nunchaku","Black Star","Ancient Tea Set","Centennial Puzzle","Pocketwatch","Letter Opener","Bag of Preparation"],"acts_visited":["Exordium","TheCity","TheBeyond","TheEnding"],"potions_floor_usage":[55,55],"damage_taken":[{"damage":18.0,"enemies":"Jaw Worm","floor":1.0,"turns":3.0},{"damage":5.0,"enemies":"Small Slimes","floor":4.0,"turns":4.0},{"damage":7.0,"enemies":"Cultist","floor":5.0,"turns":4.0},{"damage":43.0,"enemies":"3 Sentries","floor":6.0,"turns":19.0},{"damage":0.0,"enemies":"Large Slime","floor":7.0,"turns":6.0},{"damage":31.0,"enemies":"Lots of Slimes","floor":11.0,"turns":6.0},{"damage":0.0,"enemies":"Exordium Wildlife","floor":12.0,"turns":4.0},{"damage":0.0,"enemies":"Looter","floor":13.0,"turns":3.0},{"damage":6.0,"enemies":"2 Fungi Beasts","floor":14.0,"turns":4.0},{"damage":30.0,"enemies":"Hexaghost","floor":16.0,"turns":11.0},{"damage":2.0,"enemies":"Spheric Guardian","floor":18.0,"turns":3.0},{"damage":40.0,"enemies":"3 Byrds","floor":20.0,"turns":7.0},{"damage":9.0,"enemies":"Slavers","floor":24.0,"turns":5.0},{"damage":37.0,"enemies":"Centurion and Healer","floor":25.0,"turns":8.0},{"damage":22.0,"enemies":"Snake Plant","floor":27.0,"turns":4.0},{"damage":2.0,"enemies":"Cultist and Chosen","floor":28.0,"turns":7.0},{"damage":5.0,"enemies":"Centurion and Healer","floor":29.0,"turns":7.0},{"damage":2.0,"enemies":"Chosen and Byrds","floor":31.0,"turns":8.0},{"damage":48.0,"enemies":"Collector","floor":33.0,"turns":10.0},{"damage":45.0,"enemies":"3 Darklings","floor":35.0,"turns":8.0},{"damage":35.0,"enemies":"3 Shapes","floor":36.0,"turns":5.0},{"damage":20.0,"enemies":"Spire Growth","floor":38.0,"turns":5.0},{"damage":6.0,"enemies":"Nemesis","floor":41.0,"turns":7.0},{"damage":75.0,"enemies":"2 Orb Walkers","floor":42.0,"turns":9.0},{"damage":1.0,"enemies":"Writhing Mass","floor":44.0,"turns":6.0},{"damage":12.0,"enemies":"3 Darklings","floor":45.0,"turns":4.0},{"damage":6.0,"enemies":"Donu and Deca","floor":50.0,"turns":9.0},{"damage":40.0,"enemies":"Shield and Spear","floor":54.0,"turns":6.0},{"damage":69,"enemies":"The Heart","floor":55,"turns":7}],"seed_played":"7194005621809161216","potions_obtained":[{"floor":6.0,"key":"SkillPotion"},{"floor":12.0,"key":"BloodPotion"},{"floor":13.0,"key":"SkillPotion"},{"floor":14.0,"key":"Fire Potion"},{"floor":16.0,"key":"GamblersBrew"},{"floor":18.0,"key":"SkillPotion"},{"floor":27.0,"key":"DuplicationPotion"},{"floor":28.0,"key":"FearPotion"},{"floor":29.0,"key":"Strength Potion"},{"floor":31.0,"key":"Swift Potion"},{"floor":35.0,"key":"EssenceOfSteel"},{"floor":36.0,"key":"Energy Potion"},{"floor":41.0,"key":"DuplicationPotion"},{"floor":54.0,"key":"LiquidBronze"}],"is_trial":false,"path_per_floor":["M","$","?","M","M","E","M","R","T","R","M","M","M","M","R","B",null,"M","?","M","$","?","R","E","M","T","M","M","M","$","M","R","B",null,"M","M","$","M","?","R","E","?","T","M","M","$","R","?","R","B",null,"R","$","E","B",null],"character_chosen":"IRONCLAD","items_purchased":["Second Wind","Wild Strike","Medical Kit","Impervious"],"campfire_rested":2,"item_purchase_floors":[2,21,21,30],"current_hp_per_floor":[68,68,61,62,61,24,30,30,30,36,11,17,23,23,32,24,80,80,80,46,46,10,46,57,26,26,10,14,15,15,19,59,17,94,55,26,26,12,82,82,82,13,13,18,12,12,27,27,42,42,78,78,78,44,51],"gold":114,"neow_bonus":"REMOVE_CARD","is_daily":false,"chose_seed":false,"campfire_upgraded":6,"win_rate":0.0,"timestamp":1609431093,"path_taken":["M","$","?","M","M","E","M","R","T","R","M","M","M","M","R","BOSS","M","?","?","$","?","R","E","M","T","M","M","M","$","?","R","BOSS","M","M","$","M","?","R","E","?","T","M","M","$","R","?","R","BOSS","R","$","E","BOSS"],"items_purchased_type":["Card","Card","Relic","Card"],"build_version":"2020-12-22","purchased_purges":5,"victory":true,"max_hp_per_floor":[80,80,80,80,80,80,80,80,80,80,80,80,80,80,80,80,80,80,80,80,80,80,80,94,94,94,94,94,94,94,94,94,94,94,94,94,94,94,82,82,82,82,82,82,82,82,82,78,78,78,78,78,78,78,78],"card_choices":[{"not_picked":["Perfected Strike","Dark Embrace"],"picked":"Feel No Pain","floor":1.0},{"not_picked":["Warcry","Intimidate"],"picked":"Ghostly Armor","floor":4.0},{"not_picked":["Perfected Strike","Cleave"],"picked":"Rage","floor":5.0},{"not_picked":["Armaments","Inflame"],"picked":"Carnage","floor":6.0},{"not_picked":["Disarm","Pommel Strike"],"picked":"Body Slam","floor":7.0},{"not_picked":["Juggernaut","True Grit"],"picked":"Flex","floor":11.0},{"not_picked":["Combust","Iron Wave"],"picked":"Ghostly Armor","floor":12.0},{"not_picked":["Dark Embrace","Anger"],"picked":"Body Slam","floor":13.0},{"not_picked":["Rampage","Dark Embrace"],"picked":"Inflame","floor":14.0},{"not_picked":["Juggernaut","Corruption"],"picked":"Demon Form","floor":16.0},{"not_picked":["Cleave","Anger"],"picked":"Dark Embrace","floor":18.0},{"not_picked":["Body Slam+1","Rampage"],"picked":"Battle Trance","floor":20.0},{"not_picked":["Dual Wield","Havoc"],"picked":"Double Tap","floor":24.0},{"not_picked":["Reckless Charge","Intimidate","Body Slam+1"],"picked":"SKIP","floor":25.0},{"not_picked":["Pommel Strike","Shockwave"],"picked":"Shrug It Off","floor":27.0},{"not_picked":["Body Slam","Anger","Inflame"],"picked":"SKIP","floor":28.0},{"not_picked":["Searing Blow+1","Carnage","Twin Strike"],"picked":"SKIP","floor":29.0},{"not_picked":["Clash+1","Rampage"],"picked":"Armaments","floor":31.0},{"not_picked":["Immolate","Feed"],"picked":"Barricade","floor":33.0},{"not_picked":["Headbutt+1","Body Slam+1","Pommel Strike+1"],"picked":"SKIP","floor":35.0},{"not_picked":["Iron Wave+1","Combust+1"],"picked":"Power Through+1","floor":36.0},{"not_picked":["Clothesline","Dark Embrace+1","Demon Form"],"picked":"SKIP","floor":38.0},{"not_picked":["Armaments+1","Anger+1","Pommel Strike"],"picked":"SKIP","floor":41.0},{"not_picked":["Body Slam","Heavy Blade+1","Armaments+1"],"picked":"SKIP","floor":44.0},{"not_picked":["Hemokinesis","Cleave+1"],"picked":"Seeing Red","floor":45.0},{"not_picked":["Iron Wave+1","Clothesline+1","Shockwave+1"],"picked":"SKIP","floor":54.0}],"player_experience":278915,"relics_obtained":[{"floor":6.0,"key":"Vajra"},{"floor":9.0,"key":"Eternal Feather"},{"floor":24.0,"key":"Mango"},{"floor":26.0,"key":"Nunchaku"},{"floor":41.0,"key":"Ancient Tea Set"},{"floor":41.0,"key":"Centennial Puzzle"},{"floor":42.0,"key":"Pocketwatch"},{"floor":54.0,"key":"Letter Opener"},{"floor":54.0,"key":"Bag of Preparation"}],"event_choices":[{"cards_removed":["Strike_R"],"damage_healed":0.0,"max_hp_gain":0.0,"max_hp_loss":0.0,"gold_gain":0.0,"event_name":"Golden Wing","player_choice":"Card Removal","floor":3.0,"gold_loss":0.0,"damage_taken":7.0},{"damage_healed":0.0,"max_hp_gain":0.0,"max_hp_loss":0.0,"gold_gain":0.0,"event_name":"Match and Keep!","player_choice":"0 cards matched","floor":19.0,"gold_loss":0.0,"damage_taken":0.0,"cards_obtained":[]},{"damage_healed":0.0,"max_hp_gain":0.0,"max_hp_loss":0.0,"gold_gain":360.0,"event_name":"Knowing Skull","player_choice":"GOLD GOLD GOLD GOLD ","floor":22.0,"potions_obtained":[],"gold_loss":0.0,"damage_taken":36.0,"cards_obtained":[]},{"damage_healed":82.0,"max_hp_gain":0.0,"max_hp_loss":12.0,"gold_gain":0.0,"event_name":"The Moai Head","player_choice":"Heal","floor":39.0,"gold_loss":0.0,"damage_taken":0.0},{"damage_healed":0.0,"max_hp_gain":0.0,"max_hp_loss":0.0,"gold_gain":0.0,"event_name":"Mysterious Sphere","player_choice":"Fight","floor":42.0,"gold_loss":0.0,"damage_taken":0.0},{"damage_healed":0.0,"max_hp_gain":0.0,"max_hp_loss":4.0,"gold_gain":0.0,"event_name":"Winding Halls","player_choice":"Max HP","floor":48.0,"gold_loss":0.0,"damage_taken":0.0}],"is_beta":false,"boss_relics":[{"not_picked":["Philosopher\u0027s Stone","Black Blood"],"picked":"Astrolabe"},{"not_picked":["Pandora\u0027s Box","Calling Bell"],"picked":"Black Star"}],"items_purged_floors":[21,30,37,46,53],"is_endless":false,"potions_floor_spawned":[6,12,13,14,16,18,27,28,29,31,35,36,41,54],"ascension_level":0}}