{"host":"i5n40fjkmb02ym6x","time":1609412084,"event":{"mods":["AchievementEnabler","BaseMod","Colored Map","Colored Powertips","Googly Eyes","Infinite Spire","Minty Spire (QoL Compilation)","Quick Restart","StSLib","The Cursed"],"gold_per_floor":[113,113,130,77,88,116,191,191,268,285,285,25,36,69,69,69,69],"floor_reached":16,"playtime":710,"items_purged":[],"score":110,"play_id":"cd51e2c9-f9ba-4da2-b336-662fd73d938a","local_time":"20201231185444","is_ascension_mode":false,"campfire_choices":[{"floor":8,"key":"REST"},{"floor":15,"key":"REST"}],"circlet_count":0,"master_deck":["TheCursedMod:Strike_TheCursed","TheCursedMod:Strike_TheCursed","TheCursedMod:Strike_TheCursed","TheCursedMod:Strike_TheCursed","TheCursedMod:Defend_TheCursed","TheCursedMod:Defend_TheCursed","TheCursedMod:Defend_TheCursed","TheCursedMod:Defend_TheCursed","TheCursedMod:CursedWand+1","TheCursedMod:CleanUpWorkshop","TheCursedMod:Dregs","Flash of Steel","TheCursedMod:SpitefulStrike","TheCursedMod:CursedAmulet","TheCursedMod:CursedSpellbook","TheCursedMod:CircleOfAbyss","TheCursedMod:CircleOfFlame","TheCursedMod:SpitefulStrike+1"],"relics":["TheCursedMod:BlackMagic101","Lantern","Ornamental Fan","Molten Egg 2","Prayer Wheel"],"acts_visited":["Exordium"],"potions_floor_usage":[6,14,16],"damage_taken":[{"damage":2,"enemies":"Jaw Worm","floor":1,"turns":4},{"damage":0,"enemies":"2 Louse","floor":3,"turns":2},{"damage":2,"enemies":"Small Slimes","floor":5,"turns":4},{"damage":27,"enemies":"3 Sentries","floor":6,"turns":11},{"damage":8,"enemies":"Blue Slaver","floor":10,"turns":4},{"damage":9,"enemies":"Exordium Thugs","floor":13,"turns":4},{"damage":2,"enemies":"Lagavulin","floor":14,"turns":4},{"damage":59,"enemies":"Hexaghost","floor":16,"turns":14}],"seed_played":"-4919623551997555583","potions_obtained":[{"floor":3,"key":"AttackPotion"},{"floor":6,"key":"infinitespire:BlackPotion"},{"floor":13,"key":"GamblersBrew"}],"is_trial":false,"path_per_floor":["M","?","M","$","M","E","?","R","T","M","?","$","M","E","R","B"],"character_chosen":"THE_CURSED","items_purchased":["TheCursedMod:CursedAmulet","Molten Egg 2"],"campfire_rested":2,"item_purchase_floors":[4,12],"current_hp_per_floor":[73,73,73,73,71,44,33,55,55,47,47,47,38,36,58,0,0],"gold":69,"neow_bonus":"RANDOM_COLORLESS","is_daily":false,"chose_seed":false,"campfire_upgraded":0,"win_rate":0.0,"timestamp":1609412084,"path_taken":["M","?","M","$","M","E","?","R","T","M","?","$","M","E","R","BOSS"],"items_purchased_type":["Card","Relic"],"build_version":"2020-12-22","purchased_purges":0,"victory":false,"max_hp_per_floor":[75,75,75,75,75,75,75,75,75,75,75,75,75,75,75,75,75],"card_choices":[{"not_picked":["Madness","Finesse"],"picked":"Flash of Steel","floor":0},{"not_picked":["TheCursedMod:Wield","TheCursedMod:RavingStaff","TheCursedMod:AshesToAshes"],"picked":"SKIP","floor":1},{"not_picked":["TheCursedMod:BloodBarrier","TheCursedMod:FuryStrike"],"picked":"TheCursedMod:SpitefulStrike","floor":3},{"not_picked":["TheCursedMod:FleshFromBone","TheCursedMod:RavingStaff"],"picked":"TheCursedMod:CursedSpellbook","floor":5},{"not_picked":["TheCursedMod:Obscuration","TheCursedMod:CircleOfCorruption"],"picked":"TheCursedMod:CircleOfAbyss","floor":6},{"not_picked":["TheCursedMod:CursedMace","TheCursedMod:CircleOfCorruption"],"picked":"TheCursedMod:CircleOfFlame","floor":10},{"not_picked":["TheCursedMod:AshesToAshes","TheCursedMod:SmokeScreen"],"picked":"TheCursedMod:SpitefulStrike+1","floor":13},{"not_picked":["TheCursedMod:ManaCirculation","TheCursedMod:RavingStaff+1","TheCursedMod:Mangle+1"],"picked":"SKIP","floor":14}],"player_experience":61049,"relics_obtained":[{"floor":6,"key":"Lantern"},{"floor":9,"key":"Ornamental Fan"},{"floor":14,"key":"Prayer Wheel"}],"event_choices":[{"damage_healed":0,"gold_gain":0,"player_choice":"Grow","damage_taken":0,"max_hp_gain":0,"max_hp_loss":0,"event_name":"Living Wall","floor":2,"gold_loss":0,"cards_upgraded":["TheCursedMod:CursedWand"]},{"damage_healed":0,"gold_gain":75,"player_choice":"Gather Gold","damage_taken":11,"max_hp_gain":0,"max_hp_loss":0,"event_name":"World of Goop","floor":7,"gold_loss":0},{"damage_healed":0,"gold_gain":0,"player_choice":"Leave","damage_taken":0,"max_hp_gain":0,"max_hp_loss":0,"event_name":"The Cleric","floor":11,"gold_loss":0}],"is_beta":false,"boss_relics":[],"items_purged_floors":[],"is_endless":false,"potions_floor_spawned":[3,6,13],"killed_by":"Hexaghost","ascension_level":0}}