{"host":"qj91dvco5uhu9oti","time":1609424318,"event":{"mods":["BaseMod","Colored Map","Keyboard Shortcuts","Minty Spire (QoL Compilation)","Permanent Neow","Relic Stats","StSLib","SuperFastMode","everything is the same but u backflip on backflip"],"gold_per_floor":[113,125,138,49,61,61,61,104,128,128,53,53,53,122,122,203,203,224,244,253,272,59,59,77,109,109,109,129,129,153,172,172,260,319,329,354,365,374,386,386,418,418,418,440,440,440,460,10,10,10],"floor_reached":51,"playtime":1432,"items_purged":["Strike_G","Strike_G","Strike_G"],"score":1251,"play_id":"9b7e30b3-32de-4367-a62b-243e23d5aeba","local_time":"20201231231838","is_ascension_mode":true,"campfire_choices":[{"data":"Cloak And Dagger","floor":6.0,"key":"SMITH"},{"data":"Accuracy","floor":10.0,"key":"SMITH"},{"data":"Blade Dance","floor":12.0,"key":"SMITH"},{"floor":15.0,"key":"REST"},{"data":"Cloak And Dagger","floor":23.0,"key":"SMITH"},{"floor":29.0,"key":"REST"},{"data":"After Image","floor":32.0,"key":"SMITH"},{"data":"Accuracy","floor":40.0,"key":"SMITH"},{"data":"1","floor":42.0,"key":"LIFT"},{"data":"Cloak And Dagger","floor":45.0,"key":"SMITH"},{"floor":49.0,"key":"REST"}],"circlet_count":0,"master_deck":["AscendersBane","Strike_G","Defend_G","Defend_G","Defend_G","Defend_G+1","Defend_G","Survivor","Neutralize","Cloak And Dagger+1","PiercingWail","Dash","Accuracy+1","Cloak And Dagger+1","Blade Dance+1","PiercingWail","After Image+1","Cloak And Dagger+1","Terror","Accuracy+1","Blade Dance+1","Malaise","Footwork","Venomology","Backflip+1","Writhe","After Image"],"relics":["Ring of the Snake","Bag of Marbles","CeramicFish","Juzu Bracelet","Lantern","SlaversCollar","Meat on the Bone","Ancient Tea Set","Tiny House","Girya","Bottled Tornado","Happy Flower","TwistedFunnel","Nunchaku"],"acts_visited":["Exordium","TheCity","TheBeyond"],"potions_floor_usage":[],"damage_taken":[{"damage":0.0,"enemies":"Cultist","floor":1.0,"turns":4.0},{"damage":1.0,"enemies":"Small Slimes","floor":2.0,"turns":3.0},{"damage":10.0,"enemies":"Jaw Worm","floor":3.0,"turns":4.0},{"damage":3.0,"enemies":"Looter","floor":5.0,"turns":3.0},{"damage":40.0,"enemies":"Lagavulin","floor":8.0,"turns":8.0},{"damage":16.0,"enemies":"Lagavulin Event","floor":14.0,"turns":5.0},{"damage":12.0,"enemies":"Hexaghost","floor":16.0,"turns":9.0},{"damage":0.0,"enemies":"3 Byrds","floor":18.0,"turns":8.0},{"damage":3.0,"enemies":"2 Thieves","floor":19.0,"turns":4.0},{"damage":21.0,"enemies":"Shelled Parasite and Fungi","floor":21.0,"turns":5.0},{"damage":0.0,"enemies":"Centurion and Healer","floor":24.0,"turns":4.0},{"damage":8.0,"enemies":"Book of Stabbing","floor":25.0,"turns":6.0},{"damage":0.0,"enemies":"Snecko","floor":27.0,"turns":1.0},{"damage":46.0,"enemies":"Chosen and Byrds","floor":28.0,"turns":6.0},{"damage":9.0,"enemies":"3 Cultists","floor":30.0,"turns":5.0},{"damage":11.0,"enemies":"Snecko","floor":31.0,"turns":5.0},{"damage":35.0,"enemies":"Automaton","floor":33.0,"turns":8.0},{"damage":0.0,"enemies":"3 Shapes","floor":35.0,"turns":5.0},{"damage":0.0,"enemies":"Mind Bloom Boss Battle","floor":36.0,"turns":4.0},{"damage":6.0,"enemies":"3 Darklings","floor":37.0,"turns":6.0},{"damage":5.0,"enemies":"Writhing Mass","floor":39.0,"turns":9.0},{"damage":1.0,"enemies":"Reptomancer","floor":41.0,"turns":5.0},{"damage":5.0,"enemies":"Sphere and 2 Shapes","floor":44.0,"turns":5.0},{"damage":6.0,"enemies":"4 Shapes","floor":47.0,"turns":9.0},{"damage":22.0,"enemies":"Time Eater","floor":50.0,"turns":9.0}],"seed_played":"-2001953870281486858","potions_obtained":[{"floor":2.0,"key":"DuplicationPotion"},{"floor":5.0,"key":"Regen Potion"},{"floor":14.0,"key":"SmokeBomb"},{"floor":16.0,"key":"BlessingOfTheForge"},{"floor":19.0,"key":"BlessingOfTheForge"},{"floor":33.0,"key":"Explosive Potion"},{"floor":34.0,"key":"Fire Potion"},{"floor":35.0,"key":"EntropicBrew"},{"floor":39.0,"key":"DuplicationPotion"}],"is_trial":false,"path_per_floor":["M","M","M","$","M","R","?","E","T","R","$","R","?","?","R","B",null,"M","M","?","M","$","R","M","E","T","M","M","R","M","M","R","B",null,"M","?","M","?","M","R","E","R","T","M","R","?","M","$","R","B",null],"character_chosen":"THE_SILENT","items_purchased":["Accuracy","FairyPotion","TwistedFunnel","Nunchaku"],"campfire_rested":3,"item_purchase_floors":[4,22,48,48],"current_hp_per_floor":[59,58,48,48,45,45,45,20,20,20,20,20,20,4,23,11,52,52,49,49,28,28,28,28,20,20,32,22,41,44,45,45,22,60,60,60,54,68,63,63,62,62,62,57,57,57,51,51,71,49],"gold":10,"neow_bonus":"RANDOM_COMMON_RELIC","is_daily":false,"chose_seed":false,"campfire_upgraded":7,"win_rate":0.0,"timestamp":1609424318,"path_taken":["M","M","M","$","M","R","?","E","T","R","?","R","?","?","R","BOSS","M","M","?","M","$","R","M","E","T","M","M","R","M","M","R","BOSS","M","?","M","?","M","R","E","R","T","M","R","?","M","$","R","BOSS"],"items_purchased_type":["Card","Potion","Relic","Relic"],"build_version":"2020-12-22","purchased_purges":3,"victory":true,"max_hp_per_floor":[66,66,66,66,66,66,66,66,66,66,66,66,66,66,66,66,66,66,66,66,66,66,66,66,66,66,66,66,66,66,66,66,66,71,71,71,71,71,71,71,71,71,71,71,71,71,71,71,71,71],"relic_stats":{"Nunchaku":[2],"Happy Flower":[7],"counters":[25,140],"CeramicFish":117,"Juzu Bracelet":2,"obtain_stats":[{"TwistedFunnel":48,"Girya":36,"Lantern":14,"Tiny House":34,"Happy Flower":43,"CeramicFish":8,"Juzu Bracelet":9,"Bottled Tornado":41,"Ancient Tea Set":26,"SlaversCollar":17,"Nunchaku":48,"Bag of Marbles":0,"Ring of the Snake":0,"Meat on the Bone":25},{"TwistedFunnel":24,"Girya":19,"Lantern":6,"Tiny House":17,"Happy Flower":22,"CeramicFish":5,"Juzu Bracelet":5,"Bottled Tornado":22,"Ancient Tea Set":12,"SlaversCollar":7,"Nunchaku":24,"Bag of Marbles":0,"Ring of the Snake":0,"Meat on the Bone":12},{"TwistedFunnel":131,"Girya":97,"Lantern":27,"Tiny House":88,"Happy Flower":117,"CeramicFish":22,"Juzu Bracelet":22,"Bottled Tornado":117,"Ancient Tea Set":63,"SlaversCollar":36,"Nunchaku":131,"Bag of Marbles":0,"Ring of the Snake":0,"Meat on the Bone":63}],"Ring of the Snake":[50],"Meat on the Bone":60},"card_choices":[{"not_picked":["Bane","Outmaneuver"],"picked":"Cloak And Dagger","floor":1.0},{"not_picked":["Noxious Fumes","Bouncing Flask"],"picked":"PiercingWail","floor":2.0},{"not_picked":["Sucker Punch","Bane"],"picked":"Dash","floor":3.0},{"not_picked":["Flying Knee","Leg Sweep"],"picked":"Cloak And Dagger","floor":5.0},{"not_picked":["Poisoned Stab","Caltrops"],"picked":"Blade Dance","floor":8.0},{"not_picked":["Sucker Punch","Acrobatics"],"picked":"PiercingWail","floor":14.0},{"not_picked":["Corpse Explosion","Wraith Form v2"],"picked":"After Image","floor":16.0},{"not_picked":["PiercingWail","Dodge and Roll"],"picked":"Cloak And Dagger","floor":18.0},{"not_picked":["Slice","PiercingWail"],"picked":"Terror","floor":19.0},{"not_picked":["Calculated Gamble","Underhanded Strike+1","Dagger Throw"],"picked":"SKIP","floor":21.0},{"not_picked":["Dagger Spray","Dodge and Roll","Underhanded Strike"],"picked":"SKIP","floor":24.0},{"not_picked":["Die Die Die","Deadly Poison","Masterful Stab"],"picked":"SKIP","floor":25.0},{"not_picked":["Blur","Deadly Poison"],"picked":"Blade Dance+1","floor":28.0},{"not_picked":["Expertise+1","Sucker Punch"],"picked":"Malaise","floor":30.0},{"not_picked":["Dodge and Roll","Skewer"],"picked":"Footwork","floor":31.0},{"not_picked":["Glass Knife","Unload"],"picked":"Venomology","floor":33.0},{"not_picked":["Caltrops","Heel Hook"],"picked":"Backflip+1","floor":34.0},{"not_picked":["Dagger Throw","Backflip","Catalyst+1"],"picked":"SKIP","floor":35.0},{"not_picked":["Expertise+1","Deflect","Heel Hook+1"],"picked":"SKIP","floor":37.0},{"not_picked":["Backstab+1","Heel Hook","Slice"],"picked":"SKIP","floor":39.0},{"not_picked":["Slice","Quick Slash","Acrobatics"],"picked":"SKIP","floor":41.0},{"not_picked":["All Out Attack","Sucker Punch+1"],"picked":"After Image","floor":44.0},{"not_picked":["Quick Slash","Choke","Dagger Spray"],"picked":"SKIP","floor":47.0}],"player_experience":328118,"relics_obtained":[{"floor":8.0,"key":"CeramicFish"},{"floor":9.0,"key":"Juzu Bracelet"},{"floor":14.0,"key":"Lantern"},{"floor":25.0,"key":"Meat on the Bone"},{"floor":26.0,"key":"Ancient Tea Set"},{"floor":36.0,"key":"Girya"},{"floor":41.0,"key":"Bottled Tornado"},{"floor":43.0,"key":"Happy Flower"}],"event_choices":[{"cards_removed":["Strike_G"],"damage_healed":0.0,"max_hp_gain":0.0,"max_hp_loss":0.0,"gold_gain":0.0,"event_name":"Purifier","player_choice":"Purged","floor":7.0,"gold_loss":0.0,"damage_taken":0.0},{"damage_healed":0.0,"max_hp_gain":0.0,"max_hp_loss":0.0,"gold_gain":0.0,"event_name":"FaceTrader","player_choice":"Leave","floor":13.0,"gold_loss":0.0,"damage_taken":0.0},{"damage_healed":0.0,"max_hp_gain":0.0,"max_hp_loss":0.0,"gold_gain":0.0,"event_name":"Dead Adventurer","player_choice":"Searched \u00271\u0027 times","floor":14.0,"gold_loss":0.0,"damage_taken":0.0},{"damage_healed":0.0,"max_hp_gain":0.0,"max_hp_loss":0.0,"gold_gain":0.0,"event_name":"The Library","player_choice":"Read","floor":20.0,"gold_loss":0.0,"damage_taken":0.0,"cards_obtained":["Accuracy"]},{"damage_healed":0.0,"max_hp_gain":0.0,"max_hp_loss":0.0,"gold_gain":0.0,"event_name":"MindBloom","player_choice":"Fight","floor":36.0,"gold_loss":0.0,"damage_taken":0.0},{"damage_healed":14.0,"max_hp_gain":0.0,"max_hp_loss":0.0,"gold_gain":0.0,"event_name":"Winding Halls","player_choice":"Writhe","floor":38.0,"gold_loss":0.0,"damage_taken":0.0,"cards_obtained":["Writhe"]},{"damage_healed":0.0,"max_hp_gain":0.0,"max_hp_loss":0.0,"gold_gain":0.0,"event_name":"Tomb of Lord Red Mask","player_choice":"Ignored","floor":46.0,"gold_loss":0.0,"damage_taken":0.0}],"is_beta":false,"boss_relics":[{"not_picked":["Busted Crown","Astrolabe"],"picked":"SlaversCollar"},{"not_picked":["Runic Dome","Calling Bell"],"picked":"Tiny House"}],"items_purged_floors":[11,22,48],"is_endless":false,"potions_floor_spawned":[2,5,14,16,18,19,27,33,35,39,44],"ascension_level":17}}