{"host":"m77rrhbqzv44va4v","time":1609391205,"event":{"mods":["AchievementEnabler","BaseMod","Colored Map","DeckTracker","Keyboard Shortcuts","Minty Spire (QoL Compilation)","StSLib","SuperFastMode","everything is the same but u backflip on backflip"],"gold_per_floor":[113,132,148,159,173,205,367,390,402,414,2,2,52,65,65,139,139,154,154,154,154],"floor_reached":20,"playtime":517,"items_purged":["Doubt"],"score":326,"play_id":"f18924ab-b3bb-406f-b53d-10af657f5e9f","local_time":"20201231140645","is_ascension_mode":true,"campfire_choices":[{"floor":10.0,"key":"REST"},{"floor":12,"key":"REST"},{"data":"Rupture","floor":15,"key":"SMITH"}],"circlet_count":0,"master_deck":["AscendersBane","Strike_R","Strike_R","Defend_R","Defend_R","Defend_R","Defend_R","Bash","Pommel Strike","Shrug It Off","Hemokinesis","Rupture+1","Wild Strike","Dropkick","Power Through","Corruption","Reckless Charge+1","Rampage+1","Exhume+1","Body Slam","Shrug It Off"],"relics":["Burning Blood","Centennial Puzzle","MawBank","InkBottle","Singing Bowl","Astrolabe"],"acts_visited":["Exordium","TheCity"],"potions_floor_usage":[16],"damage_taken":[{"damage":11.0,"enemies":"Jaw Worm","floor":1.0,"turns":6.0},{"damage":9.0,"enemies":"2 Louse","floor":2.0,"turns":2.0},{"damage":1.0,"enemies":"Cultist","floor":3.0,"turns":3.0},{"damage":11.0,"enemies":"2 Fungi Beasts","floor":4.0,"turns":3.0},{"damage":18.0,"enemies":"Exordium Wildlife","floor":5.0,"turns":5.0},{"damage":29.0,"enemies":"Lagavulin","floor":6.0,"turns":5.0},{"damage":24.0,"enemies":"Exordium Thugs","floor":8.0,"turns":7.0},{"damage":10,"enemies":"Blue Slaver","floor":14,"turns":4},{"damage":64,"enemies":"Hexaghost","floor":16,"turns":10},{"damage":12,"enemies":"Chosen","floor":18,"turns":6},{"damage":47,"enemies":"Spheric Guardian","floor":20,"turns":6}],"seed_played":"3182641738792585009","potions_obtained":[{"floor":1.0,"key":"AttackPotion"},{"floor":3.0,"key":"CultistPotion"},{"floor":6.0,"key":"EntropicBrew"},{"floor":16,"key":"ColorlessPotion"}],"is_trial":false,"path_per_floor":["M","M","M","M","M","E","?","M","T","R","$","R","?","M","R","B",null,"M","?","M"],"character_chosen":"IRONCLAD","items_purchased":["Singing Bowl","Dropkick"],"campfire_rested":2,"item_purchase_floors":[11,11],"current_hp_per_floor":[63,60,65,60,48,25,25,7,7,29,29,51,51,47,47,13,60,54,54,7,7],"gold":154,"neow_bonus":"RANDOM_COMMON_RELIC","is_daily":false,"chose_seed":false,"campfire_upgraded":1,"win_rate":0.0,"timestamp":1609391205,"path_taken":["M","M","M","M","M","E","?","M","T","R","$","R","?","?","R","BOSS","M","?","M"],"items_purchased_type":["Relic","Card"],"build_version":"2020-12-22","purchased_purges":1,"victory":false,"max_hp_per_floor":[75,75,75,75,75,75,75,75,75,75,75,75,75,75,75,75,75,75,75,75,75],"card_choices":[{"not_picked":["Power Through","Thunderclap"],"picked":"Pommel Strike","floor":1.0},{"not_picked":["Intimidate","Thunderclap"],"picked":"Shrug It Off","floor":2.0},{"not_picked":["Headbutt","Sentinel"],"picked":"Hemokinesis","floor":3.0},{"not_picked":["Twin Strike","Burning Pact","Body Slam"],"picked":"SKIP","floor":4.0},{"not_picked":["Pommel Strike","Headbutt","True Grit"],"picked":"SKIP","floor":5.0},{"not_picked":["Sentinel","Body Slam"],"picked":"Rupture","floor":6.0},{"not_picked":["Twin Strike","Ghostly Armor"],"picked":"Wild Strike","floor":8.0},{"not_picked":["Bloodletting","Feed"],"picked":"Power Through","floor":14},{"not_picked":["Impervious","Fiend Fire"],"picked":"Corruption","floor":16},{"not_picked":["Perfected Strike","Warcry"],"picked":"Body Slam","floor":18}],"player_experience":846998,"relics_obtained":[{"floor":6.0,"key":"MawBank"},{"floor":9.0,"key":"InkBottle"}],"event_choices":[{"damage_healed":0.0,"max_hp_gain":0.0,"max_hp_loss":0.0,"gold_gain":150.0,"event_name":"Liars Game","player_choice":"AGREE","floor":7.0,"gold_loss":0.0,"damage_taken":0.0,"cards_obtained":["Doubt"]},{"damage_healed":0,"gold_gain":50,"player_choice":"Pray","damage_taken":0,"max_hp_gain":0,"max_hp_loss":0,"event_name":"Golden Shrine","floor":13,"gold_loss":0},{"damage_healed":0,"gold_gain":0,"player_choice":"Read","damage_taken":0,"max_hp_gain":0,"max_hp_loss":0,"event_name":"The Library","floor":19,"gold_loss":0,"cards_obtained":["Shrug It Off"]}],"is_beta":false,"boss_relics":[{"not_picked":["Velvet Choker","SlaversCollar"],"picked":"Astrolabe"}],"items_purged_floors":[11],"is_endless":false,"potions_floor_spawned":[1,3,4,6,16],"killed_by":"Spheric Guardian","ascension_level":17}}