{"host":"i2ir6b55gxkcwpt4","time":1609453902,"event":{"mods":["BaseMod","Colored Map","Colored Powertips","Lobotomy","LobotomyExtend","Minty Spire (QoL Compilation)"],"gold_per_floor":[119,136,109,126,126,152,152,174,225,252,264,264,275,308,308,308,308],"floor_reached":16,"playtime":841,"items_purged":[],"score":121,"play_id":"2cde6af9-e889-4d39-ad71-b6f18980ae8c","local_time":"20210101063142","is_ascension_mode":true,"campfire_choices":[{"data":"Armaments","floor":7,"key":"SMITH"},{"floor":12,"key":"REST"},{"data":"Limit Break","floor":15,"key":"SMITH"}],"circlet_count":0,"master_deck":["Strike_R","Strike_R","Strike_R","Strike_R","Strike_R","Defend_R","Defend_R","Defend_R","Defend_R","Bash","Wellcheers","Cleave","Armaments+1","Headbutt","Rage","Bludgeon","Iron Wave","Spot Weakness","Pommel Strike","VoidDream","Limit Break+1"],"relics":["Burning Blood","CogitoBucket","LetterFromLob","Pen Nib","Red Skull","Odd Mushroom","Lantern","Centennial Puzzle","SkinProphecy","Smiling Mask"],"acts_visited":["Exordium"],"potions_floor_usage":[4,6,14,16],"damage_taken":[{"damage":0,"enemies":"2 Louse","floor":1,"turns":2},{"damage":0,"enemies":"Small Slimes","floor":2,"turns":2},{"damage":0,"enemies":"Jaw Worm","floor":4,"turns":3},{"damage":29,"enemies":"Lagavulin","floor":6,"turns":8},{"damage":17,"enemies":"The Mushroom Lair","floor":8,"turns":4},{"damage":12,"enemies":"Gremlin Gang","floor":11,"turns":4},{"damage":6,"enemies":"Looter","floor":13,"turns":2},{"damage":4,"enemies":"3 Sentries","floor":14,"turns":5},{"damage":57,"enemies":"The Guardian","floor":16,"turns":9}],"seed_played":"3241929957674388860","potions_obtained":[{"floor":1,"key":"Strength Potion"},{"floor":2,"key":"AttackPotion"},{"floor":8,"key":"Block Potion"},{"floor":14,"key":"Swift Potion"}],"is_trial":false,"path_per_floor":["M","M","$","M","?","E","R","?","T","T","M","R","M","E","R","B"],"character_chosen":"IRONCLAD","items_purchased":["Headbutt"],"campfire_rested":1,"item_purchase_floors":[3],"current_hp_per_floor":[80,80,80,80,73,50,50,39,39,39,33,57,53,54,54,0,0],"gold":308,"neow_bonus":"","is_daily":false,"chose_seed":false,"campfire_upgraded":2,"win_rate":0.0,"timestamp":1609453902,"path_taken":["M","M","$","M","?","E","R","?","T","?","?","R","?","E","R","BOSS"],"items_purchased_type":["Card"],"build_version":"2020-12-22","purchased_purges":0,"victory":false,"max_hp_per_floor":[80,80,80,80,80,80,80,80,80,80,80,80,82,84,84,86,86],"card_choices":[{"not_picked":["BigBadWolf","CrumblingArmor"],"picked":"Wellcheers","floor":1},{"not_picked":["Pommel Strike","Inflame"],"picked":"Cleave","floor":1},{"not_picked":["Cleave","Burning Pact"],"picked":"Armaments","floor":2},{"not_picked":["Second Wind","Pommel Strike"],"picked":"Rage","floor":4},{"not_picked":["Armaments","Pommel Strike"],"picked":"Bludgeon","floor":6},{"not_picked":["Headbutt","Perfected Strike"],"picked":"Iron Wave","floor":8},{"not_picked":["Clash","Flex"],"picked":"Spot Weakness","floor":11},{"not_picked":["Heavy Blade","Armaments"],"picked":"Pommel Strike","floor":13},{"not_picked":["WallGazer","LittleHelper"],"picked":"VoidDream","floor":13},{"not_picked":["Cleave","Whirlwind"],"picked":"Limit Break","floor":14}],"player_experience":56358,"relics_obtained":[{"floor":1,"key":"LetterFromLob"},{"floor":6,"key":"Red Skull"},{"floor":8,"key":"Odd Mushroom"},{"floor":9,"key":"Lantern"},{"floor":10,"key":"Centennial Puzzle"},{"floor":14,"key":"Smiling Mask"}],"event_choices":[{"damage_healed":0,"gold_gain":0,"player_choice":"Success","damage_taken":7,"relics_obtained":["Pen Nib"],"max_hp_gain":0,"max_hp_loss":0,"event_name":"Scrap Ooze","floor":5,"gold_loss":0},{"damage_healed":0,"gold_gain":0,"player_choice":"Fought Mushrooms","damage_taken":0,"max_hp_gain":0,"max_hp_loss":0,"event_name":"Mushrooms","floor":8,"gold_loss":0}],"is_beta":false,"boss_relics":[],"items_purged_floors":[],"is_endless":false,"potions_floor_spawned":[1,2,8,14],"killed_by":"The Guardian","ascension_level":2}}