{"host":"jm9833yuloeli2yd","time":1609393173,"event":{"mods":["AchievementEnabler","BaseMod","Better Altar","Better Match","Better Note","Better Sensory Stone","Better Skull","Better Third Choice","Better Vampires","BetterRewards","Colored Map","Colored Powertips","DeckTracker","Marked Mod","Minty Spire (QoL Compilation)","Permanent Neow","Quick Restart","StSLib","SuperFastMode"],"gold_per_floor":[116,130,149,160,235,235,235,268,320,320,21,41,41,70,70,146,146,157,135,150,41,41,73,73,73],"floor_reached":24,"playtime":673,"items_purged":["Strike_B"],"score":452,"play_id":"e6ac99ee-f01c-44eb-b059-0ab238c49674","local_time":"20201231003933","is_ascension_mode":true,"campfire_choices":[{"floor":6.0,"key":"REST"},{"data":"Zap","floor":10.0,"key":"SMITH"},{"data":"Hologram","floor":13.0,"key":"SMITH"},{"data":"Loop","floor":15.0,"key":"SMITH"}],"circlet_count":0,"master_deck":["AscendersBane","Strike_B","Strike_B","Defend_B","Defend_B","Defend_B","Zap+1","Dualcast","Gash","Hologram+1","Cold Snap","Cold Snap+1","Buffer","Loop+1","All For One+1","Reinforced Body","Gash+1","Self Repair","Ghostly","Ghostly","Ghostly"],"relics":["Empty Cage","Molten Egg 2","Oddly Smooth Stone","Toy Ornithopter","PreservedInsect","SacredBark","Gremlin Horn"],"acts_visited":["Exordium","TheCity"],"potions_floor_usage":[23,23,23,23],"damage_taken":[{"damage":4.0,"enemies":"Jaw Worm","floor":1.0,"turns":5.0},{"damage":14.0,"enemies":"Small Slimes","floor":2.0,"turns":4.0},{"damage":1.0,"enemies":"Cultist","floor":3.0,"turns":3.0},{"damage":7.0,"enemies":"Looter","floor":4.0,"turns":5.0},{"damage":41.0,"enemies":"Lagavulin","floor":8.0,"turns":8.0},{"damage":2.0,"enemies":"2 Fungi Beasts","floor":12.0,"turns":4.0},{"damage":8.0,"enemies":"Gremlin Nob","floor":14.0,"turns":5.0},{"damage":8.0,"enemies":"The Guardian","floor":16.0,"turns":12.0},{"damage":21.0,"enemies":"Shell Parasite","floor":18.0,"turns":5.0},{"damage":24.0,"enemies":"2 Thieves","floor":19.0,"turns":4.0},{"damage":12.0,"enemies":"Centurion and Healer","floor":20.0,"turns":10.0},{"damage":2,"enemies":"Slavers","floor":23,"turns":4},{"damage":35,"enemies":"Chosen and Byrds","floor":24,"turns":7}],"seed_played":"4463346995342144729","potions_obtained":[{"floor":2.0,"key":"BlessingOfTheForge"},{"floor":8.0,"key":"LiquidMemories"},{"floor":14.0,"key":"Ancient Potion"},{"floor":19.0,"key":"AttackPotion"}],"is_trial":false,"path_per_floor":["M","M","M","M","?","R","?","E","T","R","$","M","R","E","R","B",null,"M","M","M","$","?","E","M"],"character_chosen":"DEFECT","items_purchased":["Toy Ornithopter","Block Potion","EntropicBrew"],"campfire_rested":1,"item_purchase_floors":[11,11,21],"current_hp_per_floor":[60,46,45,38,27,48,71,30,30,30,30,28,28,25,25,22,59,43,19,7,7,7,25,0,0],"gold":73,"neow_bonus":"BOSS_RELIC","is_daily":false,"chose_seed":false,"campfire_upgraded":3,"win_rate":0.0,"timestamp":1609393173,"path_taken":["M","M","M","M","?","R","?","E","T","R","$","M","R","E","R","BOSS","M","M","M","?","?","E","M"],"items_purchased_type":["Relic","Potion","Potion"],"build_version":"2020-12-22","purchased_purges":1,"victory":false,"max_hp_per_floor":[71,71,71,71,71,71,71,71,71,71,71,71,71,71,71,71,71,71,71,71,71,35,35,35,35],"card_choices":[{"not_picked":["Rebound","Rip and Tear"],"picked":"Gash","floor":1.0},{"not_picked":["Force Field","Leap"],"picked":"Hologram","floor":2.0},{"not_picked":["Undo","Doom and Gloom"],"picked":"Cold Snap","floor":3.0},{"not_picked":["Rebound","Barrage"],"picked":"Double Energy","floor":4.0},{"not_picked":["Tempest","Skim"],"picked":"Cold Snap+1","floor":8.0},{"not_picked":["Barrage+1","Conserve Battery"],"picked":"Buffer","floor":12.0},{"not_picked":["Reprogram","Storm"],"picked":"Loop","floor":14.0},{"not_picked":["Biased Cognition","Multi-Cast"],"picked":"All For One+1","floor":16.0},{"not_picked":["Leap","Ball Lightning+1"],"picked":"Reinforced Body","floor":18.0},{"not_picked":["Consume","Genetic Algorithm"],"picked":"Gash+1","floor":19.0},{"not_picked":["Reprogram","Conserve Battery"],"picked":"Self Repair","floor":20.0},{"not_picked":["Sweeping Beam+1","Reinforced Body","Undo"],"picked":"SKIP","floor":23}],"player_experience":1200588,"relics_obtained":[{"floor":8.0,"key":"Molten Egg 2"},{"floor":9.0,"key":"Oddly Smooth Stone"},{"floor":14.0,"key":"PreservedInsect"},{"floor":23,"key":"Gremlin Horn"}],"event_choices":[{"damage_healed":0.0,"max_hp_gain":0.0,"max_hp_loss":0.0,"gold_gain":75.0,"event_name":"betterThird:BetterGoop","player_choice":"Gold","floor":5.0,"gold_loss":0.0,"damage_taken":11.0},{"cards_removed":["Double Energy"],"damage_healed":23.0,"max_hp_gain":0.0,"max_hp_loss":0.0,"gold_gain":0.0,"event_name":"Bonfire Elementals","player_choice":"Offered Uncommon","floor":7.0,"gold_loss":0.0,"damage_taken":0.0},{"damage_healed":0.0,"max_hp_gain":0.0,"max_hp_loss":36.0,"gold_gain":0.0,"event_name":"Ghosts","player_choice":"Became a Ghost","floor":22.0,"gold_loss":0.0,"damage_taken":0.0,"cards_obtained":["Ghostly","Ghostly","Ghostly"]}],"is_beta":false,"boss_relics":[{"not_picked":["Astrolabe","Cursed Key"],"picked":"SacredBark"}],"items_purged_floors":[11],"is_endless":false,"potions_floor_spawned":[2,8,12,14,19],"killed_by":"Chosen and Byrds","ascension_level":20}}