{"host":"se62q65hiqxz7cab","time":1609376957,"event":{"mods":["Act Like it!","BaseMod","Colored Map","Minty Spire (QoL Compilation)","Replay The Spire","StSLib","The Bug Knight","The Cursed"],"gold_per_floor":[113,126,126,142,158,189,189,210,236,236,236,259,273,273,273,273,273],"floor_reached":16,"playtime":995,"items_purged":[],"score":104,"play_id":"b795fcd5-62b6-4863-8c86-dff12b6beaa6","local_time":"20201231090917","is_ascension_mode":false,"campfire_choices":[{"floor":7,"key":"REST"},{"data":"HollowMod:MantisMark","floor":10,"key":"SMITH"}],"circlet_count":0,"master_deck":["HollowMod:NailStrikeStart","HollowMod:NailStrikeStart","HollowMod:NailStrikeStart","HollowMod:NailStrikeStart","HollowMod:QuickDashStart","HollowMod:QuickDashStart","HollowMod:QuickDashStart","HollowMod:QuickDashStart","HollowMod:FocusHealStart","HollowMod:PogoStrike","HollowMod:MantisMark+1","HollowMod:MonarchWings","HollowMod:SoulShaman","HollowMod:DashSlash","HollowMod:DesolateDive","HollowMod:ShapeofUnn","HollowMod:PureNailStrike+1","Clumsy"],"relics":["HollowMod:VesselMask","Regal Pillow","Golden Idol","HollowMod:LifeEnderRelic","Art of War"],"acts_visited":["Exordium"],"potions_floor_usage":[13,16,16],"damage_taken":[{"damage":2,"enemies":"Small Slimes","floor":1,"turns":4},{"damage":0,"enemies":"Cultist","floor":2,"turns":3},{"damage":3,"enemies":"2 Louse","floor":4,"turns":2},{"damage":0,"enemies":"Exordium Wildlife","floor":5,"turns":3},{"damage":30,"enemies":"Gremlin Nob","floor":6,"turns":5},{"damage":19,"enemies":"Large Slime","floor":8,"turns":8},{"damage":5,"enemies":"Blue Slaver","floor":12,"turns":5},{"damage":13,"enemies":"Exordium Thugs","floor":13,"turns":4},{"damage":89,"enemies":"Fading Forest","floor":16,"turns":9}],"seed_played":"7492035132325228447","potions_obtained":[{"floor":2,"key":"Adrenaline Potion"},{"floor":4,"key":"LiquidBronze"},{"floor":5,"key":"SkillPotion"}],"is_trial":false,"path_per_floor":["M","M","?","M","M","E","R","M","T","R","?","M","M","?","R_BF","B"],"character_chosen":"THE_BUGKNIGHT","items_purchased":[],"campfire_rested":1,"item_purchase_floors":[],"current_hp_per_floor":[75,75,75,72,72,42,75,66,66,66,85,80,67,67,67,0,0],"gold":273,"neow_bonus":"RANDOM_COMMON_RELIC","is_daily":false,"chose_seed":false,"campfire_upgraded":1,"win_rate":0.0,"timestamp":1609376957,"path_taken":["M","M","?","M","M","E","R","M","T","R","?","?","?","?","R_BF","BOSS"],"items_purchased_type":[],"build_version":"2020-12-22","purchased_purges":0,"victory":false,"max_hp_per_floor":[75,75,75,75,75,75,75,75,75,75,85,85,85,85,85,85,85],"card_choices":[{"not_picked":["HollowMod:SharpenedNail","HollowMod:NewLittleFool"],"picked":"HollowMod:MantisMark","floor":1},{"not_picked":["HollowMod:RecoilStrike","HollowMod:CloakDash"],"picked":"HollowMod:SoulVessel","floor":2},{"not_picked":["HollowMod:ShadowDash","HollowMod:TaintedHusks"],"picked":"HollowMod:MonarchWings","floor":4},{"not_picked":["HollowMod:SharpenedNail","HollowMod:NewJinnsSoul"],"picked":"HollowMod:SoulShaman","floor":5},{"not_picked":["HollowMod:NewJinnsSoul","HollowMod:FallenFury"],"picked":"HollowMod:theNailsmith","floor":6},{"not_picked":["HollowMod:NewGlowingWomb","HollowMod:CornifersMapStart"],"picked":"HollowMod:DashSlash","floor":8},{"not_picked":["HollowMod:AbyssShriek","HollowMod:VengefulVoid"],"picked":"HollowMod:DesolateDive","floor":12},{"not_picked":["HollowMod:InfectedCysts","HollowMod:VengefulVoid"],"picked":"HollowMod:ShapeofUnn","floor":13}],"player_experience":135510,"relics_obtained":[{"floor":6,"key":"HollowMod:LifeEnderRelic"},{"floor":9,"key":"Art of War"}],"event_choices":[{"damage_healed":0,"gold_gain":0,"player_choice":"Take Wound","damage_taken":0,"relics_obtained":["Golden Idol"],"max_hp_gain":0,"max_hp_loss":0,"event_name":"Golden Idol","floor":3,"gold_loss":0,"cards_obtained":["Injury"]},{"cards_removed":["HollowMod:theNailsmith"],"damage_healed":9,"gold_gain":0,"player_choice":"Offered Rare","damage_taken":0,"max_hp_gain":10,"max_hp_loss":0,"event_name":"Bonfire Elementals","floor":11,"gold_loss":0}],"is_beta":false,"boss_relics":[],"items_purged_floors":[],"is_endless":false,"potions_floor_spawned":[2,4,5,12],"killed_by":"Fading Forest","ascension_level":0}}