{"host":"ds28d883r3sz42zs","time":1609391537,"event":{"mods":["2.2 Compatiblity","AchievementEnabler","Act Like it!","Aspiration","BaseMod","Bestiary","Better Match","Better Sensory Stone","Better Third Choice","Better-Laid Plans","BetterRewards","Block Reminder","Challenge The Spire","Colored Map","Colored Powertips","Conspire","DeckTracker","Defuse TimeMaze Blight","Disable Question Mark Monsters","Displayed Cursed Tome","Emptier Cage","GifTheSpireLib","Gold Saver","Hallownest","Hubris","Infinite Spire","Jedi Mod","Minty Spire (QoL Compilation)","Permanent Neow","Practice Mode","Quick Restart","Random Character Button","Rare Cards Sparkle","Relic Filter","Relic Sorter","Relic Stats","Replay The Spire","SacredBarkPlus","Shop Mod","StSLib","Stuff the Spire","SuperFastMode","The Bug Knight","Uncapped","Unknown Chances"],"gold_per_floor":[170,45,45,62,81,81,81],"floor_reached":6,"playtime":190,"items_purged":["Strike_B"],"score":63,"play_id":"12d1844a-b0d2-4afc-a42f-440807ccadc5","local_time":"20201231001217","is_ascension_mode":true,"campfire_choices":[],"circlet_count":0,"master_deck":["AscendersBane","Strike_B","Strike_B","Strike_B","Defend_B+1","Defend_B","Defend_B","Defend_B","Zap","Dualcast","Barrage","Leg Sweep+1","Hologram","Reprogram"],"relics":["Cracked Core","hubris:TenFootPole"],"acts_visited":["Exordium"],"potions_floor_usage":[],"damage_taken":[{"damage":5.0,"enemies":"Small Slimes","floor":1.0,"turns":3.0},{"damage":0.0,"enemies":"2 Louse","floor":4.0,"turns":2.0},{"damage":1.0,"enemies":"Cultist","floor":5.0,"turns":4.0},{"damage":24,"enemies":"Gremlin Nob","floor":6,"turns":3}],"seed_played":"-4902219943437019595","potions_obtained":[],"is_trial":false,"path_per_floor":["M","$","?","M","M","E"],"character_chosen":"DEFECT","items_purchased":["Fire Potion"],"campfire_rested":0,"item_purchase_floors":[2],"current_hp_per_floor":[59,59,23,23,22,0,0],"gold":81,"neow_bonus":"UPGRADE_CARD","is_daily":false,"chose_seed":false,"campfire_upgraded":0,"win_rate":0.0,"timestamp":1609391537,"path_taken":["M","$","?","M","M","E"],"items_purchased_type":["Potion"],"build_version":"2020-12-22","purchased_purges":1,"victory":false,"max_hp_per_floor":[71,71,71,71,71,71,71],"relic_stats":{"counters":[4,12],"obtain_stats":[{"hubris:TenFootPole":3,"Cracked Core":0},{"hubris:TenFootPole":1,"Cracked Core":0},{"hubris:TenFootPole":3,"Cracked Core":0}]},"card_choices":[{"not_picked":["Leap","hubris:PowerSurge"],"picked":"Barrage","floor":1.0},{"not_picked":["ReplayTheSpireMod:Calculation Training","jedi:BurstFrost"],"picked":"Hologram","floor":4.0},{"not_picked":["ReplayTheSpireMod:Calculation Training","BootSequence"],"picked":"Reprogram","floor":5.0}],"player_experience":756214,"relics_obtained":[],"event_choices":[],"is_beta":false,"boss_relics":[],"items_purged_floors":[2],"is_endless":false,"potions_floor_spawned":[],"killed_by":"Gremlin Nob","ascension_level":15}}