{"host":"m2aw30g9f05gqalt","time":1609434267,"event":{"mods":["Ascension Reborn","BaseMod","Beaked The Cultist","BetterRewards","Card Forge","Clawfect","Custom Start","Defuse TimeMaze Blight","Hubris","Infinite Spire","Marisa????????","Mimic Mod","Minty Spire (QoL Compilation)","Replay The Spire","Shop Mod","StSLib","The Bladedancer","The Construct","The Cursed","The Disciple","The Exalted","The Factory","The Florist","The Mystic","The Necromancer","The Servant 0.9.4","The Valiant"],"gold_per_floor":[111,124,138,138,151,186,186,31,56,91,111,121,45,55,55,150,150,163,173,113,113,130,159,159,170,170,190,200,200,226,7,7,106,106,131,131,54,74,94,94,118,118,158,158,195,224,250,250,250,250,250,250,96,127,127,127],"floor_reached":55,"playtime":4712,"items_purged":[],"score":1028,"play_id":"a9b5d1c1-9018-41fb-bfbd-444d4fb4ac35","local_time":"20201231110427","is_ascension_mode":true,"campfire_choices":[{"data":"Clawfect:ScrapingClaw","floor":7,"key":"SMITH"},{"data":"hubris:PowerSurge","floor":15,"key":"SMITH"},{"data":"Replay:Fractal Strike","floor":24,"key":"SMITH"},{"floor":32,"key":"REST"},{"floor":40,"key":"RECALL"},{"floor":42,"key":"REST"},{"floor":44,"key":"REST"},{"data":"Replay:Fractal Strike","floor":49,"key":"SMITH"},{"floor":52,"key":"REST"}],"circlet_count":0,"master_deck":["Gash+1","Gash+1","Gash+1","Gash+1","Gash+1","Defend_B+1","Defend_B+1","Defend_B+1","Defend_B+1","Clawfect:ClawForTheEyes+1","Clawfect:ClawSnap+1","BootSequence+1","Clawfect:Clawter+1","Clawfect:ScrapingClaw+1","Panic Button+1","Conserve Battery+1","Clawfect:ScrapingClaw+1","Clawfect:ScrapingClaw+1","Rebound+1","hubris:PowerSurge+1","Clawfect:ClawForOne+1","Clawfect:ClawForTheEyes+1","Clawfect:Clawrage+1","Replay:Fractal Strike+1","FTL+1","Clawfect:ClawSnap+1","Clawfect:Clawrage+1","Clawfect:ClawForTheEyes+1","Blizzard+1","infinitespire:FutureSight+1","FTL+1","hubris:PowerSurge+1","Core Surge+1","Clawfect:ClawSnap+1","Gash+1","Clawfect:ClawAndTear+1","Glacier+1","Panic Button+1","Clawfect:ClawingBeam+1","Gash+1","Clawfect:Clawrage+1","Static Discharge+1","Glacier+1","Clawfect:ClawCell+1","Gash+1","Skim+1","Clawfect:ClawCell+1","Gash+1","Replay:Fractal Strike+1","Panic Button"],"relics":["Clawfect:DRClaw","Hammer of Thor","Seething Fire","Anvil of the Gods","Centennial Puzzle","infinitespire:Freezer","Regal Pillow","Bromod:ArcaneUltimatum","infinitespire:Cupcake","Bag of Marbles","Prayer Wheel","hubris:TenFootPole","Runic Capacitor","Nuclear Battery","infinitespire:EvilPickle","hubris:BundleOfHerbs","Bromod:ArcaneNullifier","Replay:Antivirus Software","Eternal Feather"],"acts_visited":["Exordium","TheCity","TheBeyond","TheEnding"],"potions_floor_usage":[54],"damage_taken":[{"damage":7,"enemies":"Cultist","floor":1,"turns":5},{"damage":6,"enemies":"Jaw Worm","floor":2,"turns":4},{"damage":0,"enemies":"Small Slimes","floor":3,"turns":4},{"damage":5,"enemies":"Exordium Thugs","floor":5,"turns":5},{"damage":17,"enemies":"Gremlin Nob","floor":6,"turns":5},{"damage":0,"enemies":"Lagavulin","floor":10,"turns":5},{"damage":0,"enemies":"Blue Slaver","floor":11,"turns":4},{"damage":0,"enemies":"Red Slaver","floor":12,"turns":4},{"damage":2,"enemies":"Exordium Thugs","floor":14,"turns":4},{"damage":36,"enemies":"The Guardian","floor":16,"turns":7},{"damage":0,"enemies":"Spheric Guardian","floor":18,"turns":3},{"damage":0,"enemies":"Shell Parasite","floor":19,"turns":5},{"damage":0,"enemies":"Sentry and Sphere","floor":22,"turns":3},{"damage":30,"enemies":"Gremlin Leader","floor":23,"turns":4},{"damage":0,"enemies":"Shelled Parasite and Fungi","floor":25,"turns":4},{"damage":12,"enemies":"Centurion and Healer","floor":27,"turns":3},{"damage":0,"enemies":"3 Cultists","floor":28,"turns":4},{"damage":1,"enemies":"Slavers","floor":30,"turns":3},{"damage":1,"enemies":"Pondfish","floor":33,"turns":7},{"damage":0,"enemies":"3 Darklings","floor":35,"turns":3},{"damage":23,"enemies":"3 Shapes","floor":38,"turns":3},{"damage":7,"enemies":"3 Darklings","floor":39,"turns":4},{"damage":0,"enemies":"Sphere and 2 Shapes","floor":41,"turns":4},{"damage":14,"enemies":"Spire Growth","floor":43,"turns":4},{"damage":0,"enemies":"Giant Head","floor":45,"turns":5},{"damage":0,"enemies":"Spire Growth","floor":46,"turns":5},{"damage":0,"enemies":"Transient","floor":47,"turns":5},{"damage":18,"enemies":"Donu and Deca","floor":50,"turns":5},{"damage":18,"enemies":"Shield and Spear","floor":54,"turns":3},{"damage":68,"enemies":"The Heart","floor":55,"turns":3}],"seed_played":"-6598780511385324898","potions_obtained":[{"floor":22,"key":"Energy Potion"},{"floor":36,"key":"Adrenaline Potion"},{"floor":36,"key":"SmokeBomb"}],"is_trial":false,"path_per_floor":["M","M","M","?","M","E","R","$","T","E","M","M","$","M","R","B",null,"M","M","?","?","M","E","R","M","T","M","M","AVR","E","$","R","B",null,"M","?","$","M","M","R","M","R","MIM","R","E","M","M","AVR","R","B",null,"R","$","E","B"],"character_chosen":"DEFECT","items_purchased":["infinitespire:Freezer","Clawfect:ScrapingClaw","Rebound","hubris:PowerSurge","Runic Capacitor","Clawfect:ClawAndTear","Replay:Antivirus Software"],"campfire_rested":4,"item_purchase_floors":[8,13,13,31,31,37,53],"current_hp_per_floor":[75,69,69,69,64,47,47,47,47,47,47,47,47,45,45,9,82,82,82,82,82,82,52,52,52,52,40,40,40,39,39,78,77,82,82,82,82,59,52,52,52,82,68,82,82,82,82,82,82,64,82,82,82,64,0,0],"gold":127,"neow_bonus":"TEN_PERCENT_HP_BONUS","is_daily":false,"chose_seed":false,"campfire_upgraded":4,"win_rate":0.0,"timestamp":1609434267,"path_taken":["M","M","?","?","M","E","R","?","T","E","M","M","$","M","R","BOSS","M","M","?","?","M","E","R","M","T","?","M","AVR","E","$","R","BOSS","M","?","$","M","M","R","?","R","MIM","R","E","M","M","AVR","R","BOSS","R","$","E","BOSS"],"items_purchased_type":["Relic","Card","Card","Card","Relic","Card","Relic"],"build_version":"2020-12-22","purchased_purges":0,"victory":false,"max_hp_per_floor":[82,82,82,82,82,82,82,82,82,82,82,82,82,82,82,82,82,82,82,82,82,82,82,82,82,82,82,82,82,82,82,82,82,82,82,82,82,82,82,82,82,82,82,82,82,82,82,82,82,82,82,82,82,82,82,82],"card_choices":[{"not_picked":["Aggregate","hubris:Ukulele"],"picked":"Clawfect:ClawForTheEyes","floor":1},{"not_picked":["Redo","Clawfect:Clawline"],"picked":"Clawfect:ClawSnap","floor":2},{"not_picked":["Conserve Battery","Stack"],"picked":"BootSequence","floor":3},{"not_picked":["hubris:Ukulele","Capacitor"],"picked":"Clawfect:Clawter","floor":5},{"not_picked":["Stack","Undo"],"picked":"Clawfect:ScrapingClaw","floor":6},{"not_picked":["Chill","Chaos"],"picked":"Panic Button","floor":10},{"not_picked":["Glacier","Force Field"],"picked":"Conserve Battery","floor":11},{"not_picked":["ReplaySolidLightProjector","Stack"],"picked":"Clawfect:ScrapingClaw","floor":12},{"not_picked":["Clawfect:Clawrage","BasicCrystalCard"],"picked":"hubris:PowerSurge","floor":14},{"not_picked":["Creative AI","Machine Learning"],"picked":"Clawfect:ClawForOne","floor":16},{"not_picked":["FIFO Queue","Panic Button+1"],"picked":"Clawfect:ClawForTheEyes+1","floor":18},{"not_picked":["ReplayTheSpireMod:GoodbyeWorld","Gash+1"],"picked":"Clawfect:Clawrage","floor":19},{"not_picked":["Redo","Panic Button+1"],"picked":"FTL+1","floor":22},{"not_picked":["White Noise","Conserve Battery"],"picked":"Clawfect:ClawSnap","floor":23},{"not_picked":["Stack","Buffer"],"picked":"Clawfect:Clawrage+1","floor":25},{"not_picked":["Clawfect:Clawline","Consume"],"picked":"Clawfect:ClawForTheEyes+1","floor":27},{"not_picked":["FTL","Conserve Battery"],"picked":"Blizzard","floor":28},{"not_picked":["BasicCrystalCard","Fusion"],"picked":"FTL","floor":30},{"not_picked":["Echo Form","Clawfect:ClawForOne"],"picked":"Core Surge","floor":33},{"not_picked":["Aggregate","Reinforced Body+1"],"picked":"Clawfect:ClawSnap","floor":35},{"not_picked":["Darkness","Double Energy"],"picked":"Gash+1","floor":35},{"not_picked":["Loop","Tempest+1"],"picked":"Glacier","floor":38},{"not_picked":["Consume+1","FIFO Queue+1"],"picked":"Panic Button+1","floor":38},{"not_picked":["Panic Button","Redo+1"],"picked":"Clawfect:ClawingBeam+1","floor":39},{"not_picked":["Steam Power+1","Clawfect:Clawter"],"picked":"Gash+1","floor":39},{"not_picked":["Coolheaded+1","Clawfect:ClawpileDriver+1"],"picked":"Clawfect:Clawrage","floor":41},{"not_picked":["Clawfect:ClawCell","Leap"],"picked":"Static Discharge","floor":41},{"not_picked":["Clawfect:Clawter","Lockon+1"],"picked":"Glacier","floor":43},{"not_picked":["Clawfect:ClawLightning","Clawfect:Clawter"],"picked":"Clawfect:ClawCell","floor":45},{"not_picked":["Clawfect:Clawline+1","Clawfect:ClawpileDriver+1"],"picked":"Gash+1","floor":46},{"not_picked":["Clawfect:Clawter","Coolheaded+1"],"picked":"Skim+1","floor":46},{"not_picked":["ReplayRNGCard","Sunder"],"picked":"Clawfect:ClawCell","floor":47},{"not_picked":["Hologram","Leap+1"],"picked":"Gash","floor":47},{"not_picked":["Clawfect:ClawLightning","Stack"],"picked":"Panic Button","floor":54}],"player_experience":868769,"relics_obtained":[{"floor":6,"key":"Centennial Puzzle"},{"floor":9,"key":"Regal Pillow"},{"floor":10,"key":"Bromod:ArcaneUltimatum"},{"floor":23,"key":"Bag of Marbles"},{"floor":30,"key":"hubris:TenFootPole"},{"floor":43,"key":"hubris:BundleOfHerbs"},{"floor":45,"key":"Bromod:ArcaneNullifier"},{"floor":54,"key":"Eternal Feather"}],"event_choices":[{"cards_removed":["Defend_B"],"damage_healed":0,"gold_gain":0,"player_choice":"Offered Basic","damage_taken":0,"max_hp_gain":0,"max_hp_loss":0,"event_name":"Bonfire Elementals","floor":4,"gold_loss":0},{"damage_healed":0,"gold_gain":0,"cards_transformed":["hubris:Rewind"],"player_choice":"Transformed","damage_taken":0,"max_hp_gain":0,"max_hp_loss":0,"event_name":"Transmorgrifier","floor":21,"gold_loss":0,"cards_obtained":["Replay:Fractal Strike"]},{"damage_healed":0,"gold_gain":0,"player_choice":"Got Potions","damage_taken":0,"max_hp_gain":0,"max_hp_loss":0,"event_name":"Lab","floor":36,"gold_loss":0}],"is_beta":false,"boss_relics":[{"not_picked":["Replay:Wanted Poster","hubris:TerracottaHorce"],"picked":"infinitespire:Cupcake"},{"not_picked":["Busted Crown","Sozu"],"picked":"Nuclear Battery"}],"items_purged_floors":[],"is_endless":false,"potions_floor_spawned":[2,5,6,14,16,18,22,28,30,33,38,39,41,45,47],"killed_by":"The Heart","ascension_level":0}}