{"host":"dh4nu8nelr2izibb","time":1609454722,"event":{"mods":["Act Like it!","BaseMod","Better Third Choice","Card Forge","Curses Come First","Displayed Cursed Tome","Evolution","HololiveMod","Marisa????????","Minty Spire (QoL Compilation)","Puzzle Mod","Quick Restart","Relic Filter","StSLib","The Marked","The Poker Player","The Servant 0.9.4","WarShipGirlsR/????R mod","Yakumo Yukari mod"],"gold_per_floor":[112,38,51,62,62,62,88,88,88,88,121,132,132,159,159,233,233,244,244,244,84,84],"floor_reached":21,"playtime":497,"items_purged":[],"score":490,"play_id":"051bd7fc-1f4f-43f3-92f6-0e6f7957117c","local_time":"20201231174522","is_ascension_mode":true,"campfire_choices":[{"data":"Glass Knife","floor":6,"key":"SMITH"},{"data":"Footwork","floor":8,"key":"SMITH"},{"data":"Predator","floor":10,"key":"SMITH"},{"data":"Wraith Form v2","floor":13,"key":"SMITH"},{"data":"Dagger Spray","floor":15,"key":"SMITH"}],"circlet_count":0,"master_deck":["AscendersBane","Quick Slash+1","Quick Slash","Strike_G+1","Defend_G","Defend_G","Defend_G","Defend_G","Survivor","Neutralize+1","Predator+1","Footwork+1","Glass Knife+1","Wraith Form v2+1","Backflip","Dagger Spray+1","Glass Knife","Adrenaline","Backflip","Leg Sweep","Dagger Throw+1"],"relics":["Ring of the Snake","Hammer of Thor","Seething Fire","Anvil of the Gods","EVO:Axolotl","NeowsBlessing","Tough Bandages","Whetstone","PreservedInsect","Toy Ornithopter","Cursed Key","Orrery"],"acts_visited":["Exordium","TheCity"],"potions_floor_usage":[16],"damage_taken":[{"damage":0,"enemies":"Small Slimes","floor":1,"turns":1},{"damage":0,"enemies":"Cultist","floor":3,"turns":1},{"damage":0,"enemies":"Jaw Worm","floor":4,"turns":1},{"damage":3,"enemies":"Gremlin Nob","floor":7,"turns":3},{"damage":14,"enemies":"3 Sentries","floor":11,"turns":6},{"damage":7,"enemies":"Gremlin Gang","floor":12,"turns":4},{"damage":1,"enemies":"Gremlin Nob","floor":14,"turns":3},{"damage":0,"enemies":"Slime Boss","floor":16,"turns":6},{"damage":0,"enemies":"3 Byrds","floor":18,"turns":5}],"seed_played":"855624374026807502","potions_obtained":[{"floor":4,"key":"Weak Potion"},{"floor":7,"key":"Poison Potion"},{"floor":11,"key":"Strength Potion"},{"floor":18,"key":"CunningPotion"}],"is_trial":false,"path_per_floor":["M","$","M","M","?","R","E","R","T","R","E","M","R","E","R","B",null,"M","?","?","$"],"character_chosen":"THE_SILENT","items_purchased":["Footwork","Orrery"],"campfire_rested":0,"item_purchase_floors":[2,21],"current_hp_per_floor":[59,59,59,59,59,59,56,56,56,56,42,35,35,34,34,39,59,59,59,66,66,66],"gold":84,"neow_bonus":"THREE_ENEMY_KILL","is_daily":false,"chose_seed":false,"campfire_upgraded":5,"win_rate":0.0,"timestamp":1609454722,"path_taken":["M","$","M","M","?","R","E","R","T","R","E","?","R","E","R","BOSS","M","?","?","$"],"items_purchased_type":["Card","Relic"],"build_version":"2020-12-22","purchased_purges":0,"victory":false,"max_hp_per_floor":[66,66,66,66,66,66,66,66,66,66,66,66,66,66,66,66,66,66,66,66,66,66],"card_choices":[{"not_picked":["Well Laid Plans","Dodge and Roll"],"picked":"Predator","floor":1},{"not_picked":["Quick Slash","Poisoned Stab"],"picked":"Masterful Stab","floor":3},{"not_picked":["Slice","Eviscerate"],"picked":"Glass Knife","floor":4},{"not_picked":["Quick Slash","Bane","Well Laid Plans"],"picked":"SKIP","floor":7},{"not_picked":["Quick Slash","Infinite Blades"],"picked":"Wraith Form v2","floor":11},{"not_picked":["Noxious Fumes","Well Laid Plans"],"picked":"Backflip","floor":12},{"not_picked":["Cloak And Dagger","Adrenaline"],"picked":"Dagger Spray","floor":14},{"not_picked":["Doppelganger","Wraith Form v2"],"picked":"Glass Knife","floor":16},{"not_picked":["Outmaneuver+1","Underhanded Strike","Quick Slash"],"picked":"SKIP","floor":18},{"not_picked":["Grand Finale","Skewer"],"picked":"Adrenaline","floor":21},{"not_picked":["Calculated Gamble","Flechettes"],"picked":"Backflip","floor":21},{"not_picked":["Expertise","Skewer"],"picked":"Leg Sweep","floor":21},{"not_picked":["Backstab","Night Terror"],"picked":"Dagger Throw+1","floor":21}],"player_experience":1133604,"relics_obtained":[{"floor":7,"key":"Tough Bandages"},{"floor":9,"key":"Whetstone"},{"floor":11,"key":"PreservedInsect"},{"floor":14,"key":"Toy Ornithopter"}],"event_choices":[{"cards_removed":["Strike_G"],"damage_healed":0,"gold_gain":0,"player_choice":"Card Removal","damage_taken":0,"max_hp_gain":0,"max_hp_loss":0,"event_name":"Wheel of Change","floor":5,"gold_loss":0},{"damage_healed":0,"gold_gain":0,"player_choice":"Ignored","damage_taken":0,"max_hp_gain":0,"max_hp_loss":0,"event_name":"Ghosts","floor":19,"gold_loss":0},{"cards_removed":["Masterful Stab"],"damage_healed":7,"gold_gain":0,"player_choice":"Offered Uncommon","damage_taken":0,"max_hp_gain":0,"max_hp_loss":0,"event_name":"Bonfire Elementals","floor":20,"gold_loss":0}],"is_beta":false,"boss_relics":[{"not_picked":["SlaversCollar","Philosopher\u0027s Stone"],"picked":"Cursed Key"}],"items_purged_floors":[],"is_endless":false,"potions_floor_spawned":[4,7,11,18],"ascension_level":20}}