{"host":"m2aw30g9f05gqalt","time":1609445918,"event":{"mods":["Ascension Reborn","BaseMod","Beaked The Cultist","BetterRewards","Card Forge","Clawfect","Custom Start","Defuse TimeMaze Blight","Hubris","Infinite Spire","Marisa????????","Mimic Mod","Minty Spire (QoL Compilation)","Replay The Spire","Shop Mod","StSLib","The Bladedancer","The Construct","The Cursed","The Disciple","The Exalted","The Factory","The Florist","The Mystic","The Necromancer","The Servant 0.9.4","The Valiant"],"gold_per_floor":[109,126,138,154,164,182,182,197,197,228,228,246,246,256,256,352,352,369,389,401,413,413,413,428,35,35,66,66,92,192,192,192,295,295,306,306,306,86,106,106,106],"floor_reached":40,"playtime":3515,"items_purged":[],"score":507,"play_id":"b6d21731-384c-4b05-9bd7-4a374b509d90","local_time":"20201231141838","is_ascension_mode":true,"campfire_choices":[{"floor":11,"key":"REST"},{"floor":13,"key":"REST"},{"floor":15,"key":"RECALL"},{"floor":23,"key":"REST"},{"floor":32,"key":"REST"}],"circlet_count":0,"master_deck":["Strike_P+1","Strike_P+1","Strike_P+1","Strike_P+1","Defend_P+1","Defend_P+1","Defend_P+1","Defend_P+1","Eruption+1","Vigilance+1","Bromod:Defend_Bro+1","mysticmod:ShockingGrasp+1","Replay:Hum+1","FlurryOfBlows+1","JustLucky+1","FlyingSleeves+1","Replay:BluntJabs+1","Crescendo+1","WheelKick+1","Crescendo+1","Replay:BluntJabs+1","TalkToTheHand+1","Vault+1","CutThroughFate+1","Replay:Battleflow+1","Acrobatics+1","Consecrate+1","Deep Breath+1","Replay:ManipulateFuture+1","Weave+1","Adaptation+1","Replay:Vibes"],"relics":["PureWater","Hammer of Thor","Seething Fire","Anvil of the Gods","Bromod:ArcaneAegis","Nunchaku","SacredBark","beaked:SacredDeck","MerchantsRug","Bronze Scales","Oddly Smooth Stone","Tiny Chest","hubris:MobiusCoin","infinitespire:Joker Card","Fusion Hammer","Vajra","Strawberry"],"acts_visited":["Exordium","TheCity","TheBeyond"],"potions_floor_usage":[30,39,40],"damage_taken":[{"damage":14,"enemies":"2 Louse","floor":1,"turns":2},{"damage":0,"enemies":"Cultist","floor":2,"turns":2},{"damage":16,"enemies":"Small Slimes","floor":3,"turns":2},{"damage":0,"enemies":"Looter","floor":4,"turns":2},{"damage":2,"enemies":"3 Louse","floor":5,"turns":2},{"damage":17,"enemies":"Exordium Wildlife","floor":6,"turns":4},{"damage":0,"enemies":"2 Fungi Beasts","floor":8,"turns":2},{"damage":12,"enemies":"Lagavulin","floor":10,"turns":3},{"damage":1,"enemies":"Large Slime","floor":12,"turns":2},{"damage":3,"enemies":"Exordium Wildlife","floor":14,"turns":2},{"damage":11,"enemies":"Fading Forest","floor":16,"turns":11},{"damage":5,"enemies":"Spheric Guardian","floor":18,"turns":3},{"damage":17,"enemies":"Shell Parasite","floor":19,"turns":4},{"damage":6,"enemies":"Snake Plant","floor":20,"turns":3},{"damage":0,"enemies":"Cultist and Chosen","floor":21,"turns":5},{"damage":5,"enemies":"Centurion and Healer","floor":24,"turns":4},{"damage":41,"enemies":"Book of Stabbing","floor":27,"turns":3},{"damage":21,"enemies":"Slavers","floor":29,"turns":4},{"damage":0,"enemies":"Colosseum Slavers","floor":30,"turns":2},{"damage":7,"enemies":"Colosseum Nobs","floor":30,"turns":3},{"damage":23,"enemies":"hubris:MusketHawk","floor":33,"turns":5},{"damage":12,"enemies":"Orb Walker","floor":35,"turns":3},{"damage":5,"enemies":"3 Darklings","floor":39,"turns":5},{"damage":86,"enemies":"Reptomancer","floor":40,"turns":2}],"seed_played":"941522321450018076","potions_obtained":[{"floor":10,"key":"Strength Potion"},{"floor":24,"key":"BottledMiracle"},{"floor":27,"key":"BottledMiracle"},{"floor":30,"key":"SteroidPotion"},{"floor":33,"key":"Adrenaline Potion"}],"is_trial":false,"path_per_floor":["M","M","M","M","M","M","?","M","T","E","R","M","R","M","R","B",null,"M","M","M","M","AVR","R","M","$","T","E","?","E","?","?","R","B",null,"M","?","T","$","M","E"],"character_chosen":"WATCHER","items_purchased":["MerchantsRug","Bronze Scales","Deep Breath","Replay:Vibes","Strawberry"],"campfire_rested":4,"item_purchase_floors":[25,25,25,38,38],"current_hp_per_floor":[72,72,56,56,54,37,37,37,37,25,50,49,74,71,71,60,86,81,64,58,58,58,83,78,78,78,37,65,44,37,37,62,39,86,74,77,77,84,79,0,0],"gold":106,"neow_bonus":"TWENTY_PERCENT_HP_BONUS","is_daily":false,"chose_seed":false,"campfire_upgraded":0,"win_rate":0.0,"timestamp":1609445918,"path_taken":["M","M","M","M","M","M","?","M","T","E","R","?","R","M","R","BOSS","M","M","M","M","AVR","R","M","$","T","E","?","E","?","?","R","BOSS","M","?","?","?","M","E"],"items_purchased_type":["Relic","Relic","Card","Card","Relic"],"build_version":"2020-12-22","purchased_purges":0,"victory":false,"max_hp_per_floor":[86,86,86,86,86,86,86,86,86,86,86,86,86,86,86,86,86,86,86,86,86,86,86,86,86,86,86,86,86,86,86,86,86,86,86,89,89,96,96,96,96],"card_choices":[{"not_picked":["FlurryOfBlows","EmptyMind"],"picked":"Replay:Hum","floor":1},{"not_picked":["Halt","LikeWater"],"picked":"FlurryOfBlows","floor":2},{"not_picked":["Prostrate","CrushJoints"],"picked":"JustLucky","floor":3},{"not_picked":["Omniscience","Pray"],"picked":"FlyingSleeves","floor":4},{"not_picked":["ReachHeaven","FlurryOfBlows"],"picked":"Replay:BluntJabs","floor":5},{"not_picked":["FearNoEvil","Replay:ManipulateFuture"],"picked":"Crescendo","floor":6},{"not_picked":["Collect","Wireheading"],"picked":"WheelKick","floor":8},{"not_picked":["Nirvana","Wallop"],"picked":"Crescendo","floor":10},{"not_picked":["PathToVictory","SashWhip"],"picked":"Replay:BluntJabs","floor":12},{"not_picked":["WheelKick","DeceiveReality"],"picked":"TalkToTheHand","floor":14},{"not_picked":["Judgement","Scrawl"],"picked":"Vault","floor":16},{"not_picked":["CrushJoints","ThirdEye","Collect"],"picked":"SKIP","floor":18},{"not_picked":["Replay:AtTheReady","Evaluate"],"picked":"CutThroughFate","floor":19},{"not_picked":["Halt","Pray","Vault"],"picked":"SKIP","floor":20},{"not_picked":["ClearTheMind+1","Halt"],"picked":"Replay:Battleflow","floor":21},{"not_picked":["Replay:BluntJabs","Halt"],"picked":"Consecrate","floor":24},{"not_picked":["Prostrate+1","Crescendo"],"picked":"Replay:ManipulateFuture+1","floor":27},{"not_picked":["Replay:BluntJabs","Swivel"],"picked":"Weave","floor":29},{"not_picked":["Perseverance+1","BowlingBash"],"picked":"Adaptation","floor":30},{"not_picked":["Replay:ManipulateFuture","Nirvana+1","Fasting2+1"],"picked":"SKIP","floor":35},{"not_picked":["CrushJoints","SashWhip","ClearTheMind"],"picked":"SKIP","floor":39}],"player_experience":879602,"relics_obtained":[{"floor":9,"key":"Bromod:ArcaneAegis"},{"floor":10,"key":"Nunchaku"},{"floor":27,"key":"Oddly Smooth Stone"},{"floor":29,"key":"Tiny Chest"},{"floor":30,"key":"hubris:MobiusCoin"},{"floor":30,"key":"infinitespire:Joker Card"},{"floor":37,"key":"Vajra"}],"event_choices":[{"damage_healed":0,"gold_gain":0,"player_choice":"Ignored","damage_taken":0,"max_hp_gain":0,"max_hp_loss":0,"event_name":"NoteForYourself","floor":7,"gold_loss":0},{"damage_healed":28,"gold_gain":0,"player_choice":"Heal","damage_taken":0,"max_hp_gain":0,"max_hp_loss":0,"event_name":"The Library","floor":28,"gold_loss":0},{"damage_healed":0,"gold_gain":0,"player_choice":"Fight","damage_taken":0,"max_hp_gain":0,"max_hp_loss":0,"event_name":"Colosseum","floor":30,"gold_loss":0},{"damage_healed":0,"gold_gain":0,"player_choice":"Fought Nobs","damage_taken":0,"max_hp_gain":0,"max_hp_loss":0,"event_name":"Colosseum","floor":30,"gold_loss":0}],"is_beta":false,"boss_relics":[{"not_picked":["Black Star","Calling Bell"],"picked":"SacredBark"},{"not_picked":["hubris:HollowSoul","ReplayTheSpireMod:SealedPack"],"picked":"Fusion Hammer"}],"items_purged_floors":[],"is_endless":false,"potions_floor_spawned":[3,5,6,10,12,24,27,30,30,33,35],"killed_by":"Reptomancer","ascension_level":0}}