{"host":"raai0vtvcfkt8csp","time":1609389501,"event":{"mods":["2.2 Compatiblity","AchievementEnabler","BaseMod","Block Reminder","DeckTracker","Defective Defect","GifTheSpireLib","Minty Spire (QoL Compilation)","Quick Restart","Random Character Button","Rare Cards Sparkle","StSLib","Unceasing Turn Reminder"],"gold_per_floor":[109,120,23,98,117,146,146,174,224,224,224,224,240,259,259,354,354,370,37,49,49,66,99,99,118,118,136,168,185,0,11,11,11,11],"floor_reached":33,"playtime":2237,"items_purged":[],"score":365,"play_id":"1c79cf7c-5a7a-4748-a4a7-dc5a20dd0681","local_time":"20201231053821","is_ascension_mode":true,"campfire_choices":[{"floor":7,"key":"REST"},{"floor":12,"key":"REST"},{"floor":15,"key":"REST"},{"data":"BattleHymn","floor":24,"key":"SMITH"},{"floor":32,"key":"RECALL"}],"circlet_count":0,"master_deck":["Strike_P","Strike_P","Strike_P","Strike_P","Defend_P","Defend_P","Defend_P","Defend_P","Eruption","Vigilance","CutThroughFate","PathToVictory","Adaptation","Consecrate","Swivel","TalkToTheHand","Establishment","Crescendo","Evaluate","SpiritShield","CutThroughFate","BattleHymn+1","WheelKick","WindmillStrike","TalkToTheHand","PathToVictory","Ragnarok","PathToVictory+1","PathToVictory","TalkToTheHand"],"relics":["HolyWater","NeowsBlessing","HornCleat","Toy Ornithopter","Dead Branch","Yang","Sundial","Vajra","Prayer Wheel"],"acts_visited":["Exordium","TheCity"],"potions_floor_usage":[6,8,20,22,23,28,33,33],"damage_taken":[{"damage":0,"enemies":"Cultist","floor":1,"turns":1},{"damage":0,"enemies":"2 Louse","floor":2,"turns":1},{"damage":0,"enemies":"Jaw Worm","floor":5,"turns":1},{"damage":28,"enemies":"Gremlin Nob","floor":6,"turns":3},{"damage":24,"enemies":"3 Sentries","floor":8,"turns":7},{"damage":2,"enemies":"Looter","floor":13,"turns":4},{"damage":5,"enemies":"Exordium Thugs","floor":14,"turns":5},{"damage":17,"enemies":"Hexaghost","floor":16,"turns":9},{"damage":0,"enemies":"Chosen","floor":18,"turns":4},{"damage":0,"enemies":"Spheric Guardian","floor":20,"turns":3},{"damage":8,"enemies":"Shelled Parasite and Fungi","floor":22,"turns":4},{"damage":0,"enemies":"Gremlin Leader","floor":23,"turns":5},{"damage":2,"enemies":"Snake Plant","floor":25,"turns":4},{"damage":1,"enemies":"Centurion and Healer","floor":27,"turns":4},{"damage":8,"enemies":"Slavers","floor":28,"turns":5},{"damage":6,"enemies":"Shelled Parasite and Fungi","floor":29,"turns":6},{"damage":0,"enemies":"Snake Plant","floor":31,"turns":4},{"damage":67,"enemies":"Champ","floor":33,"turns":11}],"seed_played":"-5592186647470468293","potions_obtained":[{"floor":1,"key":"Swift Potion"},{"floor":6,"key":"Strength Potion"},{"floor":13,"key":"StancePotion"},{"floor":16,"key":"Block Potion"},{"floor":18,"key":"Block Potion"},{"floor":21,"key":"Ambrosia"},{"floor":23,"key":"PowerPotion"},{"floor":28,"key":"Fire Potion"},{"floor":29,"key":"Ancient Potion"}],"is_trial":false,"path_per_floor":["M","M","$","?","M","E","R","E","T","?","?","R","M","M","R","B",null,"M","$","M","?","M","E","R","M","T","M","E","M","?","M","R","B"],"character_chosen":"WATCHER","items_purchased":["Adaptation","Consecrate","Yang","BattleHymn"],"campfire_rested":3,"item_purchase_floors":[3,3,19,19],"current_hp_per_floor":[72,72,72,61,61,33,54,30,30,30,23,44,42,37,58,41,72,72,72,72,72,64,69,69,67,67,66,63,57,57,57,57,0,0],"gold":11,"neow_bonus":"THREE_ENEMY_KILL","is_daily":false,"chose_seed":false,"campfire_upgraded":1,"win_rate":0.0,"timestamp":1609389501,"path_taken":["M","?","$","?","M","E","R","E","T","?","?","R","?","M","R","BOSS","M","$","M","?","M","E","R","M","T","?","E","M","?","M","R","BOSS"],"items_purchased_type":["Card","Card","Relic","Card"],"build_version":"2020-12-22","purchased_purges":0,"victory":false,"max_hp_per_floor":[72,72,72,72,72,72,72,72,72,72,72,72,72,72,72,72,72,72,72,72,72,72,72,72,72,72,72,72,72,72,72,72,72,72],"card_choices":[{"not_picked":["ForeignInfluence","Crescendo"],"picked":"CutThroughFate","floor":1},{"not_picked":["Halt","Fasting2"],"picked":"PathToVictory","floor":2},{"not_picked":["MentalFortress","Perseverance"],"picked":"Swivel","floor":5},{"not_picked":["Halt","FlurryOfBlows"],"picked":"TalkToTheHand","floor":6},{"not_picked":["Tantrum","CutThroughFate"],"picked":"Establishment","floor":8},{"not_picked":["ThirdEye","JustLucky"],"picked":"Crescendo","floor":13},{"not_picked":["Swivel","Prostrate"],"picked":"Evaluate","floor":14},{"not_picked":["Scrawl","Vault"],"picked":"SpiritShield","floor":16},{"not_picked":["JustLucky","Protect"],"picked":"CutThroughFate","floor":18},{"not_picked":["TalkToTheHand","ThirdEye"],"picked":"WheelKick","floor":20},{"not_picked":["FlyingSleeves","Worship"],"picked":"WindmillStrike","floor":22},{"not_picked":["CutThroughFate","MentalFortress"],"picked":"TalkToTheHand","floor":23},{"not_picked":["CrushJoints+1","ForeignInfluence+1"],"picked":"PathToVictory","floor":25},{"not_picked":["FollowUp","JustLucky+1"],"picked":"Ragnarok","floor":27},{"not_picked":["FlurryOfBlows","ForeignInfluence+1","Consecrate"],"picked":"SKIP","floor":28},{"not_picked":["Sanctity+1","Prostrate"],"picked":"PathToVictory+1","floor":29},{"not_picked":["BattleHymn","BowlingBash","Crescendo"],"picked":"SKIP","floor":29},{"not_picked":["WheelKick","EmptyBody"],"picked":"PathToVictory","floor":31},{"not_picked":["ThirdEye","EmptyMind+1"],"picked":"TalkToTheHand","floor":31}],"player_experience":518333,"relics_obtained":[{"floor":6,"key":"HornCleat"},{"floor":8,"key":"Toy Ornithopter"},{"floor":23,"key":"Sundial"},{"floor":26,"key":"Vajra"},{"floor":28,"key":"Prayer Wheel"}],"event_choices":[{"damage_healed":0,"gold_gain":75,"player_choice":"Gather Gold","damage_taken":11,"max_hp_gain":0,"max_hp_loss":0,"event_name":"World of Goop","floor":4,"gold_loss":0},{"damage_healed":0,"gold_gain":0,"player_choice":"Ignored","damage_taken":0,"max_hp_gain":0,"max_hp_loss":0,"event_name":"Liars Game","floor":10,"gold_loss":0},{"damage_healed":0,"gold_gain":0,"player_choice":"Success","damage_taken":7,"relics_obtained":["Dead Branch"],"max_hp_gain":0,"max_hp_loss":0,"event_name":"Scrap Ooze","floor":11,"gold_loss":0},{"damage_healed":0,"gold_gain":0,"player_choice":"Got Potions","damage_taken":0,"max_hp_gain":0,"max_hp_loss":0,"event_name":"Lab","floor":21,"gold_loss":0},{"damage_healed":0,"gold_gain":0,"player_choice":"Paid Fearfully","damage_taken":0,"max_hp_gain":0,"max_hp_loss":0,"event_name":"Masked Bandits","floor":30,"gold_loss":185}],"is_beta":false,"boss_relics":[{"not_picked":["Coffee Dripper","Velvet Choker"],"picked":"HolyWater"}],"items_purged_floors":[],"is_endless":false,"potions_floor_spawned":[1,6,13,16,18,23,28,29],"killed_by":"Champ","ascension_level":1}}