{"host":"h0xw20cia6ppa69g","time":1609397665,"event":{"mods":["AchievementEnabler","BaseMod","Colored Map","Filter the Spire","Googly Eyes","Minty Spire (QoL Compilation)","Relic Stats","StSLib","The Awakened One except there are too many feathers","everything is the same but u backflip on backflip"],"gold_per_floor":[367,317,317,317,8,34,34,52,75,89,17,37,64,81,81,185,185,197,214,260,272,201,233,251,281,281,295,295,295,295],"floor_reached":29,"playtime":1381,"items_purged":[],"score":315,"play_id":"7e4d8298-4db5-4b7f-bc6b-bfb03f222926","local_time":"20201231005425","is_ascension_mode":true,"campfire_choices":[{"floor":7.0,"key":"REST"},{"data":"Neutralize","floor":15.0,"key":"SMITH"}],"circlet_count":0,"master_deck":["Survivor","Neutralize+1","Bane","Deadly Poison","Poisoned Stab","After Image","Poisoned Stab","Well Laid Plans","Reflex","PiercingWail","Terror","Envenom","Catalyst","Expertise","Corpse Explosion","Skewer","Dodge and Roll","Wraith Form v2","Dodge and Roll","Distraction","Dagger Spray+1","Well Laid Plans+1","Dodge and Roll+1","Deflect+1","Catalyst+1","Noxious Fumes"],"relics":["Ring of the Snake","Lantern","Paper Crane","Tough Bandages","Vajra","Oddly Smooth Stone","Pandora\u0027s Box","MealTicket","Art of War","Tiny Chest","Bag of Marbles","Matryoshka"],"acts_visited":["Exordium","TheCity"],"potions_floor_usage":[29],"damage_taken":[{"damage":0.0,"enemies":"Jaw Worm","floor":1.0,"turns":4.0},{"damage":19.0,"enemies":"Gremlin Nob","floor":6.0,"turns":4.0},{"damage":0.0,"enemies":"2 Louse","floor":8.0,"turns":2.0},{"damage":0.0,"enemies":"Cultist","floor":10.0,"turns":2.0},{"damage":2.0,"enemies":"Red Slaver","floor":12.0,"turns":2.0},{"damage":10.0,"enemies":"Lagavulin","floor":13.0,"turns":6.0},{"damage":0.0,"enemies":"2 Fungi Beasts","floor":14.0,"turns":4.0},{"damage":9.0,"enemies":"Hexaghost","floor":16.0,"turns":9.0},{"damage":19.0,"enemies":"Spheric Guardian","floor":18.0,"turns":5.0},{"damage":0.0,"enemies":"Chosen","floor":19.0,"turns":6.0},{"damage":8.0,"enemies":"Centurion and Healer","floor":21.0,"turns":6.0},{"damage":5.0,"enemies":"Gremlin Leader","floor":23.0,"turns":10.0},{"damage":9.0,"enemies":"Sentry and Sphere","floor":24.0,"turns":7.0},{"damage":10.0,"enemies":"Slavers","floor":25.0,"turns":8.0},{"damage":22,"enemies":"Cultist and Chosen","floor":27,"turns":5},{"damage":3,"enemies":"Snake Plant","floor":29,"turns":2}],"seed_played":"-6619247239317629759","potions_obtained":[{"floor":8.0,"key":"SkillPotion"},{"floor":12.0,"key":"Fruit Juice"},{"floor":13.0,"key":"CunningPotion"},{"floor":14.0,"key":"SteroidPotion"},{"floor":19.0,"key":"DistilledChaos"},{"floor":23.0,"key":"SpeedPotion"},{"floor":24.0,"key":"LiquidBronze"}],"is_trial":false,"path_per_floor":["M","?","?","?","$","E","R","M","T","M","$","M","E","M","R","B",null,"M","M","T","M","?","E","M","E","T","M","?","M"],"character_chosen":"THE_SILENT","items_purchased":["Paper Crane","Poisoned Stab","Well Laid Plans"],"campfire_rested":1,"item_purchase_floors":[5,5,11],"current_hp_per_floor":[49,49,49,31,31,12,33,33,33,33,33,31,21,26,26,17,75,56,56,56,48,48,43,34,24,24,2,2,0,0],"gold":295,"neow_bonus":"TWO_FIFTY_GOLD","is_daily":false,"chose_seed":false,"campfire_upgraded":1,"win_rate":0.0,"timestamp":1609397665,"path_taken":["M","?","?","?","$","E","R","?","T","?","$","M","E","M","R","BOSS","M","M","?","M","?","E","?","E","T","M","?","M"],"items_purchased_type":["Relic","Card","Card"],"build_version":"2020-12-22","purchased_purges":0,"victory":false,"max_hp_per_floor":[70,70,70,70,70,70,70,70,70,70,70,70,70,75,75,75,75,75,75,75,75,75,75,75,75,75,75,75,75,75],"relic_stats":{"Tough Bandages":[45],"counters":[16,82],"Pandora\u0027s Box":["Catalyst","Expertise","Corpse Explosion","Skewer","Dodge and Roll","Wraith Form v2","Dodge and Roll","Distraction"],"MealTicket":0,"Tiny Chest":0,"Art of War":[8],"obtain_stats":[{"Lantern":4,"Tough Bandages":6,"Matryoshka":26,"Vajra":9,"Oddly Smooth Stone":13,"Pandora\u0027s Box":17,"MealTicket":20,"Tiny Chest":23,"Art of War":22,"Bag of Marbles":25,"Paper Crane":5,"Ring of the Snake":0},{"Lantern":1,"Tough Bandages":2,"Matryoshka":14,"Vajra":3,"Oddly Smooth Stone":6,"Pandora\u0027s Box":8,"MealTicket":10,"Tiny Chest":12,"Art of War":11,"Bag of Marbles":14,"Paper Crane":1,"Ring of the Snake":0},{"Lantern":4,"Tough Bandages":8,"Matryoshka":75,"Vajra":10,"Oddly Smooth Stone":20,"Pandora\u0027s Box":33,"MealTicket":44,"Tiny Chest":60,"Art of War":50,"Bag of Marbles":75,"Paper Crane":4,"Ring of the Snake":0}],"Ring of the Snake":[32]},"card_choices":[{"not_picked":["Deflect","Accuracy"],"picked":"Bane","floor":1.0},{"not_picked":["Reflex","Deflect"],"picked":"After Image","floor":6.0},{"not_picked":["Prepared","Flying Knee"],"picked":"Poisoned Stab","floor":8.0},{"not_picked":["Quick Slash","Endless Agony","Poisoned Stab"],"picked":"SKIP","floor":10.0},{"not_picked":["Sucker Punch","Slice"],"picked":"Reflex","floor":12.0},{"not_picked":["Backstab","Flying Knee"],"picked":"PiercingWail","floor":13.0},{"not_picked":["Sucker Punch","Flechettes"],"picked":"Terror","floor":14.0},{"not_picked":["A Thousand Cuts","Die Die Die"],"picked":"Envenom","floor":16.0},{"not_picked":["Setup","PiercingWail"],"picked":"Dagger Spray+1","floor":18.0},{"not_picked":["Outmaneuver+1","Masterful Stab"],"picked":"Well Laid Plans+1","floor":19.0},{"not_picked":["Outmaneuver","Setup","Slice"],"picked":"SKIP","floor":21.0},{"not_picked":["Choke","Blade Dance"],"picked":"Dodge and Roll+1","floor":23.0},{"not_picked":["Prepared","Cloak And Dagger"],"picked":"Deflect+1","floor":24.0},{"not_picked":["Prepared+1","Backstab"],"picked":"Catalyst+1","floor":25.0},{"not_picked":["PiercingWail+1","Dagger Spray"],"picked":"Noxious Fumes","floor":27}],"player_experience":3578772,"relics_obtained":[{"floor":6.0,"key":"Tough Bandages"},{"floor":9.0,"key":"Vajra"},{"floor":13.0,"key":"Oddly Smooth Stone"},{"floor":20.0,"key":"MealTicket"},{"floor":23.0,"key":"Tiny Chest"},{"floor":25.0,"key":"Bag of Marbles"},{"floor":26.0,"key":"Matryoshka"}],"event_choices":[{"cards_removed":["Strike_G"],"damage_healed":0.0,"max_hp_gain":0.0,"max_hp_loss":0.0,"gold_gain":0.0,"event_name":"The Cleric","player_choice":"Card Removal","floor":2.0,"gold_loss":50.0,"damage_taken":0.0},{"damage_healed":0.0,"max_hp_gain":0.0,"max_hp_loss":0.0,"gold_gain":0.0,"cards_transformed":["Strike_G"],"event_name":"Living Wall","player_choice":"Change","floor":3.0,"gold_loss":0.0,"damage_taken":0.0,"cards_obtained":["Deadly Poison"]},{"damage_healed":0.0,"max_hp_gain":0.0,"max_hp_loss":0.0,"gold_gain":0.0,"event_name":"Scrap Ooze","player_choice":"Success","floor":4.0,"gold_loss":0.0,"damage_taken":18.0,"relics_obtained":["Lantern"]},{"damage_healed":0.0,"max_hp_gain":0.0,"max_hp_loss":0.0,"gold_gain":0.0,"event_name":"WeMeetAgain","player_choice":"Paid Gold","floor":22.0,"gold_loss":71.0,"damage_taken":0.0,"relics_obtained":["Art of War"]},{"damage_healed":0,"gold_gain":0,"player_choice":"Ignored","damage_taken":0,"max_hp_gain":0,"max_hp_loss":0,"event_name":"Vampires","floor":28,"gold_loss":0}],"is_beta":false,"boss_relics":[{"not_picked":["Empty Cage","Calling Bell"],"picked":"Pandora\u0027s Box"}],"items_purged_floors":[],"is_endless":false,"potions_floor_spawned":[8,12,13,14,19,23,24],"killed_by":"Snake Plant","ascension_level":1}}