{"host":"1zjc08c6hob33401","time":1609421056,"event":{"mods":["AchievementEnabler","Act Like it!","Aspiration","BaseMod","Downfall","Energized Spire","Evolution","GifTheSpireLib","Hubris","Infinite Spire","Jedi Mod","Minty Spire (QoL Compilation)","Pale of the Ancients","Quick Restart","Replay The Spire","Retaliation","Shop Mod","StSLib","Stuff the Spire","The Blue Laboratory","Wandering Minibosses","vexMod"],"gold_per_floor":[119,119,119,133,133,133,159,159,159,185,135,160,143,159,159,262,262,277,277,277,277,277,302,302,292,292,292,339,362,389,401,413,520,532,555,520,532,562,574,611,623,635,635],"floor_reached":42,"playtime":2913,"items_purged":["Defend_R","Strike_R"],"score":627,"play_id":"5cada914-f84b-47a4-a0aa-6a3cc9974e96","local_time":"20201231152416","is_ascension_mode":true,"campfire_choices":[{"data":"Clash","floor":6.0,"key":"SMITH"},{"data":"Uppercut","floor":8.0,"key":"SMITH"},{"data":"Uppercut","floor":15.0,"key":"SMITH"},{"data":"Wraith Form v2","floor":24,"key":"SMITH"}],"circlet_count":0,"master_deck":["ReplayTheSpireMod:Strike From Hell+1","ReplayTheSpireMod:Strike From Hell","Strike_R","Bash","Pommel Strike+1","Sword Boomerang","Clash+1","Uppercut+1","Uppercut+1","Infernal Blade","ReplayTheSpireMod:Strike From Hell","Demon Form","DDmod:UnstoppableAttack+1","Infernal Blade","Dual Wield","Disarm","Wraith Form v2+1","hubris:StunningStrike","expansioncontent:DonusPower","Good Instincts+1","Creative AI","sneckomod:UnknownClassBLESSING+1","Quick Slash+1"],"relics":["Burning Blood","EVO:Axolotl","Pear","aspiration:HiddenCompartment","hubris:GrandSneckoEye","PrismaticShard","hubris:Towel","Shovel","Anchor","Replay:PocketPolymizer","MawBank","aspiration:ArtOfWarUpgrade","vexMod:CursedCompass","The Courier"],"acts_visited":["Exordium","TheCity","TheBeyond"],"potions_floor_usage":[16,36,38,40,40,42],"damage_taken":[{"damage":10.0,"enemies":"2 Louse","floor":1.0,"turns":3.0},{"damage":6.0,"enemies":"Cultist","floor":4.0,"turns":3.0},{"damage":8.0,"enemies":"Gremlin Nob","floor":7.0,"turns":3.0},{"damage":11.0,"enemies":"Replay:BlueRogue","floor":10.0,"turns":3.0},{"damage":25.0,"enemies":"Lagavulin","floor":12.0,"turns":4.0},{"damage":8.0,"enemies":"Small Slimes","floor":13.0,"turns":5.0},{"damage":0.0,"enemies":"Looter","floor":14.0,"turns":1.0},{"damage":51,"enemies":"The Guardian","floor":16,"turns":9},{"damage":12,"enemies":"Chosen","floor":18,"turns":4},{"damage":26,"enemies":"Book of Stabbing","floor":23,"turns":4},{"damage":9,"enemies":"2 Thieves","floor":25,"turns":4},{"damage":12,"enemies":"Replay:Snechameleon","floor":28,"turns":4},{"damage":0,"enemies":"Snecko","floor":29,"turns":3},{"damage":12,"enemies":"Cultist and Chosen","floor":30,"turns":5},{"damage":70,"enemies":"hubris:MusketHawk","floor":33,"turns":10},{"damage":2,"enemies":"Orb Walker","floor":35,"turns":2},{"damage":7,"enemies":"3 Darklings","floor":36,"turns":6},{"damage":49,"enemies":"Maw","floor":38,"turns":6},{"damage":18,"enemies":"R_Hoarder","floor":40,"turns":9},{"damage":92,"enemies":"Nightmare","floor":42,"turns":8}],"seed_played":"6654698202941682378","potions_obtained":[{"floor":1.0,"key":"FairyPotion"},{"floor":7.0,"key":"Dexterity Potion"},{"floor":13.0,"key":"Doom Potion"},{"floor":14.0,"key":"SneckoOil"},{"floor":16,"key":"DDmod:CleansePotion"},{"floor":33,"key":"BloodPotion"},{"floor":35,"key":"Explosive Potion"},{"floor":37,"key":"blueLaboratory:FruitPunch"},{"floor":38,"key":"champ:CounterPotion"}],"is_trial":false,"path_per_floor":["M","?","?","M","?","R","E","R","T","E","$","E","M","M","R","B",null,"M","?","?","?","AVR","E","R","M","T","?","E","M","M","?","R","B",null,"M","M","?","M","?","E","R","NM"],"character_chosen":"IRONCLAD","items_purchased":[],"campfire_rested":0,"item_purchase_floors":[],"current_hp_per_floor":[68,68,68,68,68,68,66,66,76,71,71,52,50,56,56,11,70,66,58,58,58,58,45,45,51,51,51,45,51,57,57,57,33,76,80,85,85,49,49,50,50,0,0],"gold":635,"neow_bonus":"UPGRADE_CARD","is_daily":false,"chose_seed":false,"campfire_upgraded":4,"win_rate":0.0,"timestamp":1609421056,"path_taken":["M","?","?","?","?","R","E","R","T","E","$","E","M","M","R","BOSS","M","?","?","?","AVR","E","R","?","T","?","E","M","M","?","R","BOSS","M","M","?","?","?","E","R","NM"],"items_purchased_type":[],"build_version":"2020-12-22","purchased_purges":2,"victory":false,"max_hp_per_floor":[80,80,80,80,80,80,80,80,90,90,90,90,90,90,90,90,90,90,90,90,90,90,90,90,90,90,90,90,90,90,90,90,90,90,90,90,90,92,92,92,92,92,92],"card_choices":[{"not_picked":["jedi:controlledanger","Armaments"],"picked":"Pommel Strike","floor":1.0},{"not_picked":["jedi:MakeshiftSword","Iron Wave"],"picked":"Clash","floor":4.0},{"not_picked":["Infernal Blade","True Grit"],"picked":"Uppercut","floor":7.0},{"not_picked":["Rampage","StuffTheSpire:Slingshot"],"picked":"Uppercut","floor":10.0},{"not_picked":["Heavy Blade","Run Through","StuffTheSpire:RockThrow"],"picked":"SKIP","floor":12.0},{"not_picked":["Sword Boomerang","StuffTheSpire:RockThrow"],"picked":"Infernal Blade","floor":13.0},{"not_picked":["Replay:Undeath\u0027s Touch","DDmod:EasePowerCard"],"picked":"ReplayTheSpireMod:Strike From Hell","floor":14.0},{"not_picked":["Impervious","Brutality"],"picked":"Demon Form","floor":16},{"not_picked":["Feel No Pain","Armaments"],"picked":"DDmod:UnstoppableAttack+1","floor":18},{"not_picked":["StuffTheSpire:Incineration","Shrug It Off"],"picked":"Infernal Blade","floor":19},{"not_picked":["Leap+1","Eviscerate"],"picked":"Wraith Form v2","floor":23},{"not_picked":["Outmaneuver","Static Discharge+1"],"picked":"hubris:StunningStrike","floor":25},{"not_picked":["StuffTheSpire:Synthwave","jedi:BurstLightning+1","Undo"],"picked":"SKIP","floor":28},{"not_picked":["hexamod:HexaLevel","Cloak And Dagger"],"picked":"expansioncontent:DonusPower","floor":29},{"not_picked":["Guardian:CrystalBeam","jedi:MakeshiftSword"],"picked":"Good Instincts+1","floor":30},{"not_picked":["Slimebound:OozeBath","ConjureBlade"],"picked":"Creative AI","floor":33},{"not_picked":["sneckomod:QuickMove","Spot Weakness","hexamod:SpectersWail+1"],"picked":"SKIP","floor":35},{"not_picked":["Barrage+1","Chaos+1"],"picked":"sneckomod:UnknownClassBLESSING+1","floor":36},{"not_picked":["Guardian:PrismaticBeam+1","hexamod:RecurringNightmare","hubris:ReadiedAction"],"picked":"SKIP","floor":38},{"not_picked":["Defragment+1","hexamod:RainOfEmbers"],"picked":"Quick Slash+1","floor":40}],"player_experience":422470,"relics_obtained":[{"floor":7.0,"key":"Smiling Mask"},{"floor":9.0,"key":"Pear"},{"floor":10.0,"key":"Bag of Marbles"},{"floor":12.0,"key":"aspiration:HiddenCompartment"},{"floor":19,"key":"PrismaticShard"},{"floor":23,"key":"Anchor"},{"floor":26,"key":"Replay:PocketPolymizer"},{"floor":28,"key":"Art of War"},{"floor":40,"key":"The Courier"}],"event_choices":[{"damage_healed":0.0,"max_hp_gain":0.0,"max_hp_loss":0.0,"gold_gain":0.0,"cards_transformed":["Defend_R"],"event_name":"Transmorgrifier","player_choice":"Transformed","floor":3.0,"gold_loss":0.0,"damage_taken":0.0,"cards_obtained":["Sword Boomerang"]},{"damage_healed":0,"gold_gain":0,"cards_transformed":["Defend_R","Defend_R"],"player_choice":"Became Test Subject","damage_taken":0,"max_hp_gain":0,"max_hp_loss":0,"event_name":"Drug Dealer","floor":21,"gold_loss":0,"cards_obtained":["Dual Wield","Disarm"]},{"cards_removed":["Strike_R"],"damage_healed":0,"gold_gain":0,"player_choice":"Purged","damage_taken":0,"max_hp_gain":0,"max_hp_loss":0,"event_name":"Purifier","floor":31,"gold_loss":0},{"damage_healed":0,"gold_gain":0,"player_choice":"Got Potions","damage_taken":0,"max_hp_gain":0,"max_hp_loss":0,"event_name":"Lab","floor":37,"gold_loss":0},{"damage_healed":0,"gold_gain":0,"player_choice":"Ignored","damage_taken":0,"max_hp_gain":0,"max_hp_loss":0,"event_name":"SecretPortal","floor":39,"gold_loss":0}],"is_beta":false,"boss_relics":[{"not_picked":["vexMod:NewClearReactor","energizedSpire:StickyHand"],"picked":"hubris:GrandSneckoEye"},{"not_picked":["Painkiller Herb","Kintsugi"],"picked":"vexMod:CursedCompass"}],"items_purged_floors":[11,22],"is_endless":false,"potions_floor_spawned":[1,7,13,14,16,25,30,33,35,38,40],"killed_by":"Nightmare","ascension_level":6}}