{"host":"ix2a18c4ohfsrslv","time":1609452490,"event":{"mods":["BaseMod","Better Third Choice","Downfall","GungeonMod","Minty Spire (QoL Compilation)","Replay The Spire","StSLib"],"gold_per_floor":[116,116,9,25,25,25,66,80,80,155,155,171,171,196,196,326,326,347,366,18,18,18,52,72,72,72,85,116,249,273,314,314,435,435,456,102,128,172,172,232,268,268,342,675,700,700,733,733,733,733,733],"floor_reached":50,"playtime":2560,"items_purged":["DemoMod:Strike_Huntress","DemoMod:RustySidearm"],"score":737,"play_id":"8b26d676-9118-439b-9e04-4d8b41f3d7d6","local_time":"20201231140810","is_ascension_mode":false,"campfire_choices":[{"data":"DemoMod:HungryBullets","floor":6,"key":"SMITH"},{"floor":11,"key":"REST"},{"data":"DemoMod:MachoBrace","floor":13,"key":"SMITH"},{"data":"DemoMod:HuntsMan","floor":15,"key":"SMITH"},{"data":"DemoMod:SniperShot","floor":32,"key":"SMITH"},{"data":"DemoMod:BlankBullets","floor":42,"key":"SMITH"},{"floor":49,"key":"RECALL"}],"circlet_count":0,"master_deck":["DemoMod:Defend_Huntress+1","DemoMod:Defend_Huntress+1","DemoMod:Defend_Huntress+1","DemoMod:Defend_Huntress+1","DemoMod:Roll+1","DemoMod:ManualReload+1","DemoMod:CrossBow+1","DemoMod:DirectionalPad+1","DemoMod:Unity+1","DemoMod:Unmoved+1","DemoMod:HungryBullets+1","DemoMod:GunstockTap+1","DemoMod:DirectionalPad+1","DemoMod:MachoBrace+1","DemoMod:HuntsMan+1","DemoMod:Slinger+1","DemoMod:DirectionalPad+1","DemoMod:MachoBrace+1","DemoMod:LifeOrb+1","DemoMod:SniperShot+1","DemoMod:TeaPot+1","DemoMod:DoubleSwitch+1","DemoMod:FortunesFavor+1","DemoMod:FullFirepower+1","DemoMod:BlankBullets+1","DemoMod:PotionOfGunFriendShip+1","DemoMod:BalloonGun+1","DemoMod:CursedBullets+1","DemoMod:FightSabre+1","DemoMod:CursedBullets+1","DemoMod:CursedBullets+1","DemoMod:CursedBullets+1"],"relics":["Runic Pyramid","DemoMod:GlassGuonStoneRelic","DemoMod:RatBoots","DemoMod:MeltedRock","Ring of Chaos","DemoMod:Plus1Bullets","DemoMod:StrengthOfFortune","DemoMod:LamentConfigurum","Pondfish Scales","Iron Hammer","DemoMod:PinkGuonStone","Philosopher\u0027s Stone","DemoMod:AgedBell","CaptainsWheel","Replay:WaspNest","Pear","Mark of the Bloom"],"acts_visited":["Exordium","TheCity","TheBeyond"],"potions_floor_usage":[7,12,12,27,28,33,50],"damage_taken":[{"damage":0,"enemies":"Jaw Worm","floor":1,"turns":3},{"damage":0,"enemies":"Small Slimes","floor":4,"turns":3},{"damage":13,"enemies":"Lagavulin","floor":7,"turns":6},{"damage":0,"enemies":"2 Louse","floor":8,"turns":2},{"damage":0,"enemies":"Exordium Thugs","floor":12,"turns":3},{"damage":0,"enemies":"Exordium Wildlife","floor":14,"turns":5},{"damage":0,"enemies":"Fading Forest","floor":16,"turns":11},{"damage":0,"enemies":"Shell Parasite","floor":18,"turns":4},{"damage":0,"enemies":"3 Byrds","floor":19,"turns":5},{"damage":0,"enemies":"Replay:Snechameleon","floor":23,"turns":2},{"damage":0,"enemies":"Snake Plant","floor":24,"turns":2},{"damage":0,"enemies":"Shelled Parasite and Fungi","floor":27,"turns":2},{"damage":0,"enemies":"Gremlin Leader","floor":28,"turns":3},{"damage":0,"enemies":"Snecko","floor":30,"turns":2},{"damage":0,"enemies":"Cultist and Chosen","floor":31,"turns":3},{"damage":0,"enemies":"Collector","floor":33,"turns":4},{"damage":0,"enemies":"Orb Walker","floor":35,"turns":2},{"damage":0,"enemies":"3 Shapes","floor":37,"turns":2},{"damage":0,"enemies":"Sphere and 2 Shapes","floor":38,"turns":2},{"damage":0,"enemies":"2 Orb Walkers","floor":40,"turns":1},{"damage":0,"enemies":"Spire Growth","floor":41,"turns":2},{"damage":0,"enemies":"Jaw Worm Horde","floor":45,"turns":2},{"damage":0,"enemies":"Giant Head","floor":47,"turns":3},{"damage":34,"enemies":"Time Eater","floor":50,"turns":1}],"seed_played":"7206211394757697650","potions_obtained":[{"floor":1,"key":"DemoMod:LeadSkinPotion"},{"floor":7,"key":"Guardian:BlockOnCardUsePotion"},{"floor":8,"key":"Adrenaline Potion"},{"floor":19,"key":"DemoMod:LeadSkinPotion"},{"floor":24,"key":"Fruit Juice"},{"floor":27,"key":"DemoMod:BlankPotion"},{"floor":33,"key":"Fire Potion"},{"floor":38,"key":"Strength Potion"},{"floor":40,"key":"Dexterity Potion"}],"is_trial":false,"path_per_floor":["M","?","$","M","?","R","E","M","T","?","R","M","R","M","R","B",null,"M","M","$","?","?","E","M","T","T","M","E","?","M","M","R","B",null,"M","$","M","M","?","?","M","R","T","?","M","$","E","?","R","B"],"character_chosen":"HUNTRESS","items_purchased":["DemoMod:Unity+1","DemoMod:Unmoved","DemoMod:Plus1Bullets","DemoMod:LifeOrb+1","DemoMod:SniperShot","Fruit Juice","DemoMod:BlankBullets","DemoMod:FightSabre","DemoMod:CursedBullets"],"campfire_rested":1,"item_purchase_floors":[3,3,20,20,20,36,36,46,46],"current_hp_per_floor":[70,65,65,65,65,65,52,52,52,41,60,60,60,60,60,60,65,65,65,65,1,6,6,6,6,6,11,18,18,18,18,18,18,18,18,18,18,18,18,18,18,18,18,18,18,18,28,28,28,0,0],"gold":733,"neow_bonus":"BOSS_RELIC","is_daily":false,"chose_seed":false,"campfire_upgraded":5,"win_rate":0.0,"timestamp":1609452490,"path_taken":["M","?","$","M","?","R","E","M","T","?","R","M","R","M","R","BOSS","M","M","$","?","?","E","M","?","T","?","E","?","M","M","R","BOSS","M","$","M","M","?","?","M","R","T","?","M","$","E","?","R","BOSS"],"items_purchased_type":["Card","Card","Relic","Card","Card","Potion","Card","Card","Card"],"build_version":"2020-12-22","purchased_purges":2,"victory":false,"max_hp_per_floor":[70,65,65,65,65,65,65,65,65,65,65,65,65,65,65,65,65,65,65,65,1,6,6,6,6,6,11,18,18,18,18,18,18,18,18,18,18,18,18,18,18,18,18,18,18,18,28,28,28,33,33],"card_choices":[{"not_picked":["DemoMod:ShadowBullets","DemoMod:ConditionalReflex"],"picked":"DemoMod:DirectionalPad","floor":1},{"not_picked":["DemoMod:SAA","DemoMod:EasyReloadBullets"],"picked":"DemoMod:HungryBullets","floor":4},{"not_picked":["DemoMod:LifeOrb","DemoMod:HighKaliber","DemoMod:Ejector"],"picked":"SKIP","floor":7},{"not_picked":["DemoMod:Ejector","DemoMod:SkilledReload"],"picked":"DemoMod:DirectionalPad","floor":8},{"not_picked":["DemoMod:HardPowerCard","DemoMod:GunstockTap"],"picked":"DemoMod:MachoBrace","floor":12},{"not_picked":["DemoMod:MachoBrace","DemoMod:AbyssalTentacle"],"picked":"DemoMod:HuntsMan","floor":14},{"not_picked":["DemoMod:Eureka","DemoMod:DoubleVision"],"picked":"DemoMod:Slinger","floor":16},{"not_picked":["DemoMod:TripleGun+1","DemoMod:BoxingGlove"],"picked":"DemoMod:DirectionalPad+1","floor":18},{"not_picked":["DemoMod:TableSutra+1","DemoMod:ProbeStrike+1"],"picked":"DemoMod:MachoBrace+1","floor":19},{"not_picked":["DemoMod:FortunesFavor","DemoMod:BoxingGlove"],"picked":"DemoMod:TeaPot","floor":23},{"not_picked":["DemoMod:Unmoved+1","DemoMod:RadGun","DemoMod:GunstockTap+1"],"picked":"SKIP","floor":24},{"not_picked":["DemoMod:TableSutra","DemoMod:ChanceBullets"],"picked":"DemoMod:DoubleSwitch","floor":27},{"not_picked":["DemoMod:SAA+1","DemoMod:GunstockTap"],"picked":"DemoMod:FortunesFavor+1","floor":28},{"not_picked":["DemoMod:PracticeMakesPerfect","DemoMod:MachoBrace"],"picked":"DemoMod:Purify+1","floor":30},{"not_picked":["DemoMod:TeaPot","DemoMod:Unmoved","DemoMod:AWP"],"picked":"SKIP","floor":31},{"not_picked":["DemoMod:Behold!","DemoMod:BulletBore"],"picked":"DemoMod:FullFirepower","floor":33},{"not_picked":["DemoMod:BoxingGlove+1","DemoMod:Unmoved","DemoMod:SAA+1"],"picked":"SKIP","floor":35},{"not_picked":["DemoMod:LifeOrb+1","DemoMod:FortunesFavor+1"],"picked":"DemoMod:PotionOfGunFriendShip+1","floor":37},{"not_picked":["DemoMod:SkilledReload","DemoMod:FastSwitch+1"],"picked":"DemoMod:BalloonGun","floor":38},{"not_picked":["DemoMod:DirectionalPad","DemoMod:HuntsMan+1","DemoMod:AC15+1"],"picked":"SKIP","floor":41},{"not_picked":["DemoMod:StickyCrossBow","DemoMod:JK47"],"picked":"DemoMod:CursedBullets+1","floor":45},{"not_picked":["DemoMod:BoxingGlove","DemoMod:HuntsMan+1"],"picked":"DemoMod:CursedBullets+1","floor":47}],"player_experience":155781,"relics_obtained":[{"floor":7,"key":"DemoMod:RatBoots"},{"floor":9,"key":"DemoMod:MeltedRock"},{"floor":23,"key":"DemoMod:LamentConfigurum"},{"floor":25,"key":"Pondfish Scales"},{"floor":26,"key":"Iron Hammer"},{"floor":28,"key":"DemoMod:PinkGuonStone"},{"floor":40,"key":"CaptainsWheel"},{"floor":43,"key":"Replay:WaspNest"},{"floor":47,"key":"Pear"}],"event_choices":[{"damage_healed":0,"gold_gain":0,"player_choice":"Lose Max HP","damage_taken":0,"relics_obtained":["Golden Idol"],"max_hp_gain":0,"max_hp_loss":5,"event_name":"Golden Idol","floor":2,"gold_loss":0},{"damage_healed":0,"gold_gain":75,"player_choice":"Gold","damage_taken":11,"max_hp_gain":0,"max_hp_loss":0,"event_name":"betterThird:BetterGoop","floor":10,"gold_loss":0},{"damage_healed":0,"gold_gain":0,"player_choice":"Shed Blood","damage_taken":0,"max_hp_gain":5,"max_hp_loss":0,"event_name":"Forgotten Altar","floor":22,"gold_loss":0},{"damage_healed":0,"gold_gain":0,"player_choice":"Fight","damage_taken":0,"max_hp_gain":0,"max_hp_loss":0,"event_name":"Mysterious Sphere","floor":40,"gold_loss":0},{"damage_healed":0,"gold_gain":333,"player_choice":"Gave Idol","damage_taken":0,"max_hp_gain":0,"max_hp_loss":0,"event_name":"The Moai Head","floor":44,"relics_lost":["Golden Idol"],"gold_loss":0},{"damage_healed":0,"gold_gain":0,"player_choice":"Upgrade","damage_taken":0,"relics_obtained":["Mark of the Bloom"],"max_hp_gain":0,"max_hp_loss":0,"event_name":"MindBloom","floor":48,"gold_loss":0,"cards_upgraded":["DemoMod:Defend_Huntress","DemoMod:Defend_Huntress","DemoMod:Defend_Huntress","DemoMod:Defend_Huntress","DemoMod:Roll","DemoMod:ManualReload","DemoMod:CrossBow","DemoMod:DirectionalPad","DemoMod:Unmoved","DemoMod:DirectionalPad","DemoMod:Slinger","DemoMod:TeaPot","DemoMod:DoubleSwitch","DemoMod:FullFirepower","DemoMod:BalloonGun","DemoMod:FightSabre","DemoMod:CursedBullets","DemoMod:CursedBullets"]}],"is_beta":false,"boss_relics":[{"not_picked":["Fusion Hammer","Sozu"],"picked":"Ring of Chaos"},{"not_picked":["SacredBark","Painkiller Herb"],"picked":"Philosopher\u0027s Stone"}],"items_purged_floors":[20,36],"is_endless":false,"potions_floor_spawned":[1,7,8,19,24,27,33,38,40,41],"killed_by":"Time Eater","ascension_level":0}}