{"host":"2461dio7vetlq1z3","time":1609405640,"event":{"mods":["2.2 Compatiblity","AchievementEnabler","Aspiration","BaseMod","Better Third Choice","Friendly Minions","Hermit","Minty Spire (QoL Compilation)","Relic Stats","Spicy Shops","StSLib","The Construct","Waifu the Spire"],"gold_per_floor":[109,122,141,158,174,201,221,239,289,289,315,315,343,343,343,343,343],"floor_reached":16,"playtime":938,"items_purged":[],"score":124,"play_id":"cde017d5-c4f7-4396-ac17-a4abb421a23b","local_time":"20201231100720","is_ascension_mode":false,"campfire_choices":[{"floor":10,"key":"REST"},{"data":"construct:FlakBarrage","floor":12,"key":"SMITH"},{"data":"construct:Autoturret","floor":15,"key":"SMITH"}],"circlet_count":0,"master_deck":["construct:Strike_Gold","construct:Strike_Gold","construct:Strike_Gold","construct:Strike_Gold","construct:Strike_Gold","construct:Defend_Gold","construct:Defend_Gold","construct:Defend_Gold","construct:Defend_Gold","construct:Defend_Gold","construct:AttackMode","construct:DefenseMode","construct:SuppressiveFire","construct:ShiftStrike","construct:ScrapCannon","construct:Missile","construct:Autoturret+1","construct:SweepLaser","construct:Versatility","construct:HeavyBolt","construct:FlakBarrage+1","construct:ShiftingStance","Injury"],"relics":["construct:Cogwheel","aspiration:StickyExplosives_weak","Smiling Mask","Akabeko","Dead Branch","Toxic Egg 2"],"acts_visited":["Exordium"],"potions_floor_usage":[7,11,16,16],"damage_taken":[{"damage":1,"enemies":"Cultist","floor":1,"turns":3},{"damage":6,"enemies":"Jaw Worm","floor":2,"turns":3},{"damage":12,"enemies":"2 Louse","floor":3,"turns":3},{"damage":11,"enemies":"Lots of Slimes","floor":4,"turns":3},{"damage":19,"enemies":"Exordium Thugs","floor":5,"turns":4},{"damage":31,"enemies":"Lagavulin","floor":6,"turns":7},{"damage":1,"enemies":"2 Fungi Beasts","floor":7,"turns":3},{"damage":2,"enemies":"Looter","floor":8,"turns":2},{"damage":4,"enemies":"Gremlin Nob","floor":11,"turns":3},{"damage":22,"enemies":"3 Sentries","floor":13,"turns":7},{"damage":15,"enemies":"Slime Boss","floor":16,"turns":6}],"seed_played":"-5789437791438227389","potions_obtained":[{"floor":2,"key":"Fire Potion"},{"floor":4,"key":"Fire Potion"},{"floor":6,"key":"BlessingOfTheForge"},{"floor":7,"key":"Swift Potion"},{"floor":13,"key":"ColorlessPotion"}],"is_trial":false,"path_per_floor":["M","M","M","M","M","E","M","M","T","R","E","R","E","?","R","B"],"character_chosen":"THE_CONSTRUCT_MOD","items_purchased":[],"campfire_rested":1,"item_purchase_floors":[],"current_hp_per_floor":[92,86,74,63,44,13,12,10,10,37,33,33,11,11,11,0,0],"gold":343,"neow_bonus":"TEN_PERCENT_HP_BONUS","is_daily":false,"chose_seed":false,"campfire_upgraded":2,"win_rate":0.0,"timestamp":1609405640,"path_taken":["M","M","M","?","M","E","?","M","T","R","E","R","E","?","R","BOSS"],"items_purchased_type":[],"build_version":"2020-12-22","purchased_purges":0,"victory":false,"max_hp_per_floor":[93,93,93,93,93,93,93,93,93,93,93,93,93,93,93,93,93],"relic_stats":{"counters":[11,44],"Dead Branch":[1],"Smiling Mask":0,"obtain_stats":[{"construct:Cogwheel":0,"Dead Branch":13,"Toxic Egg 2":14,"Smiling Mask":9,"Akabeko":11,"aspiration:StickyExplosives_weak":6},{"construct:Cogwheel":0,"Dead Branch":10,"Toxic Egg 2":10,"Smiling Mask":8,"Akabeko":9,"aspiration:StickyExplosives_weak":6},{"construct:Cogwheel":0,"Dead Branch":38,"Toxic Egg 2":38,"Smiling Mask":28,"Akabeko":31,"aspiration:StickyExplosives_weak":23}]},"card_choices":[{"not_picked":["construct:Autoturret","construct:Overcharge"],"picked":"construct:SuppressiveFire","floor":1},{"not_picked":["construct:Synchronize","construct:HardReboot"],"picked":"construct:ShiftStrike","floor":2},{"not_picked":["construct:GuardCore","construct:ForceCore"],"picked":"construct:ScrapCannon","floor":3},{"not_picked":["construct:Failsafe","construct:Backup"],"picked":"construct:Missile","floor":4},{"not_picked":["construct:Forcefield","construct:Construct_Overclock"],"picked":"construct:Autoturret","floor":5},{"not_picked":["construct:QuickAttack","construct:VentSteam"],"picked":"construct:SweepLaser","floor":6},{"not_picked":["construct:Accumulate","construct:ModeShift"],"picked":"construct:Versatility","floor":7},{"not_picked":["construct:FierceBash","construct:SuppressiveFire"],"picked":"construct:HeavyBolt","floor":8},{"not_picked":["construct:ChargeShot","construct:Accumulate"],"picked":"construct:FlakBarrage","floor":11},{"not_picked":["construct:Reinforce","construct:FierceBash"],"picked":"construct:ShiftingStance","floor":13}],"player_experience":1024914,"relics_obtained":[{"floor":6,"key":"aspiration:StickyExplosives_weak"},{"floor":9,"key":"Smiling Mask"},{"floor":11,"key":"Akabeko"},{"floor":13,"key":"Dead Branch"}],"event_choices":[],"is_beta":false,"boss_relics":[],"items_purged_floors":[],"is_endless":false,"potions_floor_spawned":[2,4,6,7,13],"killed_by":"Slime Boss","ascension_level":0}}