{"host":"ye7dkdlypz0ka1od","time":1609421625,"event":{"mods":["Act Like it!","Aspiration","BaseMod","Better Third Choice","Gensokyo","Hallownest","Hubris","Infinite Spire","Marisa????????","Minty Spire (QoL Compilation)","Replay The Spire","StSLib"],"gold_per_floor":[114,114,114,114,134,134,154,23,72,100,127,152,164,176,188,299,311,323,353,365,400,201,223,223,246,246,246,246,263,263,263,263,263,263],"floor_reached":33,"playtime":1716,"items_purged":["hubris:Despair"],"score":237,"play_id":"470c84d1-0ecf-4611-afa5-bd1572a9799a","local_time":"20201231083345","is_ascension_mode":false,"campfire_choices":[{"data":"GalacticHalo","floor":6,"key":"SMITH"},{"floor":13,"key":"REST"},{"floor":15,"key":"DIG"},{"data":"Crow Ritual","floor":24,"key":"SMITH"},{"data":"UltimateShortwave","floor":24,"key":"SMITH"},{"floor":28,"key":"REST"},{"floor":30,"key":"REST"},{"data":"Acceleration","floor":32,"key":"SMITH"},{"data":"MachineGunSpark","floor":32,"key":"SMITH"}],"circlet_count":0,"master_deck":["Strike_MRS","Strike_MRS","Defend_MRS","Defend_MRS","Defend_MRS","Defend_MRS","MasterSpark+1","UpSweep","Flash of Steel","MilkyWay","UnstableBomb","GalacticHalo+1","MachineGunSpark+1","NonDirectionalLaser","GalacticHalo","UltimateShortwave+1","Gensokyo:AllTheWorldsEvil","hubris:Greed","Crow Ritual+1","Crow Ritual","MilkyWay","Acceleration+1","UltimateShortwave","TreasureHunter"],"relics":["MiniHakkero","MawBank","Dream Catcher","Replay:Ancient Bell","Pet Ghost","hubris:PeanutButter","Replay:Arrowhead","Incense Burner","infinitespire:BottledMercury","Blue Doll","aspiration:ChemicalBlood","Gensokyo:ConquerorOfFear","Gensokyo:RedStar"],"acts_visited":["Exordium","Gensokyo:Gensokyo"],"potions_floor_usage":[16,16,16,21,33,33],"damage_taken":[{"damage":6,"enemies":"Gensokyo:Python","floor":1,"turns":3},{"damage":0,"enemies":"Gensokyo:3_Fairies","floor":5,"turns":3},{"damage":0,"enemies":"Gensokyo:2_Kodama","floor":7,"turns":3},{"damage":7,"enemies":"Gensokyo:Kitsune","floor":10,"turns":4},{"damage":8,"enemies":"Gensokyo:CorruptedTreant","floor":11,"turns":4},{"damage":1,"enemies":"Gensokyo:5_Fairies","floor":12,"turns":5},{"damage":21,"enemies":"Gensokyo:Yukari","floor":16,"turns":8},{"damage":0,"enemies":"Gensokyo:AngelMirror","floor":19,"turns":5},{"damage":9,"enemies":"Gensokyo:Slime_Group","floor":21,"turns":7},{"damage":26,"enemies":"Gensokyo:Mirror_and_Dog","floor":23,"turns":6},{"damage":15,"enemies":"Gensokyo:Wraith","floor":25,"turns":6},{"damage":24,"enemies":"Gensokyo:Chomper_and_Gloop","floor":29,"turns":8},{"damage":35,"enemies":"Gensokyo:Kaguya","floor":33,"turns":8}],"seed_played":"-2415059755853494188","potions_obtained":[{"floor":1,"key":"PowerPotion"},{"floor":10,"key":"Cursed Concoction"},{"floor":11,"key":"Elixir"},{"floor":16,"key":"LiquidMemories"},{"floor":29,"key":"Swift Potion"}],"is_trial":false,"path_per_floor":["M","?","?","?","M","R","M","COS","T","M","M","M","R","$","R","B",null,"M","M","?","M","$","M","R","M","T","?","R","M","R","?","R","B"],"character_chosen":"MARISA","items_purchased":["Crow Ritual"],"campfire_rested":3,"item_purchase_floors":[22],"current_hp_per_floor":[69,69,54,54,54,54,54,54,54,47,39,38,60,60,60,39,75,75,75,69,60,60,34,34,19,19,19,39,15,35,35,35,0,0],"gold":263,"neow_bonus":"RANDOM_COLORLESS","is_daily":false,"chose_seed":false,"campfire_upgraded":5,"win_rate":0.0,"timestamp":1609421625,"path_taken":["M","?","?","?","M","R","M","COS","T","M","?","M","R","$","R","BOSS","M","?","?","M","$","M","R","M","T","?","R","M","R","?","R","BOSS"],"items_purchased_type":["Card"],"build_version":"2020-12-22","purchased_purges":1,"victory":false,"max_hp_per_floor":[75,75,75,75,75,75,75,75,75,75,75,75,75,75,75,75,75,75,75,69,69,69,69,69,69,69,69,69,69,69,69,69,35,35],"card_choices":[{"not_picked":["Trip","hubris:Insight"],"picked":"Flash of Steel","floor":0},{"not_picked":["GrandCross","ShootingEcho"],"picked":"MilkyWay","floor":1},{"not_picked":["OneTimeOff","MysteriousBeam"],"picked":"UnstableBomb","floor":2},{"not_picked":["WitchOfGreed","IllusionStar"],"picked":"GalacticHalo","floor":5},{"not_picked":["SporeBomb","LuminesStrike"],"picked":"MachineGunSpark","floor":7},{"not_picked":["ChargingUp","DarkSpark","SuperNova"],"picked":"SKIP","floor":10},{"not_picked":["6A","GrandCross"],"picked":"NonDirectionalLaser","floor":11},{"not_picked":["DragonMeteor","WitchOfGreed"],"picked":"GalacticHalo","floor":12},{"not_picked":["TreasureHunter","SuperNova"],"picked":"UltimateShortwave","floor":16},{"not_picked":["ReplayTheSpireMod:Splinters","Pain"],"picked":"Gensokyo:AllTheWorldsEvil","floor":17},{"not_picked":["ReplayTheSpireMod:Restless Dread","hubris:Compulsion"],"picked":"hubris:Greed","floor":17},{"not_picked":["ReplayTheSpireMod:Faulty Equipment","ReplayTheSpireMod:IOU"],"picked":"hubris:Despair","floor":17},{"not_picked":["ManaRampage","NonDirectionalLaser","FairyDestructionRay"],"picked":"SKIP","floor":19},{"not_picked":["IllusionStar","Orbital","WitchOfGreed"],"picked":"SKIP","floor":21},{"not_picked":["DarkSpark","DC"],"picked":"MilkyWay","floor":23},{"not_picked":["DoubleSpark","UnstableBomb"],"picked":"Acceleration","floor":25},{"not_picked":["EnergyRecoil+1","NonDirectionalLaser+1"],"picked":"UltimateShortwave","floor":29},{"not_picked":["Orbital","Occultation"],"picked":"TreasureHunter","floor":30}],"player_experience":1349898,"relics_obtained":[{"floor":9,"key":"MawBank"},{"floor":15,"key":"Dream Catcher"},{"floor":26,"key":"aspiration:ChemicalBlood"},{"floor":29,"key":"Gensokyo:ConquerorOfFear"}],"event_choices":[],"is_beta":false,"boss_relics":[{"not_picked":["hubris:CrackedHourglass","aspiration:SecretTechniqueScroll"],"picked":"Replay:Ancient Bell"},{"not_picked":["Bronze Scales","ReplayTheSpireMod:TigerMarble"],"picked":"Pet Ghost"},{"not_picked":["Sundial","hubris:DeckOfHolding"],"picked":"hubris:PeanutButter"},{"not_picked":["Old Coin","Prayer Wheel"],"picked":"Replay:Arrowhead"}],"items_purged_floors":[22],"is_endless":false,"potions_floor_spawned":[1,10,11,16,29],"killed_by":"Gensokyo:Kaguya","ascension_level":0}}