{"host":"4w8ocelhatf0iefc","time":1609429894,"event":{"mods":["AchievementEnabler","Act Like it!","Aspiration","BaseMod","Colored Map","Colored Powertips","Downfall","GifTheSpireLib","Hubris","Minty Spire (QoL Compilation)","Replay The Spire","StSLib","The Cursed","vexMod"],"gold_per_floor":[112,130,130,130,338,338,371,371,371,402,428,451,473,473,473,588,588,616,608,45,45,74,123,123,155,209,247,267,267],"floor_reached":28,"playtime":2130,"items_purged":["Defend_B"],"score":288,"play_id":"129bcb57-4ec7-4f4e-b7a2-ffcca605a472","local_time":"20201231235134","is_ascension_mode":true,"campfire_choices":[{"data":"Auto Shields","floor":6.0,"key":"SMITH"},{"floor":8.0,"key":"REST"},{"data":"FTL","floor":15.0,"key":"SMITH"}],"circlet_count":0,"master_deck":["Strike_B","Strike_B","Strike_B","Defend_B","Defend_B","Defend_B","Zap","Dualcast+1","Gash","Auto Shields+1","Hologram","Self Repair","Streamline","FTL+1","Compile Driver","ReplayRNGCard","Hello World","Rip and Tear+1","Go for the Eyes","BasicCrystalCard+1","Go for the Eyes","Gash","Beam Cell"],"relics":["Cracked Core","aspiration:Nostalgia","Sizzling Blood","hubris:BottledRain","Replay:Bandana","Honey Jar","vexMod:Spyglass","Girya","Torii","Ancient Tea Set","Nloth\u0027s Gift","Vajra"],"acts_visited":["Exordium","TheCity"],"potions_floor_usage":[28],"damage_taken":[{"damage":1.0,"enemies":"Cultist","floor":1.0,"turns":3.0},{"damage":0.0,"enemies":"2 Louse","floor":2.0,"turns":3.0},{"damage":54.0,"enemies":"Gremlin Nob","floor":7.0,"turns":5.0},{"damage":31.0,"enemies":"3 Sentries","floor":10.0,"turns":10.0},{"damage":2.0,"enemies":"Small Slimes","floor":11.0,"turns":3.0},{"damage":10.0,"enemies":"3 Louse","floor":12.0,"turns":4.0},{"damage":1.0,"enemies":"Looter","floor":13.0,"turns":3.0},{"damage":21.0,"enemies":"Slime Boss","floor":16.0,"turns":7.0},{"damage":12.0,"enemies":"Chosen","floor":18.0,"turns":4.0},{"damage":37.0,"enemies":"2 Thieves","floor":19.0,"turns":4.0},{"damage":21.0,"enemies":"Centurion and Healer","floor":22.0,"turns":9.0},{"damage":13.0,"enemies":"Gremlin Leader","floor":23.0,"turns":6.0},{"damage":7,"enemies":"Chosen and Byrds","floor":25,"turns":5},{"damage":21,"enemies":"Sentry and Sphere","floor":27,"turns":4},{"damage":37,"enemies":"Slavers","floor":28,"turns":3}],"seed_played":"-4649002511216336966","potions_obtained":[{"floor":1.0,"key":"ColorlessPotion"},{"floor":10.0,"key":"FearPotion"},{"floor":12.0,"key":"Toxic Potion"},{"floor":13.0,"key":"Fire Potion"},{"floor":16.0,"key":"Strength Potion"},{"floor":23.0,"key":"SpeedPotion"},{"floor":25,"key":"LiquidBronze"},{"floor":27,"key":"FearPotion"}],"is_trial":false,"path_per_floor":["M","M","?","?","?","R","E","R","T","E","M","M","M","?","R","B",null,"M","M","$","?","M","E","?","M","T","M","E"],"character_chosen":"DEFECT","items_purchased":["vexMod:Spyglass","Go for the Eyes","Girya"],"campfire_rested":1,"item_purchase_floors":[20,20,20],"current_hp_per_floor":[79,79,79,79,60,60,10,33,33,6,15,16,26,79,79,62,79,78,52,52,52,42,40,40,44,44,34,0,0],"gold":267,"neow_bonus":"NOSTALGIA","is_daily":false,"chose_seed":false,"campfire_upgraded":2,"win_rate":0.0,"timestamp":1609429894,"path_taken":["M","?","?","?","?","R","E","R","T","E","?","M","M","?","R","BOSS","M","M","$","?","?","E","?","M","T","M","E"],"items_purchased_type":["Relic","Card","Relic"],"build_version":"2020-12-22","purchased_purges":1,"victory":false,"max_hp_per_floor":[79,79,79,79,79,79,79,79,79,79,79,79,79,79,79,79,79,79,79,79,79,79,79,79,79,79,79,79,79],"card_choices":[{"not_picked":["Capacitor","Melter"],"picked":"Gash","floor":1.0},{"not_picked":["Barrage","Ball Lightning"],"picked":"Auto Shields","floor":2.0},{"not_picked":["Rebound","BasicCrystalCard"],"picked":"Hologram","floor":5.0},{"not_picked":["Recycle","Conserve Battery"],"picked":"Steam Power","floor":7.0},{"not_picked":["Stack","ReplayTheSpireMod:GoodbyeWorld"],"picked":"Self Repair","floor":10.0},{"not_picked":["hubris:Ukulele","Panic Button"],"picked":"Streamline","floor":11.0},{"not_picked":["Leap","Scrape"],"picked":"FTL","floor":12.0},{"not_picked":["Barrage","BasicCrystalCard"],"picked":"Compile Driver","floor":13.0},{"not_picked":["Biased Cognition","ReplayTheSpireMod:Omega Cannon"],"picked":"ReplayRNGCard","floor":16.0},{"not_picked":["Cold Snap","BasicCrystalCard","Panic Button+1"],"picked":"Hello World","floor":18.0},{"not_picked":["Turbo","Conserve Battery","Ball Lightning"],"picked":"Rip and Tear+1","floor":19.0},{"not_picked":["Doom and Gloom","aspiration:Polymerization","Self Repair"],"picked":"BasicCrystalCard+1","floor":22.0},{"not_picked":["Redo","Conserve Battery","Barrage"],"picked":"Go for the Eyes","floor":23.0},{"not_picked":["Hologram+1","hubris:Prefetch","Double Energy"],"picked":"Gash","floor":25},{"not_picked":["aspiration:Polymerization","Conserve Battery","Lockon"],"picked":"Beam Cell","floor":27}],"player_experience":508147,"relics_obtained":[{"floor":7.0,"key":"hubris:BottledRain"},{"floor":9.0,"key":"Chameleon Ring"},{"floor":10.0,"key":"Replay:Bandana"},{"floor":23.0,"key":"Ancient Tea Set"},{"floor":26,"key":"Vajra"}],"event_choices":[{"cards_removed":["Steam Power"],"damage_healed":53.0,"max_hp_gain":0.0,"max_hp_loss":0.0,"gold_gain":0.0,"event_name":"Bonfire Elementals","player_choice":"Offered Uncommon","floor":14.0,"gold_loss":0.0,"damage_taken":0.0},{"damage_healed":0,"gold_gain":0,"player_choice":"Traded Relic","damage_taken":0,"relics_obtained":["Nloth\u0027s Gift"],"max_hp_gain":0,"max_hp_loss":0,"event_name":"N\u0027loth","floor":24,"relics_lost":["Chameleon Ring"],"gold_loss":0}],"is_beta":false,"boss_relics":[{"not_picked":["Velvet Choker","vexMod:EndlessSickness"],"picked":"Honey Jar"}],"items_purged_floors":[20],"is_endless":false,"potions_floor_spawned":[1,10,12,13,16,23,25,27],"killed_by":"Slavers","ascension_level":3}}