{"host":"xv6tnu9e6lzjd13s","time":1609454768,"event":{"mods":["BaseMod","Colored Powertips","Googly Eyes","Minty Spire (QoL Compilation)","Replay The Spire","StSLib"],"gold_per_floor":[119,192,211,211,227,227,227,561,561,561,113,113,131,151,151,246,246,171,171],"floor_reached":18,"playtime":57978,"items_purged":["Strike_R"],"score":210,"play_id":"9eee5423-4d4e-42dc-b63f-e5525949bf24","local_time":"20201231154608","is_ascension_mode":false,"campfire_choices":[{"data":"Defend_R","floor":6,"key":"SMITH"},{"floor":10,"key":"REST"},{"floor":12,"key":"REST"},{"floor":15,"key":"DIG"}],"circlet_count":0,"master_deck":["Strike_R","Strike_R","Defend_R","Defend_R","Defend_R","Defend_R+1","Bash","Bloodletting","Barricade+1","Shockwave","Feel No Pain","True Grit","Defy Death","Shrug It Off","Demon Form"],"relics":["Burning Blood","NeowsBlessing","Red Skull","Old Coin","Replay:Bottled Steam","Centennial Puzzle","Calipers","Runic Pyramid"],"acts_visited":["Exordium","TheCity"],"potions_floor_usage":[5],"damage_taken":[{"damage":0,"enemies":"2 Louse","floor":1,"turns":1},{"damage":0,"enemies":"Small Slimes","floor":3,"turns":1},{"damage":0,"enemies":"Cultist","floor":5,"turns":1},{"damage":53,"enemies":"Gremlin Nob","floor":8,"turns":6},{"damage":12,"enemies":"Large Slime","floor":13,"turns":21},{"damage":16,"enemies":"2 Fungi Beasts","floor":14,"turns":7},{"damage":21,"enemies":"Slime Boss","floor":16,"turns":45},{"damage":13,"enemies":"2 Thieves","floor":18,"turns":5}],"seed_played":"7334133778801126307","potions_obtained":[{"floor":2,"key":"SkillPotion"},{"floor":2,"key":"Swift Potion"},{"floor":5,"key":"Fruit Juice"},{"floor":13,"key":"Dexterity Potion"}],"is_trial":false,"path_per_floor":["M","?","M","?","M","R","?","E","T","R","$","R","M","M","R","B",null,"M"],"character_chosen":"IRONCLAD","items_purchased":["Feel No Pain","True Grit","Centennial Puzzle","EntropicBrew"],"campfire_rested":2,"item_purchase_floors":[11,11,11,11],"current_hp_per_floor":[80,80,80,80,85,85,85,38,38,63,63,85,79,69,69,54,85,72,72],"gold":171,"neow_bonus":"THREE_ENEMY_KILL","is_daily":false,"chose_seed":false,"campfire_upgraded":1,"win_rate":0.0,"timestamp":1609454768,"path_taken":["M","?","M","?","M","R","?","E","T","R","$","R","?","M","R","BOSS","M"],"items_purchased_type":["Card","Card","Relic","Potion"],"build_version":"2020-12-22","purchased_purges":1,"victory":false,"max_hp_per_floor":[80,80,80,80,85,85,85,85,85,85,85,85,85,85,85,85,85,85,85],"card_choices":[{"not_picked":["ReplayTheSpireMod:Strike From Hell","Perfected Strike","Blood for Blood"],"picked":"SKIP","floor":1},{"not_picked":["Flex","Shrug It Off"],"picked":"Bloodletting","floor":2},{"not_picked":["Clothesline","Shrug It Off","Twin Strike"],"picked":"SKIP","floor":3},{"not_picked":["Carnage","Cleave","Flex"],"picked":"SKIP","floor":5},{"not_picked":["Replay:Undeath\u0027s Touch","Dual Wield","Battle Trance"],"picked":"SKIP","floor":8},{"not_picked":["Clothesline","ReplayTheSpireMod:Strike From Hell"],"picked":"Defy Death","floor":13},{"not_picked":["Life Link","Double Tap"],"picked":"Shrug It Off","floor":14},{"not_picked":["Eclipse","Berserk"],"picked":"Demon Form","floor":16}],"player_experience":5885,"relics_obtained":[{"floor":2,"key":"Red Skull"},{"floor":8,"key":"Old Coin"},{"floor":9,"key":"Replay:Bottled Steam"},{"floor":15,"key":"Calipers"}],"event_choices":[{"damage_healed":0,"gold_gain":0,"cards_transformed":["Strike_R"],"player_choice":"Transformed","damage_taken":0,"max_hp_gain":0,"max_hp_loss":0,"event_name":"Transmorgrifier","floor":7,"gold_loss":0,"cards_obtained":["Shockwave"]}],"is_beta":false,"boss_relics":[{"not_picked":["Abe\u0027s Treasure","Electric Blood"],"picked":"Runic Pyramid"}],"items_purged_floors":[11],"is_endless":false,"potions_floor_spawned":[5,13,14],"killed_by":"2 Thieves","ascension_level":0}}