{"host":"5fasz840ryq7obdf","time":1609407447,"event":{"mods":["AchievementEnabler","BaseMod","Bestiary","Better Altar","Better Skull","Better Third Choice","BetterRewards","Block Reminder","Colored Powertips","Curses Come First","Downfall","Highlight Path","Minty Spire (QoL Compilation)","Quick Restart","Relic Sorter","Relic Stats","Shop Mod","Spicy Shops","StSLib","SuperFastMode"],"gold_per_floor":[99,119,119,29,29,62,89,107,133,83,0,16,50,35,52,147,147,109,136,148,145,170,182,182,182],"floor_reached":23,"playtime":1694,"items_purged":["Regret"],"score":228,"play_id":"4bbaf53b-cef3-41ce-8e23-a9ee702f2438","local_time":"20201231093727","is_ascension_mode":true,"campfire_choices":[{"data":"Slimebound:Split","floor":1.0,"key":"SMITH"},{"data":"Slimebound:Gluttony","floor":10.0,"key":"SMITH"},{"data":"Slimebound:MinionMaster","floor":18.0,"key":"SMITH"}],"circlet_count":0,"master_deck":["Slimebound:Tackle","Slimebound:Defend_Slimebound","Slimebound:Defend_Slimebound","Slimebound:Defend_Slimebound","Slimebound:Defend_Slimebound","Slimebound:Split+1","Slimebound:CorrosiveSpit","Slimebound:Teamwork","Slimebound:ComboTackle","Slimebound:HauntingLick","Slimebound:Equalize","Slimebound:FinishingTackle","Slimebound:Gluttony+1","Slimebound:SlimeSpikes","Slimebound:MegaLick","Slimebound:SlimeBarrage","Slimebound:GoopSpray","Slimebound:RainOfGoop","Slimebound:ServeAndProtect","Slimebound:LeechingTouch","Slimebound:MinionMaster+1","CurseOfTheBell","Slimebound:Equalize","Slimebound:SplitBruiser","Slimebound:ViciousTackle+1"],"relics":["Slimebound:AbsorbEndCombat","Slimebound:GreedOozeRelic","Lantern","Juzu Bracelet","Anchor","Tiny Chest","Calling Bell","MawBank","Darkstone Periapt","Gambling Chip"],"acts_visited":["Exordium","TheCity"],"potions_floor_usage":[23,23,23],"damage_taken":[{"damage":12.0,"enemies":"2 Louse","floor":2.0,"turns":2.0},{"damage":24.0,"enemies":"downfall:FleeingMerchant","floor":4.0,"turns":4.0},{"damage":38.0,"enemies":"3 Sentries","floor":6.0,"turns":8.0},{"damage":20.0,"enemies":"Jaw Worm","floor":8.0,"turns":3.0},{"damage":9.0,"enemies":"Gremlin Nob","floor":9.0,"turns":3.0},{"damage":11.0,"enemies":"downfall:FleeingMerchant","floor":11.0,"turns":4.0},{"damage":0.0,"enemies":"Small Slimes","floor":12.0,"turns":2.0},{"damage":16.0,"enemies":"3 Sentries","floor":13.0,"turns":5.0},{"damage":24.0,"enemies":"downfall:FleeingMerchant","floor":14.0,"turns":4.0},{"damage":8.0,"enemies":"2 Fungi Beasts","floor":15.0,"turns":3.0},{"damage":54.0,"enemies":"downfall:Defect","floor":16.0,"turns":7.0},{"damage":24.0,"enemies":"Shell Parasite","floor":19.0,"turns":5.0},{"damage":20.0,"enemies":"downfall:FleeingMerchant","floor":21.0,"turns":4.0},{"damage":32.0,"enemies":"Spheric Guardian","floor":22.0,"turns":4.0},{"damage":32,"enemies":"Slavers","floor":23,"turns":2}],"seed_played":"-6053921523426377402","potions_obtained":[{"floor":6.0,"key":"Dexterity Potion"},{"floor":8.0,"key":"Regen Potion"},{"floor":12.0,"key":"Slimebound:SlimedPotion"},{"floor":13.0,"key":"Slimebound:SlimedPotion"}],"is_trial":false,"path_per_floor":["R","M","?","$","?","E","T","M","E","R","$","M","E","$","M","B",null,"R","M","?","$","M","E"],"character_chosen":"SLIMEBOUND","items_purchased":["Slimebound:SlimeBarrage"],"campfire_rested":0,"item_purchase_floors":[11],"current_hp_per_floor":[60,59,59,50,50,28,28,22,29,29,36,44,58,54,60,22,60,60,50,50,44,30,0,0,0],"gold":182,"neow_bonus":"TRANSFORM_TWO_CARDS","is_daily":false,"chose_seed":false,"campfire_upgraded":3,"win_rate":0.0,"timestamp":1609407447,"path_taken":["R","M","?","$","?","E","T","M","E","R","$","M","E","$","M","BOSS","R","M","?","$","M","E"],"items_purchased_type":["Card"],"build_version":"2020-12-22","purchased_purges":1,"victory":false,"max_hp_per_floor":[60,60,60,60,60,60,60,60,60,60,60,60,60,60,60,60,60,60,60,60,60,60,60,60,60],"relic_stats":{"Darkstone Periapt":0,"counters":[15,57],"Gambling Chip":[7],"Tiny Chest":0,"Juzu Bracelet":0,"MawBank":72,"obtain_stats":[{"Slimebound:GreedOozeRelic":5,"Calling Bell":17,"Darkstone Periapt":17,"Lantern":6,"Anchor":9,"Gambling Chip":17,"Tiny Chest":13,"Slimebound:AbsorbEndCombat":0,"Juzu Bracelet":7,"MawBank":17},{"Slimebound:GreedOozeRelic":2,"Calling Bell":11,"Darkstone Periapt":11,"Lantern":3,"Anchor":5,"Gambling Chip":11,"Tiny Chest":8,"Slimebound:AbsorbEndCombat":0,"Juzu Bracelet":3,"MawBank":11},{"Slimebound:GreedOozeRelic":6,"Calling Bell":43,"Darkstone Periapt":43,"Lantern":13,"Anchor":18,"Gambling Chip":43,"Tiny Chest":29,"Slimebound:AbsorbEndCombat":0,"Juzu Bracelet":13,"MawBank":43}]},"card_choices":[{"not_picked":["Slimebound:ForwardTackle","Slimebound:GrowthPunch"],"picked":"Slimebound:HauntingLick","floor":2.0},{"not_picked":["Slimebound:SplitBruiser","Slimebound:SamplingLick"],"picked":"Slimebound:Equalize","floor":4.0},{"not_picked":["Slimebound:PressTheAttack","Slimebound:DivideAndConquer"],"picked":"Slimebound:FinishingTackle","floor":6.0},{"not_picked":["Slimebound:RainOfGoop","Slimebound:ViciousTackle"],"picked":"Slimebound:Gluttony","floor":8.0},{"not_picked":["Slimebound:ServeAndProtect","Slimebound:TongueLash"],"picked":"Slimebound:SlimeSpikes","floor":9.0},{"not_picked":["Slimebound:Schlurp","Slimebound:SlimeSpikes"],"picked":"Slimebound:MegaLick","floor":11.0},{"not_picked":["Slimebound:DisruptingSlam","Slimebound:ProtectTheBoss"],"picked":"Slimebound:GoopSpray","floor":12.0},{"not_picked":["Slimebound:ForwardTackle","Slimebound:BestDefense"],"picked":"Slimebound:RainOfGoop","floor":13.0},{"not_picked":["Slimebound:FirmFortitude","Slimebound:ViciousTackle"],"picked":"Slimebound:ServeAndProtect","floor":14.0},{"not_picked":["Slimebound:SplitAcid","Slimebound:FlameTackle"],"picked":"Slimebound:LeechingTouch","floor":15.0},{"not_picked":["Slimebound:DuplicatedForm","Slimebound:OneTwoCombo"],"picked":"Slimebound:MinionMaster","floor":16.0},{"not_picked":["Slimebound:DivideAndConquer","Slimebound:RollThrough"],"picked":"Slimebound:Equalize","floor":19.0},{"not_picked":["Slimebound:FirmFortitude","Slimebound:ViciousTackle"],"picked":"Slimebound:SplitBruiser","floor":21.0},{"not_picked":["Slimebound:DivideAndConquer","Slimebound:RainOfGoop"],"picked":"Slimebound:ViciousTackle+1","floor":22.0}],"player_experience":1324944,"relics_obtained":[{"floor":6.0,"key":"Lantern"},{"floor":7.0,"key":"Juzu Bracelet"},{"floor":9.0,"key":"Anchor"},{"floor":13.0,"key":"Tiny Chest"},{"floor":17.0,"key":"MawBank"},{"floor":17.0,"key":"Darkstone Periapt"},{"floor":17.0,"key":"Gambling Chip"}],"event_choices":[{"damage_healed":0.0,"max_hp_gain":0.0,"max_hp_loss":0.0,"gold_gain":0.0,"event_name":"Ghosts","player_choice":"Ignored","floor":20.0,"gold_loss":0.0,"damage_taken":0.0}],"is_beta":false,"boss_relics":[{"not_picked":["downfall:Hecktoplasm","Sozu"],"picked":"Calling Bell"}],"items_purged_floors":[4],"is_endless":false,"potions_floor_spawned":[6,8,12,13,16,19,22],"killed_by":"Slavers","ascension_level":2}}