{"host":"be3r5d8qs4ku9xfy","time":1609423901,"event":{"mods":["2.2 Compatiblity","AchievementEnabler","Act Like it!","Aspiration","BaseMod","Better Altar","Better Note","Better Sensory Stone","Better Skull","Better Third Choice","BetterRewards","Card Forge","Colored Map","Colored Powertips","DNKmod","Defuse TimeMaze Blight","Downfall","Friendly Minions","Gensokyo","Hallownest","Hero for Fun","Highlight Path","Hubris","Infinite Spire","Keyboard Shortcuts","Lobotomy","Minty Spire (QoL Compilation)","Quick Restart","Rare Cards Sparkle","Replay The Spire","Shop Mod","StSLib","SuperFastMode","The Bug Knight","The Construct"],"gold_per_floor":[1265,1413,1425,1425,1445,1445,1445,1456,1480,1508,1524,1552,1565,1578,1578,1683,1683,1695,1713,1633,1651,1667,1667,1682,1696,1719,1719,1730,1748,1748,1748],"floor_reached":30,"playtime":1048,"items_purged":[],"score":375,"play_id":"2f12aefb-9901-4a2f-a275-5c3c0eec5b4e","local_time":"20201231091141","is_ascension_mode":false,"campfire_choices":[{"floor":6,"key":"RECALL"},{"data":"Consecutive_Normal_Punch","floor":15,"key":"SMITH"},{"data":"Hallownest:skillCityofTearsMap","floor":23,"key":"SMITH"},{"data":"champ:Strike","floor":27,"key":"SMITH"}],"circlet_count":0,"master_deck":["Strike_Y","Strike_Y","Strike_Y","Strike_Y","Strike_Y","Defend_Y","Defend_Y+1","Defend_Y","champ:Strike+1","hexamod:Defend","Normal_Punch","Consecutive_Normal_Punch+1","Slap","hubris:Wrath","Doubt","Hallownest:skillCityofTearsMap+1"],"relics":["Cape","Hammer of Thor","Seething Fire","Anvil of the Gods","Potion Belt","hubris:NiceRug","Boot","hubris:Towel","Replay:Baseball","MealTicket","Kintsugi","ReplayFunnel"],"acts_visited":["Hallownest:Greenpath","Hallownest:CityofTears"],"potions_floor_usage":[],"damage_taken":[{"damage":0,"enemies":"Hallownest:monsterHuskWarrior","floor":1,"turns":1},{"damage":0,"enemies":"hubris:Merchant","floor":2,"turns":2},{"damage":0,"enemies":"Hallownest:2_Baldur","floor":3,"turns":1},{"damage":0,"enemies":"Hallownest:2_Tiktiks_and_1_Crawlid","floor":5,"turns":1},{"damage":0,"enemies":"Hallownest:monsterAspidMother","floor":8,"turns":1},{"damage":0,"enemies":"Hallownest:eliteMossKnight","floor":10,"turns":1},{"damage":0,"enemies":"Hallownest:Guard_and_Warrior","floor":11,"turns":2},{"damage":0,"enemies":"Hallownest:eliteCrystalGuardian","floor":12,"turns":1},{"damage":0,"enemies":"Hallownest:monsterMossCharger","floor":13,"turns":1},{"damage":0,"enemies":"Hallownest:monsterFoolEater","floor":14,"turns":1},{"damage":0,"enemies":"Hallownest:BossHornet","floor":16,"turns":1},{"damage":0,"enemies":"Hallownest:Guard_and_Sentry","floor":18,"turns":1},{"damage":0,"enemies":"Hallownest:3_Youths","floor":19,"turns":1},{"damage":0,"enemies":"Hallownest:monsterShrumalOgre","floor":21,"turns":1},{"damage":0,"enemies":"Hallownest:Master_and_Novice","floor":22,"turns":1},{"damage":0,"enemies":"Hallownest:2_Flukemon","floor":24,"turns":2},{"damage":0,"enemies":"Hallownest:monsterMisterMushroom","floor":25,"turns":1},{"damage":0,"enemies":"Hallownest:monsterShrumalOgre","floor":28,"turns":1},{"damage":0,"enemies":"Hallownest:2_Flukemon","floor":29,"turns":2}],"seed_played":"8062534065373295455","potions_obtained":[{"floor":2,"key":"sneckomod:MuddlingPotion"},{"floor":2,"key":"SpeedPotion"},{"floor":2,"key":"Energy Potion"},{"floor":3,"key":"BlessingOfTheForge"},{"floor":5,"key":"Guardian:BlockOnCardUsePotion"},{"floor":16,"key":"Reflective Coating"}],"is_trial":false,"path_per_floor":["M","$","M","?","M","R","?","M","T","E","M","E","M","M","R","B",null,"M","M","?","M","M","R","M","M","T","R","M","M","$"],"character_chosen":"OPM","items_purchased":["Potion Belt"],"campfire_rested":0,"item_purchase_floors":[2],"current_hp_per_floor":[100,100,100,100,100,100,100,100,100,100,100,100,100,100,100,100,100,100,100,100,100,100,100,100,100,100,100,100,100,100,100],"gold":1748,"neow_bonus":"TWO_FIFTY_GOLD","is_daily":false,"chose_seed":false,"campfire_upgraded":3,"win_rate":0.0,"timestamp":1609423901,"path_taken":["M","$","M","?","M","R","?","M","T","E","M","E","M","M","R","BOSS","M","M","?","M","M","R","M","M","T","R","M","M","$"],"items_purchased_type":["Relic"],"build_version":"2020-12-22","purchased_purges":0,"victory":false,"max_hp_per_floor":[100,100,100,100,100,100,100,100,100,100,100,100,100,100,100,100,100,100,100,100,100,100,100,100,100,100,100,100,100,100,100],"card_choices":[{"not_picked":["Ignore","Yawn"],"picked":"Wear_Disguise","floor":1},{"not_picked":[],"picked":"Normal_Punch","floor":2},{"not_picked":[],"picked":"Consecutive_Normal_Punch","floor":2},{"not_picked":[],"picked":"Get_Hopes_Up","floor":2},{"not_picked":[],"picked":"Yawn","floor":2},{"not_picked":["Wear_Disguise"],"picked":"SKIP","floor":2},{"not_picked":["expansioncontent:YouAreMine"],"picked":"SKIP","floor":2},{"not_picked":["HandOfGreed"],"picked":"SKIP","floor":2},{"not_picked":["Consecutive_Normal_Punch","Yawn"],"picked":"Slap","floor":3},{"not_picked":["Ignore","Oh","Side_Hop"],"picked":"SKIP","floor":5},{"not_picked":["Ignore","Yawn","Hop"],"picked":"SKIP","floor":8},{"not_picked":["Normal_Punch","Side_Hop","Ignore"],"picked":"SKIP","floor":10},{"not_picked":["Ignore","Hop","Yawn"],"picked":"SKIP","floor":11},{"not_picked":["Do_Nothing","Slap","Ignore"],"picked":"SKIP","floor":12},{"not_picked":["Yawn","Normal_Punch","Side_Hop"],"picked":"SKIP","floor":13},{"not_picked":["Consecutive_Normal_Punch","Serious_Punch","Yawn"],"picked":"SKIP","floor":14},{"not_picked":["Normal_Punch","Do_Nothing+1","Toss_Stone"],"picked":"SKIP","floor":18},{"not_picked":["Slap+1","Ignore","Yawn+1"],"picked":"SKIP","floor":19},{"not_picked":["Yawn","Do_Nothing","Side_Hop"],"picked":"SKIP","floor":21},{"not_picked":["Consecutive_Normal_Punch","Side_Hop","Toss_Stone"],"picked":"SKIP","floor":22},{"not_picked":["Side_Hop+1","Yawn+1","Normal_Punch"],"picked":"SKIP","floor":24},{"not_picked":["Ignore","Slap","Yawn+1"],"picked":"SKIP","floor":25},{"not_picked":["Toss_Stone","Hip_Strike","Ignore"],"picked":"SKIP","floor":28},{"not_picked":["Yawn","Oh","Hop+1"],"picked":"SKIP","floor":29}],"player_experience":19465,"relics_obtained":[{"floor":2,"key":"Boot"},{"floor":10,"key":"Replay:Baseball"},{"floor":12,"key":"MealTicket"},{"floor":26,"key":"ReplayFunnel"}],"event_choices":[],"is_beta":false,"boss_relics":[{"not_picked":["Replay:Bronze Core","ReplayTheSpireMod:DimensionalGlitch"],"picked":"Kintsugi"}],"items_purged_floors":[],"is_endless":false,"potions_floor_spawned":[3,5,8,10,13,16,19,22,25],"ascension_level":0}}