{"host":"zxezw9t7myeayiva","time":1609446182,"event":{"mods":["2.2 Compatiblity","Act Like it!","BaseMod","Colored Map","Downfall","Hallownest","Hermit","Infinite Spire","Lobotomy","Marisa????????","Minty Spire (QoL Compilation)","Replay The Spire","Somnambulant","StSLib","The Animator","The Cursed","The Disciple","The Hierophant","The Jungle","The Servant 0.9.4"],"gold_per_floor":[99,99,189,189,189,189,189,189,189,189,189,189,201,217,228,325,325,325,339,353,353,370,370,418,432,432,444,444,444,444,444],"floor_reached":29,"playtime":5953,"items_purged":[],"score":211,"play_id":"0179a0b8-018d-4891-a1bc-bc54b31ab2ae","local_time":"20201231142302","is_ascension_mode":false,"campfire_choices":[{"data":"hexamod:Float","floor":6,"key":"SMITH"},{"floor":18,"key":"DIG"},{"data":"Sickly","floor":26,"key":"PURGE"},{"floor":28,"key":"REST"}],"circlet_count":0,"master_deck":["hexamod:Strike","hexamod:Strike","hexamod:Strike","hexamod:Strike","hexamod:Defend","hexamod:Defend","hexamod:Defend","hexamod:Defend","hexamod:Sear","hexamod:Float+1","Regret_ego","hexamod:FirstSeal","Seek+1","Amita","ShedSkin","animator:YaoHaDucy","SporeBomb","animator:Hibiki","somnambulantmod: Sleepyhead+1","sneckomod:UnknownClassINFINITE_BLACK","hexamod:ThirdSeal","champ:StanceDance","Guardian:WalkerClaw","hierophant:FieryStrike","ReplayTheSpireMod:Calculation Training+1","ThirdEye+1","animator:FielNirvalen"],"relics":["hexamod:SpiritBrand","downfall:HeartsMalice","PrismaticShard","MealTicket","ReplayTheSpireMod:Lightbulb","Iron Hammer","Ring of Misfortune","Ring of Fangs","ChewingGum","Peace Pipe","infinitespire:Lucky Rock"],"acts_visited":["Exordium","TheCity"],"potions_floor_usage":[16,22,29],"damage_taken":[{"damage":0,"enemies":"Cultist","floor":8,"turns":1},{"damage":0,"enemies":"2 Louse","floor":10,"turns":1},{"damage":0,"enemies":"Small Slimes","floor":12,"turns":1},{"damage":0,"enemies":"2 Fungi Beasts","floor":13,"turns":4},{"damage":1,"enemies":"3 Louse","floor":14,"turns":7},{"damage":0,"enemies":"Gremlin Gang","floor":15,"turns":8},{"damage":8,"enemies":"downfall:Watcher","floor":16,"turns":12},{"damage":0,"enemies":"3 Byrds","floor":19,"turns":6},{"damage":7,"enemies":"Shelled Parasite and Fungi","floor":20,"turns":15},{"damage":23,"enemies":"3 Cultists","floor":22,"turns":6},{"damage":18,"enemies":"Cultist and Chosen","floor":25,"turns":13},{"damage":27,"enemies":"Snecko","floor":27,"turns":12},{"damage":33,"enemies":"Shelled Parasite and Fungi","floor":29,"turns":4}],"seed_played":"-5098720840110507126","potions_obtained":[{"floor":14,"key":"Strength Potion"},{"floor":15,"key":"Fire Potion"},{"floor":16,"key":"BlessingOfTheForge"},{"floor":19,"key":"Slimebound:ThreeZeroPotion"},{"floor":27,"key":"SkillPotion"}],"is_trial":false,"path_per_floor":["R_BF","?","?","?","?","R","T","M","?","M","?","M","M","M","M","B",null,"R_BF","M","M","?","M","?","T","M","R","M","R","M"],"character_chosen":"THE_SPIRIT","items_purchased":[],"campfire_rested":1,"item_purchase_floors":[],"current_hp_per_floor":[70,70,53,53,50,50,50,50,50,50,50,50,57,63,70,69,70,70,70,70,70,54,41,41,30,30,10,32,0,0,0],"gold":444,"neow_bonus":"THREE_ENEMY_KILL","is_daily":false,"chose_seed":false,"campfire_upgraded":1,"win_rate":0.0,"timestamp":1609446182,"path_taken":["R_BF","?","?","?","?","R","T","M","?","?","?","M","M","M","M","BOSS","R_BF","M","M","?","M","?","T","M","R","M","R","M"],"items_purchased_type":[],"build_version":"2020-12-22","purchased_purges":0,"victory":false,"max_hp_per_floor":[70,70,70,70,70,70,70,70,70,70,70,70,70,70,70,70,70,70,70,70,70,70,75,75,75,75,75,75,75,75,75],"card_choices":[{"not_picked":["Thunderclap","Tactician"],"picked":"Regret_ego","floor":3},{"not_picked":["animator:YaoHaDucy","Blade Dance"],"picked":"hexamod:FirstSeal","floor":3},{"not_picked":["champ:RapidStrikes","Replay:AtTheReady"],"picked":"hermit:Roulette","floor":8},{"not_picked":["hermit:Spite","TheCursedMod:PrepareRite"],"picked":"Dagger Throw","floor":10},{"not_picked":["Cloak And Dagger","Guardian:SphericShield"],"picked":"Amita","floor":12},{"not_picked":["Beak","somnambulantmod: AllForNothing"],"picked":"ShedSkin","floor":13},{"not_picked":["animator:ChaikaBohdan","animator:PandorasActor"],"picked":"animator:YaoHaDucy","floor":14},{"not_picked":["hexamod:ThermalTransfer","animator:Ain"],"picked":"SporeBomb","floor":15},{"not_picked":["animator:Saitama","Justitia"],"picked":"animator:Hibiki","floor":16},{"not_picked":["Slice","Acrobatics"],"picked":"somnambulantmod: Sleepyhead+1","floor":19},{"not_picked":["Singularity","champ:Haymaker+1"],"picked":"sneckomod:UnknownClassINFINITE_BLACK","floor":20},{"not_picked":["sneckomod:TrashToTreasure","Replay:AtTheReady+1"],"picked":"champ:StanceDance","floor":22},{"not_picked":["animator:SilverFang","animator:Illya"],"picked":"Guardian:WalkerClaw","floor":22},{"not_picked":["animator:Chung+1","Underhanded Strike+1"],"picked":"hierophant:FieryStrike","floor":25},{"not_picked":["Slimebound:GoopSpray+1","hermit:LowProfile"],"picked":"ReplayTheSpireMod:Calculation Training+1","floor":25},{"not_picked":["CrimsonScar+1","Slimebound:FinishingTackle"],"picked":"ThirdEye+1","floor":27},{"not_picked":["OortCloud","Alleviate"],"picked":"animator:FielNirvalen","floor":27}],"player_experience":336066,"relics_obtained":[{"floor":3,"key":"MealTicket"},{"floor":7,"key":"Iron Hammer"},{"floor":11,"key":"Ring of Misfortune"},{"floor":11,"key":"Ring of Fangs"},{"floor":18,"key":"Peace Pipe"},{"floor":24,"key":"infinitespire:Lucky Rock"}],"event_choices":[{"damage_healed":0,"gold_gain":0,"player_choice":"Success","damage_taken":3,"relics_obtained":["ReplayTheSpireMod:Lightbulb"],"max_hp_gain":0,"max_hp_loss":0,"event_name":"Scrap Ooze","floor":5,"gold_loss":0},{"cards_removed":["hermit:Roulette"],"damage_healed":0,"gold_gain":0,"player_choice":"Took Card","damage_taken":0,"max_hp_gain":0,"max_hp_loss":0,"event_name":"NoteForYourself","floor":9,"gold_loss":0,"cards_obtained":["Seek"]}],"is_beta":false,"boss_relics":[{"not_picked":["Honey Jar","Replay:Ancient Bell"],"picked":"ChewingGum"}],"items_purged_floors":[],"is_endless":false,"potions_floor_spawned":[14,15,16,19,27],"killed_by":"Shelled Parasite and Fungi","ascension_level":0}}