{"host":"eeeqmyc7a1933jos","time":1609442941,"event":{"mods":["2.2 Compatiblity","Act Like it!","BaseMod","CapriCore","Colored Powertips","Conspire","Downfall","Elementarium","Friendly Minions","Gensokyo","GifTheSpireLib","Gremlin Mod","Hallownest","Hermit","Hubris","Infinite Spire","Jorbs\u0027s Wanderer Trilogy","Marisa????????","Mimic Mod","Minty Spire (QoL Compilation)","Pale of the Ancients","Random Character Button","Random Character Mod","Reimu??????","Relic Sorter","Relic Stats","Replay The Spire","SIMod","Shade Mod","StSLib","The Administrix","The Bug Knight","The Hierophant","The Immortal","The Mystic","The Runesmith","The Senshi","The Vixen","TheBandit","TheFirefly","TheVacant","Wandering Minibosses"],"gold_per_floor":[99,116,116,116,116,142,212,223,248,248,57,77,77,94,111,111,111],"floor_reached":16,"playtime":1082,"items_purged":["hermit:Defend_Hermit"],"score":115,"play_id":"16a9765a-540a-4452-b0b4-83a196e97a47","local_time":"20201231202901","is_ascension_mode":true,"campfire_choices":[{"data":"hermit:Determination","floor":10,"key":"SMITH"},{"floor":13,"key":"REST"}],"circlet_count":0,"master_deck":["hermit:Strike_Hermit","hermit:Strike_Hermit","hermit:Strike_Hermit","hermit:Defend_Hermit","hermit:Defend_Hermit","hermit:Defend_Hermit","hermit:Snapshot","hermit:Covet","hexamod:Haunted","hermit:Determination+1","Injury","Pain","hermit:Coalescence","hermit:Virtue","hermit:HeroicBravado","hermit:Virtue","hermit:LuckOfTheDraw","hermit:SprayPray","hermit:Snipe","hermit:LowProfile"],"relics":["hermit:Momento","hubris:Icosahedron","Blue Candle","Chameleon Ring","Gensokyo:LunaticRedEyes","Darkstone Periapt","infinitespire:FocusingShard","Vajra"],"acts_visited":["Exordium"],"potions_floor_usage":[9,16],"damage_taken":[{"damage":7,"enemies":"Gensokyo:Python","floor":2,"turns":3},{"damage":20,"enemies":"Gensokyo:Mamizou","floor":6,"turns":8},{"damage":1,"enemies":"Gensokyo:3_Fairies","floor":8,"turns":4},{"damage":17,"enemies":"Gensokyo:Cirno","floor":9,"turns":7},{"damage":10,"enemies":"downfall:FleeingMerchant","floor":11,"turns":4},{"damage":0,"enemies":"Gensokyo:2_Kodama","floor":12,"turns":2},{"damage":1,"enemies":"Gensokyo:Kitsune","floor":14,"turns":3},{"damage":0,"enemies":"Gensokyo:3_Kodama","floor":15,"turns":4},{"damage":42,"enemies":"downfall:Defect","floor":16,"turns":4}],"seed_played":"-4795922081592705525","potions_obtained":[{"floor":6,"key":"Languid Potion"},{"floor":14,"key":"Cursed Concoction"}],"is_trial":false,"path_per_floor":["R","M","?","?","?","E","T","M","E","R","$","M","R","M","M","B"],"character_chosen":"HERMIT","items_purchased":["hermit:LuckOfTheDraw","hermit:SprayPray"],"campfire_rested":1,"item_purchase_floors":[11,11],"current_hp_per_floor":[75,68,68,68,68,48,48,47,30,30,20,20,42,41,41,0,0],"gold":111,"neow_bonus":"REMOVE_CARD","is_daily":false,"chose_seed":false,"campfire_upgraded":1,"win_rate":0.0,"timestamp":1609442941,"path_taken":["R","M","?","?","?","E","T","M","E","R","$","M","R","?","M","BOSS"],"items_purchased_type":["Card","Card"],"build_version":"2020-12-22","purchased_purges":1,"victory":false,"max_hp_per_floor":[75,75,75,75,75,75,75,75,75,75,75,75,75,75,75,75,75],"relic_stats":{"Darkstone Periapt":0,"counters":[9,39],"Blue Candle":[13],"obtain_stats":[{"Darkstone Periapt":6,"Chameleon Ring":3,"hubris:Icosahedron":4,"Blue Candle":1,"Vajra":9,"infinitespire:FocusingShard":7,"hermit:Momento":0,"Gensokyo:LunaticRedEyes":5},{"Darkstone Periapt":2,"Chameleon Ring":1,"hubris:Icosahedron":1,"Blue Candle":0,"Vajra":4,"infinitespire:FocusingShard":2,"hermit:Momento":0,"Gensokyo:LunaticRedEyes":1},{"Darkstone Periapt":11,"Chameleon Ring":3,"hubris:Icosahedron":3,"Blue Candle":0,"Vajra":22,"infinitespire:FocusingShard":11,"hermit:Momento":0,"Gensokyo:LunaticRedEyes":3}]},"card_choices":[{"not_picked":["hermit:HoleUp","hermit:Quickdraw"],"picked":"hermit:Determination","floor":2},{"not_picked":["hermit:TrackingShot","hermit:Headshot"],"picked":"hermit:Coalescence","floor":6},{"not_picked":["hermit:Desperado","hermit:Misfire"],"picked":"hermit:Virtue","floor":8},{"not_picked":["hermit:Ricochet","hermit:TakeAim"],"picked":"hermit:HeroicBravado","floor":9},{"not_picked":["hermit:Maintenance","hermit:Snipe"],"picked":"hermit:Virtue","floor":11},{"not_picked":["hermit:CalledShot","hermit:Deadeye"],"picked":"hermit:Snipe","floor":12},{"not_picked":["hermit:Dive","hermit:Headshot","hermit:Feint"],"picked":"SKIP","floor":14},{"not_picked":["hermit:OverwhelmingPower","hermit:FlashPowder"],"picked":"hermit:LowProfile","floor":15}],"player_experience":1393346,"relics_obtained":[{"floor":6,"key":"Darkstone Periapt"},{"floor":7,"key":"infinitespire:FocusingShard"},{"floor":9,"key":"Vajra"}],"event_choices":[],"is_beta":false,"boss_relics":[],"items_purged_floors":[11],"is_endless":false,"potions_floor_spawned":[6,14],"killed_by":"downfall:Defect","ascension_level":1}}