{"host":"szp1d6dso4pv7ddl","time":1609395507,"event":{"mods":["AchievementEnabler","Alarm Clock","BaseMod","Bestiary","Block Reminder","Colored Map","Colored Powertips","Curses Come First","Displayed Cursed Tome","Highlight Path","Minty Spire (QoL Compilation)","Permanent Neow","Quick Restart","Relic Sorter","Relic Stats","StSLib","Synergy Search"],"gold_per_floor":[99,99,99,99,99,99,99],"floor_reached":6,"playtime":233,"items_purged":[],"score":63,"play_id":"d158c3a4-5e6a-4a95-a928-22ff6c35b343","local_time":"20201230221827","is_ascension_mode":true,"campfire_choices":[],"circlet_count":0,"master_deck":["AscendersBane","Strike_G","Strike_G","Strike_G","Strike_G","Strike_G","Defend_G","Defend_G","Defend_G","Defend_G","Defend_G","Survivor","Neutralize","Riddle With Holes","Accuracy"],"relics":["Ectoplasm"],"acts_visited":["Exordium"],"potions_floor_usage":[],"damage_taken":[{"damage":3,"enemies":"Small Slimes","floor":1,"turns":5},{"damage":4,"enemies":"Jaw Worm","floor":2,"turns":3},{"damage":0,"enemies":"2 Louse","floor":4,"turns":3},{"damage":62,"enemies":"Gremlin Nob","floor":6,"turns":6}],"seed_played":"6066907491632318449","potions_obtained":[{"floor":2,"key":"Ancient Potion"},{"floor":4,"key":"Dexterity Potion"}],"is_trial":false,"path_per_floor":["M","M","$","M","?","E"],"character_chosen":"THE_SILENT","items_purchased":[],"campfire_rested":0,"item_purchase_floors":[],"current_hp_per_floor":[56,52,52,52,52,0,0],"gold":99,"neow_bonus":"BOSS_RELIC","is_daily":false,"chose_seed":false,"campfire_upgraded":0,"win_rate":0.0,"timestamp":1609395507,"path_taken":["M","M","$","M","?","E"],"items_purchased_type":[],"build_version":"2020-12-22","purchased_purges":0,"victory":false,"max_hp_per_floor":[66,66,66,66,66,66,66],"relic_stats":{"counters":[4,17],"Ectoplasm":47,"obtain_stats":[{"Ectoplasm":0,"Ring of the Snake":0},{"Ectoplasm":0,"Ring of the Snake":0},{"Ectoplasm":0,"Ring of the Snake":0}]},"card_choices":[{"not_picked":["Dagger Spray","Underhanded Strike"],"picked":"Riddle With Holes","floor":1},{"not_picked":["Blade Dance","Prepared"],"picked":"Accuracy","floor":2},{"not_picked":["Dagger Spray","Dodge and Roll","Prepared"],"picked":"SKIP","floor":4}],"player_experience":1080252,"relics_obtained":[],"event_choices":[{"damage_healed":0,"gold_gain":0,"player_choice":"Ignored","damage_taken":0,"max_hp_gain":0,"max_hp_loss":0,"event_name":"Liars Game","floor":5,"gold_loss":0}],"is_beta":false,"boss_relics":[],"items_purged_floors":[],"is_endless":false,"potions_floor_spawned":[2,4],"killed_by":"Gremlin Nob","ascension_level":15}}