{"host":"7o30bgpqouqblh42","time":1609384270,"event":{"mods":["AchievementEnabler","Aspiration","BaseMod","Colored Map","Downfall","Highlight Path","Minty Spire (QoL Compilation)","StSLib","SuperFastMode"],"gold_per_floor":[116,131,131,131,152,183,183,203,203,216,285,360,383,396,396,527,527,546,546,69,83,123,161,161,61,61,82,123,123,177,177,177,303,303,317,338,401,422,152,152,191,191,191],"floor_reached":42,"playtime":2790,"items_purged":["Strike_G","Defend_G","Strike_G"],"score":561,"play_id":"a68764d1-5f94-4056-9804-cd21cf6bf51f","local_time":"20201230221110","is_ascension_mode":true,"campfire_choices":[{"data":"Predator","floor":7,"key":"SMITH"},{"floor":15,"key":"REST"},{"data":"Dash","floor":24,"key":"SMITH"},{"floor":40,"key":"RECALL"}],"circlet_count":0,"master_deck":["Strike_G","Strike_G","Strike_G","Defend_G","Defend_G","Defend_G","Defend_G","Survivor","Neutralize","Underhanded Strike","Predator+1","Crippling Poison","Skewer","Adrenaline","Dagger Throw","Well Laid Plans","Doppelganger+1","Leg Sweep+1","Dash+1","Envenom","HandOfGreed","Eviscerate+1","Dagger Throw","All Out Attack","Phantasmal Killer","CurseOfTheBell","All Out Attack","aspiration:Lunge","Terror","Masterful Stab+1"],"relics":["Velvet Choker","Golden Idol","Snake Skull","Vajra","Sozu","Pen Nib","PreservedInsect","War Paint","aspiration:ArtOfWarUpgrade","Oddly Smooth Stone","Calling Bell","Toy Ornithopter","Eternal Feather","The Specimen","Prayer Wheel","Ancient Tea Set","Anchor"],"acts_visited":["Exordium","TheCity","TheBeyond"],"potions_floor_usage":[11,12,13,16,16,16,28],"damage_taken":[{"damage":3,"enemies":"Small Slimes","floor":1,"turns":7},{"damage":0,"enemies":"Jaw Worm","floor":2,"turns":4},{"damage":0,"enemies":"Cultist","floor":5,"turns":3},{"damage":28,"enemies":"3 Sentries","floor":6,"turns":10},{"damage":3,"enemies":"Blue Slaver","floor":8,"turns":3},{"damage":0,"enemies":"Large Slime","floor":10,"turns":4},{"damage":15,"enemies":"Lagavulin Event","floor":11,"turns":5},{"damage":0,"enemies":"Lots of Slimes","floor":13,"turns":1},{"damage":0,"enemies":"2 Fungi Beasts","floor":14,"turns":2},{"damage":16,"enemies":"The Guardian","floor":16,"turns":9},{"damage":12,"enemies":"Chosen","floor":18,"turns":3},{"damage":1,"enemies":"Spheric Guardian","floor":21,"turns":3},{"damage":0,"enemies":"Centurion and Healer","floor":22,"turns":3},{"damage":22,"enemies":"Book of Stabbing","floor":23,"turns":4},{"damage":0,"enemies":"3 Cultists","floor":27,"turns":3},{"damage":6,"enemies":"Gremlin Leader","floor":28,"turns":4},{"damage":21,"enemies":"Slavers","floor":30,"turns":5},{"damage":44,"enemies":"Collector","floor":33,"turns":7},{"damage":30,"enemies":"3 Darklings","floor":35,"turns":3},{"damage":5,"enemies":"Orb Walker","floor":36,"turns":3},{"damage":0,"enemies":"Mind Bloom Boss Battle","floor":37,"turns":2},{"damage":11,"enemies":"Transient","floor":38,"turns":5},{"damage":22,"enemies":"Reptomancer","floor":41,"turns":3},{"damage":23,"enemies":"Spire Growth","floor":42,"turns":2}],"seed_played":"-4719617748125400962","potions_obtained":[{"floor":10,"key":"Regen Potion"},{"floor":11,"key":"EntropicBrew"},{"floor":14,"key":"sneckomod:MuddlingPotion"},{"floor":16,"key":"DuplicationPotion"}],"is_trial":false,"path_per_floor":["M","M","?","?","M","E","R","M","T","M","?","?","M","M","R","B",null,"M","?","$","M","M","E","R","$","T","M","E","R","E","?","R","B",null,"M","M","?","M","$","R","E","M"],"character_chosen":"THE_SILENT","items_purchased":["Pen Nib","Envenom","HandOfGreed","Ancient Tea Set"],"campfire_rested":1,"item_purchase_floors":[20,20,20,39],"current_hp_per_floor":[67,67,67,60,60,32,32,29,29,29,28,21,21,21,42,26,70,58,58,58,57,57,35,35,35,35,35,29,29,8,70,70,26,70,40,35,35,24,24,39,17,0,0],"gold":191,"neow_bonus":"BOSS_RELIC","is_daily":false,"chose_seed":false,"campfire_upgraded":2,"win_rate":0.0,"timestamp":1609384270,"path_taken":["M","M","?","?","M","E","R","M","T","M","?","?","M","?","R","BOSS","M","?","$","M","M","E","R","$","T","M","E","R","E","?","R","BOSS","M","?","?","M","$","R","E","M"],"items_purchased_type":["Relic","Card","Card","Relic"],"build_version":"2020-12-22","purchased_purges":3,"victory":false,"max_hp_per_floor":[70,70,70,70,70,70,70,70,70,70,70,70,70,70,70,70,70,70,70,70,70,70,70,70,70,70,70,70,70,70,70,70,70,70,70,70,70,70,70,70,70,70,70],"card_choices":[{"not_picked":["Prepared","Bane"],"picked":"Underhanded Strike","floor":1},{"not_picked":["Flying Knee","Escape Plan"],"picked":"Predator","floor":2},{"not_picked":["Backstab","Slice"],"picked":"Crippling Poison","floor":5},{"not_picked":["Deflect","Deadly Poison","Acrobatics"],"picked":"SKIP","floor":6},{"not_picked":["Footwork","Cloak And Dagger"],"picked":"Skewer","floor":8},{"not_picked":["Slice","Acrobatics"],"picked":"Adrenaline","floor":10},{"not_picked":["Dagger Spray","Poisoned Stab"],"picked":"Dagger Throw","floor":11},{"not_picked":["Choke","Terror","Slice"],"picked":"SKIP","floor":13},{"not_picked":["Caltrops","Deflect"],"picked":"Well Laid Plans","floor":14},{"not_picked":["Wraith Form v2","Tools of the Trade"],"picked":"Doppelganger","floor":16},{"not_picked":["Prepared+1","Endless Agony+1"],"picked":"Leg Sweep","floor":18},{"not_picked":["Concentrate","Prepared"],"picked":"Eviscerate+1","floor":21},{"not_picked":["Cloak And Dagger","Deadly Poison"],"picked":"Dagger Throw","floor":22},{"not_picked":["Finisher+1","Slice","Flying Knee"],"picked":"SKIP","floor":23},{"not_picked":["Flying Knee+1","Catalyst"],"picked":"All Out Attack","floor":27},{"not_picked":["Distraction+1","Backflip","Predator"],"picked":"SKIP","floor":28},{"not_picked":["Outmaneuver","Dagger Spray","Predator"],"picked":"SKIP","floor":30},{"not_picked":["Burst","Tools of the Trade"],"picked":"Phantasmal Killer","floor":33},{"not_picked":["Reflex+1","Acrobatics","Calculated Gamble+1"],"picked":"SKIP","floor":35},{"not_picked":["Slice","Deadly Poison"],"picked":"All Out Attack","floor":36},{"not_picked":["Concentrate+1","Endless Agony+1"],"picked":"aspiration:Lunge","floor":37},{"not_picked":["Tactician","Cloak And Dagger+1"],"picked":"Terror","floor":38},{"not_picked":["Poisoned Stab+1","Dagger Spray","Dagger Throw"],"picked":"SKIP","floor":38},{"not_picked":["PiercingWail+1","Footwork+1"],"picked":"Masterful Stab+1","floor":41}],"player_experience":200921,"relics_obtained":[{"floor":6,"key":"Snake Skull"},{"floor":11,"key":"Vajra"},{"floor":23,"key":"PreservedInsect"},{"floor":26,"key":"War Paint"},{"floor":28,"key":"Art of War"},{"floor":30,"key":"Oddly Smooth Stone"},{"floor":34,"key":"Toy Ornithopter"},{"floor":34,"key":"Eternal Feather"},{"floor":34,"key":"The Specimen"},{"floor":37,"key":"Prayer Wheel"},{"floor":41,"key":"Anchor"}],"event_choices":[{"damage_healed":0,"gold_gain":0,"player_choice":"Take Wound","damage_taken":0,"relics_obtained":["Golden Idol"],"max_hp_gain":0,"max_hp_loss":0,"event_name":"Golden Idol","floor":3,"gold_loss":0,"cards_obtained":["Injury"]},{"cards_removed":["Injury"],"damage_healed":0,"gold_gain":0,"player_choice":"Card Removal","damage_taken":7,"max_hp_gain":0,"max_hp_loss":0,"event_name":"Golden Wing","floor":4,"gold_loss":0},{"damage_healed":0,"gold_gain":0,"player_choice":"Searched \u00271\u0027 times","damage_taken":0,"max_hp_gain":0,"max_hp_loss":0,"event_name":"Dead Adventurer","floor":11,"gold_loss":0},{"damage_healed":0,"gold_gain":75,"player_choice":"Touch","damage_taken":7,"max_hp_gain":0,"max_hp_loss":0,"event_name":"FaceTrader","floor":12,"gold_loss":0},{"damage_healed":0,"gold_gain":0,"player_choice":"Read","damage_taken":0,"max_hp_gain":0,"max_hp_loss":0,"event_name":"The Library","floor":19,"gold_loss":0,"cards_obtained":["Dash"]},{"damage_healed":62,"gold_gain":0,"player_choice":"Full Heal","damage_taken":0,"max_hp_gain":0,"max_hp_loss":0,"event_name":"Wheel of Change","floor":31,"gold_loss":0},{"damage_healed":0,"gold_gain":0,"player_choice":"Fight","damage_taken":0,"max_hp_gain":0,"max_hp_loss":0,"event_name":"MindBloom","floor":37,"gold_loss":0}],"is_beta":false,"boss_relics":[{"not_picked":["Black Star","Cursed Key"],"picked":"Sozu"},{"not_picked":["Busted Crown","HoveringKite"],"picked":"Calling Bell"}],"items_purged_floors":[20,25,39],"is_endless":false,"potions_floor_spawned":[10,11,14,16,18,21,23,35,36,41],"killed_by":"Spire Growth","ascension_level":3}}