{"host":"gzsdmyo07u314vug","time":1609384520,"event":{"mods":["2.2 Compatiblity","BaseMod","Downfall","GifTheSpireLib","Minty Spire (QoL Compilation)","Quick Restart","Rare Cards Sparkle","Relic Stats","Replay The Spire","Shop Mod","StSLib","The Bug Knight","The Construct","The Elementalist","The Servant 0.9.4","Unceasing Turn Reminder","everything is the same but u backflip on backflip","slay the spire mod where everything is the same but ironclad has a cowboy hat","vexMod"],"gold_per_floor":[117,129,129,3,178,178,103,103,103,115,115,144,9,22,22,117,117,129,54,71,71,94,120,138,138,164,164,13,27,59,71,71,171,171,190,165,125,140,140,140,158,13,13,45,62,76,76,76,76,76],"floor_reached":51,"playtime":6548,"items_purged":["Doubt"],"score":788,"play_id":"9a1d1811-efa2-40e7-85dd-1f7ae69626ef","local_time":"20201231001520","is_ascension_mode":false,"campfire_choices":[{"data":"elementalist:Lunar_Form","floor":6.0,"key":"SMITH"},{"data":"elementalist:Low_Tides","floor":8.0,"key":"SMITH"},{"data":"elementalist:Low_Tides","floor":11.0,"key":"SMITH"},{"data":"elementalist:Flame","floor":15.0,"key":"SMITH"},{"data":"elementalist:Aetheric_Shield","floor":25.0,"key":"SMITH"},{"data":"elementalist:Flame","floor":27.0,"key":"SMITH"},{"data":"elementalist:Undertow","floor":32.0,"key":"SMITH"},{"data":"elementalist:Concentricity","floor":40.0,"key":"SMITH"},{"data":"elementalist:Heavensfall","floor":47,"key":"SMITH"},{"data":"elementalist:Airstrike","floor":49,"key":"PURGE"}],"circlet_count":0,"master_deck":["elementalist:Fire_Emblem","elementalist:Fire_Emblem","elementalist:Water_Emblem+1","elementalist:Fire_Emblem+1","elementalist:Fire_Emblem+1","elementalist:Water_Emblem+1","elementalist:Strike+Elemblue","elementalist:Defend_Elemblue","elementalist:Defend_Elemblue","elementalist:Defend_Elemblue","elementalist:Defend_Elemblue","elementalist:Defend_Elemblue","elementalist:Firestrike+1","elementalist:Waterstrike","elementalist:Crystal_Chalk","elementalist:Concentricity+1","elementalist:Spout+1","elementalist:Lunar_Form+1","elementalist:Low_Tides+1","elementalist:Low_Tides+1","elementalist:Mist","elementalist:Flame+1","elementalist:Undertow+1","elementalist:Rising_Tides+1","elementalist:Mage_Hand","elementalist:Aetheric_Shield+1","elementalist:Lunar_Form+1","elementalist:Spout","elementalist:Momentum+1","elementalist:Flame+1","elementalist:Flame+1","elementalist:Confluence","elementalist:Caution","elementalist:Spout+1","elementalist:Erosion","elementalist:Mist","elementalist:Flame+1","elementalist:Heavensfall+1"],"relics":["elementalistmod:MagusStaff","elementalistmod:BlueRibbon","NeowsBlessing","Pocketwatch","Ancient Tea Set","Philosopher\u0027s Stone","vexMod:MemoryStick","ReplayTheSpireMod:Shallot","PreservedInsect","Pear","vexMod:ImprovementManual","DollysMirror","Omamori","Akabeko"],"acts_visited":["Exordium","TheCity","TheBeyond"],"potions_floor_usage":[41,45,50,50,50],"damage_taken":[{"damage":0.0,"enemies":"Jaw Worm","floor":1.0,"turns":1.0},{"damage":0.0,"enemies":"Small Slimes","floor":2.0,"turns":2.0},{"damage":0.0,"enemies":"Cultist","floor":10.0,"turns":1.0},{"damage":4.0,"enemies":"Lagavulin","floor":12.0,"turns":9.0},{"damage":0.0,"enemies":"Blue Slaver","floor":14.0,"turns":4.0},{"damage":1.0,"enemies":"Hexaghost","floor":16.0,"turns":10.0},{"damage":2.0,"enemies":"2 Thieves","floor":18.0,"turns":5.0},{"damage":6.0,"enemies":"Spheric Guardian","floor":20.0,"turns":5.0},{"damage":2.0,"enemies":"Book of Stabbing","floor":23.0,"turns":6.0},{"damage":14.0,"enemies":"Shelled Parasite and Fungi","floor":24.0,"turns":7.0},{"damage":6.0,"enemies":"Snake Plant","floor":29.0,"turns":6.0},{"damage":1.0,"enemies":"Slavers","floor":30.0,"turns":6.0},{"damage":0.0,"enemies":"Snecko","floor":31.0,"turns":6.0},{"damage":0.0,"enemies":"Champ","floor":33.0,"turns":8.0},{"damage":0.0,"enemies":"Orb Walker","floor":35.0,"turns":6.0},{"damage":18.0,"enemies":"3 Darklings","floor":38.0,"turns":9.0},{"damage":8,"enemies":"Sphere and 2 Shapes","floor":41,"turns":6},{"damage":1,"enemies":"Nemesis","floor":44,"turns":7},{"damage":9,"enemies":"Transient","floor":45,"turns":5},{"damage":0,"enemies":"Jaw Worm Horde","floor":46,"turns":6},{"damage":9,"enemies":"Awakened One","floor":50,"turns":10}],"seed_played":"-489632821573165387","potions_obtained":[{"floor":10.0,"key":"ColorlessPotion"},{"floor":14.0,"key":"champ:CounterPotion"},{"floor":18.0,"key":"Block Potion"},{"floor":35.0,"key":"CultistPotion"},{"floor":44,"key":"ColorlessPotion"},{"floor":45,"key":"Energy Potion"}],"is_trial":false,"path_per_floor":["M","M","?","$","?","R","$","R","T","M","R","E","$","M","R","B",null,"M","?","M","?","T","E","M","R","T","R","$","M","E","M","R","B",null,"M","?","?","M","$","R","M","$","T","E","M","M","R","?","R","B",null],"character_chosen":"THE_ELEMENTALIST","items_purchased":["elementalist:Lunar_Form","elementalist:Low_Tides","elementalist:Undertow","elementalist:Rising_Tides","elementalist:Flame","elementalist:Confluence","elementalist:Caution","DollysMirror"],"campfire_rested":0,"item_purchase_floors":[4,4,13,13,28,28,28,42],"current_hp_per_floor":[70,70,56,56,56,56,56,56,56,56,56,52,52,52,52,51,70,68,68,62,62,62,60,46,46,46,46,46,40,49,49,49,49,80,80,80,80,62,62,62,54,54,54,53,44,44,44,80,80,71],"gold":76,"neow_bonus":"THREE_ENEMY_KILL","is_daily":false,"chose_seed":false,"campfire_upgraded":9,"win_rate":0.0,"timestamp":1609384520,"path_taken":["M","M","?","$","?","R","$","R","T","?","R","E","?","M","R","BOSS","M","?","M","?","?","E","M","R","T","R","$","M","E","?","R","BOSS","M","?","?","?","$","R","M","?","T","E","M","?","R","?","R","BOSS"],"items_purchased_type":["Card","Card","Card","Card","Card","Card","Card","Relic"],"build_version":"2020-12-22","purchased_purges":1,"victory":true,"max_hp_per_floor":[70,70,70,70,70,70,70,70,70,70,70,70,70,70,70,70,70,70,70,70,70,70,70,70,70,70,70,70,70,80,80,80,80,80,80,80,80,80,80,80,80,80,80,80,80,80,80,80,80,80],"relic_stats":{"counters":[21,125],"PreservedInsect":86,"obtain_stats":[{"vexMod:MemoryStick":22,"elementalistmod:BlueRibbon":2,"Pear":30,"NeowsBlessing":0,"PreservedInsect":26,"Omamori":43,"Ancient Tea Set":12,"Akabeko":44,"ReplayTheSpireMod:Shallot":23,"DollysMirror":42,"Philosopher\u0027s Stone":17,"elementalistmod:MagusStaff":0,"elementalistmod:GraduationLetter":0,"vexMod:ImprovementManual":34,"Pocketwatch":9},{"vexMod:MemoryStick":8,"elementalistmod:BlueRibbon":1,"Pear":12,"NeowsBlessing":0,"PreservedInsect":10,"Omamori":17,"Ancient Tea Set":4,"Akabeko":18,"ReplayTheSpireMod:Shallot":9,"DollysMirror":17,"Philosopher\u0027s Stone":6,"elementalistmod:MagusStaff":0,"elementalistmod:GraduationLetter":0,"vexMod:ImprovementManual":14,"Pocketwatch":2},{"vexMod:MemoryStick":37,"elementalistmod:BlueRibbon":1,"Pear":62,"NeowsBlessing":0,"PreservedInsect":50,"Omamori":97,"Ancient Tea Set":13,"Akabeko":104,"ReplayTheSpireMod:Shallot":43,"DollysMirror":97,"Philosopher\u0027s Stone":27,"elementalistmod:MagusStaff":0,"elementalistmod:GraduationLetter":0,"vexMod:ImprovementManual":76,"Pocketwatch":3}],"Pocketwatch":[58]},"card_choices":[{"not_picked":["elementalist:Emberveil","elementalist:Etherstrike"],"picked":"elementalist:Concentricity","floor":1.0},{"not_picked":["elementalist:Concentricity","elementalist:Geomancy"],"picked":"elementalist:Spout","floor":2.0},{"not_picked":["elementalist:Spout","elementalist:Monument"],"picked":"elementalist:Mist","floor":10.0},{"not_picked":["elementalist:Solar_Form","elementalist:Breeze"],"picked":"elementalist:Flame","floor":12.0},{"not_picked":["elementalist:Mist","elementalist:Prepared_Sand"],"picked":"elementalist:Mage_Hand","floor":14.0},{"not_picked":["elementalist:Burning_Soul","elementalist:Accelerant"],"picked":"elementalist:Aetheric_Shield","floor":16.0},{"not_picked":["elementalist:Spark","elementalist:Low_Tides+1"],"picked":"elementalist:Lunar_Form+1","floor":18.0},{"not_picked":["elementalist:Lunar_Form","elementalist:Geomancy"],"picked":"elementalist:Spout","floor":20.0},{"not_picked":["elementalist:Spout","elementalist:Pressurize"],"picked":"elementalist:Momentum+1","floor":23.0},{"not_picked":["elementalist:Wards","elementalist:Fission_Lance"],"picked":"elementalist:Flame","floor":24.0},{"not_picked":["elementalist:Monument","elementalist:Spout+1","elementalist:Caution"],"picked":"SKIP","floor":29.0},{"not_picked":["elementalist:Monument","elementalist:Caution"],"picked":"elementalist:Spout+1","floor":29.0},{"not_picked":["elementalist:Low_Tides","elementalist:Cyclone+1","elementalist:Spout"],"picked":"SKIP","floor":30.0},{"not_picked":["elementalist:Caution","elementalist:Momentum+1","elementalist:Confluence"],"picked":"SKIP","floor":31.0},{"not_picked":["elementalist:Wirbelwight","elementalist:Quadmire"],"picked":"elementalist:Erosion","floor":33.0},{"not_picked":["elementalist:Geomancy","elementalist:Spout+1","elementalist:Caution"],"picked":"SKIP","floor":35.0},{"not_picked":["elementalist:Geomancy+1","elementalist:Breeze+1","elementalist:Pressurize+1"],"picked":"SKIP","floor":38.0},{"not_picked":["elementalist:Pressurize+1","elementalist:Wards+1"],"picked":"elementalist:Mist","floor":41},{"not_picked":["elementalist:Pressurize+1","elementalist:Lunar_Form+1"],"picked":"elementalist:Heavensfall","floor":44},{"not_picked":["elementalist:Prepared_Sand","elementalist:Rising_Tides+1","elementalist:Geomancy+1"],"picked":"SKIP","floor":45},{"not_picked":["elementalist:Mist","elementalist:Rising_Tides","elementalist:Spout"],"picked":"SKIP","floor":46}],"player_experience":605667,"relics_obtained":[{"floor":9.0,"key":"Pocketwatch"},{"floor":12.0,"key":"Ancient Tea Set"},{"floor":22.0,"key":"vexMod:MemoryStick"},{"floor":23.0,"key":"ReplayTheSpireMod:Shallot"},{"floor":26.0,"key":"PreservedInsect"},{"floor":30.0,"key":"Pear"},{"floor":43,"key":"Omamori"},{"floor":44,"key":"Akabeko"}],"event_choices":[{"damage_healed":0.0,"max_hp_gain":0.0,"max_hp_loss":0.0,"gold_gain":0.0,"event_name":"Shining Light","player_choice":"Entered Light","floor":3.0,"gold_loss":0.0,"damage_taken":14.0,"cards_upgraded":["elementalist:Spout","elementalist:Firestrike"]},{"damage_healed":0.0,"max_hp_gain":0.0,"max_hp_loss":0.0,"gold_gain":175.0,"event_name":"Liars Game","player_choice":"AGREE","floor":5.0,"gold_loss":0.0,"damage_taken":0.0,"cards_obtained":["Doubt"]},{"cards_removed":["elementalist:Earthstrike"],"damage_healed":0.0,"max_hp_gain":0.0,"max_hp_loss":0.0,"gold_gain":0.0,"event_name":"Beggar","player_choice":"Gave Gold","floor":19.0,"gold_loss":75.0,"damage_taken":0.0},{"damage_healed":0.0,"max_hp_gain":0.0,"max_hp_loss":0.0,"gold_gain":0.0,"event_name":"Ghosts","player_choice":"Ignored","floor":21.0,"gold_loss":0.0,"damage_taken":0.0},{"damage_healed":0.0,"max_hp_gain":0.0,"max_hp_loss":0.0,"gold_gain":0.0,"event_name":"Designer","player_choice":"Upgrade","floor":37.0,"gold_loss":40.0,"damage_taken":0.0,"cards_upgraded":["elementalist:Rising_Tides"]},{"cards_removed":["elementalist:Undertow"],"damage_healed":36,"gold_gain":0,"player_choice":"Offered Uncommon","damage_taken":0,"max_hp_gain":0,"max_hp_loss":0,"event_name":"Bonfire Elementals","floor":48,"gold_loss":0}],"is_beta":false,"boss_relics":[{"not_picked":["Replay:Wanted Poster","Kintsugi"],"picked":"Philosopher\u0027s Stone"},{"not_picked":["SlaversCollar","Honey Jar"],"picked":"vexMod:ImprovementManual"}],"items_purged_floors":[7],"is_endless":false,"potions_floor_spawned":[10,14,16,18,30,31,33,35,38,44,45],"ascension_level":0}}