{"host":"wfkvcf4y4vkrpwe0","time":1609452549,"event":{"mods":["BaseMod","Conspire","Downfall","Hermit","Minty Spire (QoL Compilation)","Replay The Spire","StSLib","The Construct","The Cursed","The Disciple","The Hierophant","The Necromancer"],"gold_per_floor":[99,84,102,119,129,129,129,146,146,71,87,87,87,87],"floor_reached":12,"playtime":578,"items_purged":[],"score":95,"play_id":"687b3b32-eeda-4a53-b95c-1c2d1939644f","local_time":"20201231220909","is_ascension_mode":false,"campfire_choices":[{"floor":6,"key":"REST"},{"data":"hexamod:ExtraCrispy","floor":10,"key":"SMITH"}],"circlet_count":0,"master_deck":["hexamod:Strike","hexamod:Strike","hexamod:Strike","hexamod:Strike","hexamod:Defend","hexamod:Defend","hexamod:Defend","hexamod:Defend","hexamod:Sear","hexamod:Float","hexamod:ExtraCrispy+1","hexamod:ChargedBarrage","hexamod:StepThrough"],"relics":["hexamod:SpiritBrand","downfall:HeartBlessingBlue"],"acts_visited":["Exordium"],"potions_floor_usage":[12],"damage_taken":[{"damage":0,"enemies":"downfall:FleeingMerchant","floor":2,"turns":4},{"damage":5,"enemies":"Jaw Worm","floor":3,"turns":3},{"damage":2,"enemies":"conspire:RoseBush","floor":4,"turns":6},{"damage":0,"enemies":"Cultist","floor":5,"turns":3},{"damage":6,"enemies":"3 Louse","floor":8,"turns":3},{"damage":58,"enemies":"Lots of Slimes","floor":11,"turns":6},{"damage":20,"enemies":"Gremlin Nob","floor":12,"turns":3}],"seed_played":"-763977940236296031","potions_obtained":[{"floor":3,"key":"Slimebound:ThreeZeroPotion"},{"floor":4,"key":"SteroidPotion"},{"floor":11,"key":"sneckomod:MuddlingPotion"}],"is_trial":false,"path_per_floor":["R","$","M","M","M","R","T","M","?","R","M","E"],"character_chosen":"THE_SPIRIT","items_purchased":[],"campfire_rested":1,"item_purchase_floors":[],"current_hp_per_floor":[54,54,49,47,47,70,70,64,64,74,16,0,0,0],"gold":87,"neow_bonus":"TEN_PERCENT_HP_BONUS","is_daily":false,"chose_seed":false,"campfire_upgraded":1,"win_rate":0.0,"timestamp":1609452549,"path_taken":["R","?","M","M","M","R","T","M","?","R","M","E"],"items_purchased_type":[],"build_version":"2020-12-22","purchased_purges":0,"victory":false,"max_hp_per_floor":[77,77,77,77,77,77,77,77,77,87,87,87,87,87],"card_choices":[{"not_picked":["hexamod:Firestarter","hexamod:GhostShield","hexamod:NecessarySacrifice"],"picked":"SKIP","floor":2},{"not_picked":["hexamod:Rewind","hexamod:EmpoweredFlame"],"picked":"hexamod:ExtraCrispy","floor":3},{"not_picked":["hexamod:NightmareStrike","hexamod:Hexaguard"],"picked":"hexamod:ChargedBarrage","floor":4},{"not_picked":["hexamod:BacktrackSmack","hexamod:SwordOfDarkness"],"picked":"hexamod:StepThrough","floor":5},{"not_picked":["hexamod:NightmareStrike","hexamod:InspiringFlames","hexamod:SwordOfDarkness"],"picked":"SKIP","floor":8},{"not_picked":["hexamod:RainOfEmbers","hexamod:GhostOfSpireFuture","hexamod:CrushingStance"],"picked":"SKIP","floor":11}],"player_experience":553450,"relics_obtained":[],"event_choices":[{"damage_healed":0,"gold_gain":0,"player_choice":"Ignored","damage_taken":0,"max_hp_gain":0,"max_hp_loss":0,"event_name":"NoteForYourself","floor":9,"gold_loss":0}],"is_beta":false,"boss_relics":[],"items_purged_floors":[],"is_endless":false,"potions_floor_spawned":[3,4,11],"killed_by":"Gremlin Nob","ascension_level":0}}