{"host":"hlo0wt5fjlilsn9r","time":1609433689,"event":{"mods":["AchievementEnabler","Aspiration","Bard","BaseMod","Beaked The Cultist","Better Altar","Better Match","Better Note","Better Sensory Stone","Better Skull","Better Third Choice","BetterRewards","CCEM","Colored Map","Conspire","Downfall","Friendly Minions","GifTheSpireLib","Halation","Hermit","Highlight Path","Hubris","Hunter ?人","Jedi Mod","Jorbs\u0027s Wanderer Trilogy","Kiyohime（清?）","Mad Scientist","Marisa（霧雨　魔理沙）","Mimic Mod","Minty Spire (QoL Compilation)","Permanent Neow","Replay The Spire","Shade Mod","Spicy Shops","StSLib","Stuff the Spire","Td1madao Mod","The Administrix","The Blackbeard","The Bug Knight","The Construct","The Cursed","The Disciple","The Gatherer","The Hierophant","The Mystic","The Necromancer","The Runesmith","The Servant 0.9.4","The Spell Scribe","The Witch","Unceasing Turn Reminder"],"gold_per_floor":[112,0,11,11,23,56,56,70,70,70,126,51,51,62,62,158,158,175,193,205,205,224,224,224,250,250,250,25,25,59,59,59,158,158,75,75,75,137,154,154,186,186,258,258,270,299,314,329,329,329,329],"floor_reached":50,"playtime":3933,"items_purged":[],"score":763,"play_id":"8e93933b-8f60-47fb-81d1-20b767715539","local_time":"20201231085449","is_ascension_mode":false,"campfire_choices":[{"floor":7.0,"key":"REST"},{"data":"MurderousAura","floor":10.0,"key":"SMITH"},{"data":"Moondial","floor":13.0,"key":"SMITH"},{"data":"BestPractice","floor":15.0,"key":"SMITH"},{"floor":23,"key":"REST"},{"data":"Enlightenment","floor":27,"key":"SMITH"},{"data":"Rewind","floor":32,"key":"SMITH"},{"floor":40,"key":"REST"},{"data":"Writhe","floor":42,"key":"SMITH"},{"floor":44,"key":"REST"},{"floor":49,"key":"REST"}],"circlet_count":0,"master_deck":["Strike_S","Defend_S","Defend_S","KidneyShot","Exchange","MurderousAura+1","BestPractice+1","Enlightenment+1","Rewind+1","Desolation","Ricochet","Moondial+1","SurpressingFire","Replace","Sunlight+1","TimeWarp","InstantArmor+1","GearUp+1","ShatteredReality","PendulumOfEternity","TheWorld","Dilation","Luminosity+1","Parasite"],"relics":["Uniform","Replay:Towering Pillar of Hats","StuffTheSpire:DarkSteelAnvil","Ancient Tea Set","Bag of Preparation","conspire:BottledYoYo","Membership Card","Juzu Bracelet","Nloth\u0027s Gift","CCEMRelics:TechnogenicHelmet","Kintsugi","hubris:Towel","Replay:Baseball","halation:PrussianBluePaint","CCEMRelics:TinyMinotavrHorn","Potion Belt"],"acts_visited":["Exordium","TheCity","TheBeyond"],"potions_floor_usage":[19,35,45,48],"damage_taken":[{"damage":1.0,"enemies":"Cultist","floor":1.0,"turns":4.0},{"damage":0.0,"enemies":"conspire:RoseBush","floor":3.0,"turns":4.0},{"damage":5.0,"enemies":"Jaw Worm","floor":5.0,"turns":4.0},{"damage":19.0,"enemies":"Gremlin Nob","floor":6.0,"turns":5.0},{"damage":9.0,"enemies":"Blue Slaver","floor":8.0,"turns":4.0},{"damage":0.0,"enemies":"conspire:2 RoseBushes","floor":14.0,"turns":6.0},{"damage":0.0,"enemies":"Hexaghost","floor":16.0,"turns":7.0},{"damage":3,"enemies":"Chosen","floor":18,"turns":4},{"damage":11,"enemies":"Spheric Guardian","floor":19,"turns":4},{"damage":6,"enemies":"Shelled Parasite and Fungi","floor":20,"turns":6},{"damage":0,"enemies":"Cultist and Chosen","floor":22,"turns":4},{"damage":0,"enemies":"Slavers","floor":25,"turns":4},{"damage":15,"enemies":"Gremlin Leader","floor":30,"turns":6},{"damage":25,"enemies":"Pondfish","floor":33,"turns":9},{"damage":8,"enemies":"Orb Walker","floor":35,"turns":3},{"damage":21,"enemies":"3 Darklings","floor":39,"turns":4},{"damage":15,"enemies":"Reptomancer","floor":41,"turns":5},{"damage":0,"enemies":"Sphere and 2 Shapes","floor":45,"turns":3},{"damage":6,"enemies":"Giant Head","floor":46,"turns":7},{"damage":11,"enemies":"4 Shapes","floor":47,"turns":2},{"damage":8,"enemies":"Writhing Mass","floor":48,"turns":4},{"damage":54,"enemies":"conspire:OrnateMirror","floor":50,"turns":4}],"seed_played":"7120756369513558738","potions_obtained":[{"floor":4.0,"key":"Guardian:BlockOnCardUsePotion"},{"floor":4.0,"key":"hexamod:EctoCoolerPotion"},{"floor":4.0,"key":"LiquidMemories"},{"floor":14.0,"key":"Languid Potion"},{"floor":16.0,"key":"SkillPotion"},{"floor":19,"key":"FearPotion"},{"floor":20,"key":"Fire Potion"},{"floor":33,"key":"Weak Potion"},{"floor":35,"key":"Fruit Juice"},{"floor":38,"key":"LiquidBronze"},{"floor":48,"key":"Guardian:BlockOnCardUsePotion"}],"is_trial":false,"path_per_floor":["M","?","M","?","M","E","R","M","T","R","?","$","R","M","R","B",null,"M","M","M","?","M","R","?","E","T","R","$","?","E","?","R","B",null,"M","?","?","?","M","R","E","R","T","R","M","E","M","M","R","B"],"character_chosen":"THE_SERVANT","items_purchased":["SurpressingFire","Membership Card","Juzu Bracelet"],"campfire_rested":5,"item_purchase_floors":[12,28,28],"current_hp_per_floor":[46,52,52,52,47,28,49,40,40,40,40,40,40,40,40,40,71,68,57,51,35,35,56,56,56,56,56,56,56,41,41,41,16,71,68,68,68,49,28,50,35,35,35,57,57,51,40,32,54,0,0],"gold":329,"neow_bonus":"THREE_RARE_CARDS","is_daily":false,"chose_seed":false,"campfire_upgraded":6,"win_rate":0.0,"timestamp":1609433689,"path_taken":["M","?","M","?","?","E","R","?","T","R","?","?","R","M","R","BOSS","M","M","M","?","?","R","?","E","T","R","$","?","E","?","R","BOSS","M","?","?","?","M","R","E","R","T","R","M","E","M","M","R","BOSS"],"items_purchased_type":["Card","Relic","Relic"],"build_version":"2020-12-22","purchased_purges":0,"victory":false,"max_hp_per_floor":[65,71,71,71,71,71,71,71,71,71,71,71,71,71,71,71,71,71,71,71,71,71,71,71,71,71,71,71,71,71,71,71,71,71,76,76,76,76,76,76,76,76,76,76,76,76,76,76,76,76,76],"card_choices":[{"not_picked":["SoulSculpture","FloweringNight"],"picked":"MurderousAura","floor":0.0},{"not_picked":["BottledTime","Spin"],"picked":"BestPractice","floor":1.0},{"not_picked":["ReturningBlade","Collapse"],"picked":"Rewind","floor":3.0},{"not_picked":["Snipe","Misdirection"],"picked":"Desolation","floor":5.0},{"not_picked":["Rearm","ShiftingGears"],"picked":"Ricochet","floor":6.0},{"not_picked":["Rewind","Hightail"],"picked":"Moondial","floor":8.0},{"not_picked":["Manipulate","BottledTime"],"picked":"Replace","floor":14.0},{"not_picked":["SoulSculpture","Solidify"],"picked":"Sunlight","floor":16.0},{"not_picked":["GearUp+1","SilverBlades"],"picked":"TimeWarp","floor":18},{"not_picked":["Spin+1","Rearm+1","ShiftingGears"],"picked":"SKIP","floor":19},{"not_picked":["Moondial","Manipulate"],"picked":"InstantArmor","floor":20},{"not_picked":["Gouge","Unruled"],"picked":"GearUp+1","floor":22},{"not_picked":["Revamp","Rearm"],"picked":"ShatteredReality","floor":25},{"not_picked":["Comet","Reset+1","Deny"],"picked":"SKIP","floor":30},{"not_picked":["FloweringNight","SoulSculpture"],"picked":"PendulumOfEternity","floor":33},{"not_picked":["Manipulate","Potential+1","Moonlight"],"picked":"SKIP","floor":35},{"not_picked":["Advance","Spin"],"picked":"TheWorld","floor":38},{"not_picked":["BottledTime+1","Alleviate"],"picked":"Dilation","floor":39},{"not_picked":["DoubleEdge","Alleviate+1","Rewind"],"picked":"SKIP","floor":41},{"not_picked":["DoubleEdge","Replace","Desolation+1"],"picked":"SKIP","floor":45},{"not_picked":["Solidify","Collapse+1","SurpressingFire"],"picked":"SKIP","floor":46},{"not_picked":["Moondial","Moonlight"],"picked":"Luminosity+1","floor":47},{"not_picked":["Alleviate+1","FanOfKnives+1","Ricochet"],"picked":"SKIP","floor":48}],"player_experience":229689,"relics_obtained":[{"floor":6.0,"key":"Replay:Towering Pillar of Hats"},{"floor":9.0,"key":"StuffTheSpire:DarkSteelAnvil"},{"floor":25,"key":"Bag of Preparation"},{"floor":26,"key":"conspire:BottledYoYo"},{"floor":30,"key":"CCEMRelics:TechnogenicHelmet"},{"floor":38,"key":"Replay:Baseball"},{"floor":41,"key":"halation:PrussianBluePaint"},{"floor":43,"key":"CCEMRelics:TinyMinotavrHorn"},{"floor":46,"key":"Potion Belt"}],"event_choices":[{"damage_healed":0.0,"max_hp_gain":0.0,"max_hp_loss":0.0,"gold_gain":0.0,"event_name":"betterThird:BetterSerpent","player_choice":"RENOUNCE","floor":2.0,"gold_loss":112.0,"damage_taken":112.0,"cards_obtained":["Enlightenment"]},{"damage_healed":0.0,"max_hp_gain":0.0,"max_hp_loss":0.0,"gold_gain":0.0,"event_name":"Lab","player_choice":"Got Potions","floor":4.0,"gold_loss":0.0,"damage_taken":0.0},{"damage_healed":0.0,"max_hp_gain":0.0,"max_hp_loss":0.0,"gold_gain":56.0,"event_name":"Golden Wing","player_choice":"Gained Gold","floor":11.0,"gold_loss":0.0,"damage_taken":0.0},{"damage_healed":0,"gold_gain":0,"player_choice":"RE ","damage_taken":18,"relics_obtained":["Ancient Tea Set"],"max_hp_gain":0,"max_hp_loss":0,"event_name":"betterSkull:BetterSkull","floor":21,"gold_loss":0,"cards_upgraded":[]},{"damage_healed":0,"gold_gain":0,"player_choice":"Ignored","damage_taken":0,"max_hp_gain":0,"max_hp_loss":0,"event_name":"betterNote:BetterNote","floor":24,"gold_loss":0,"cards_obtained":["Enlightenment"]},{"damage_healed":0,"gold_gain":0,"player_choice":"Traded Relic","damage_taken":0,"relics_obtained":["Nloth\u0027s Gift"],"max_hp_gain":0,"max_hp_loss":0,"event_name":"N\u0027loth","floor":29,"relics_lost":["hubris:ScarierMask"],"gold_loss":0}],"is_beta":false,"boss_relics":[{"not_picked":["SacredBark","Painkiller Herb"],"picked":"hubris:ScarierMask"},{"not_picked":["StuffTheSpire:ModemDavis","aspiration:MobileForge"],"picked":"Kintsugi"}],"items_purged_floors":[],"is_endless":false,"potions_floor_spawned":[14,16,19,20,33,35,39,41,48],"killed_by":"conspire:OrnateMirror","ascension_level":0}}