{"host":"0azimyi6n3ugndj4","time":1609443013,"event":{"mods":["2.2 Compatiblity","BaseMod","Bestiary","Conspire","Curses Come First","Defuse TimeMaze Blight","Hyrulean Relics","Infinite Spire","Minty Spire (QoL Compilation)","Relic Stats","Replay The Spire","StSLib","SuperFastMode","Uncapped","¡¼?Úª?ø«¡½REMEMod"],"gold_per_floor":[150,150,150,150,226,226,57,207,207,207,207],"floor_reached":10,"playtime":123,"items_purged":[],"score":254,"play_id":"46025b39-ed08-4b13-b7fe-9579fca5b6e4","local_time":"20210101043013","daily_mods":["SealedDeck","Hoarder","Insanity","Chimera","Specialized","Vintage","ControlledChaos","Allstar","Diverse","Colorless Cards","Heirloom","Time Dilation","Flight","Elite Swarm","Lethality","Midas","Binary"],"is_ascension_mode":true,"campfire_choices":[{"floor":6,"key":"REST"}],"circlet_count":0,"master_deck":["Demon Form","Wraith Form v2","Echo Form","DevaForm","AscendersBane","Bash","Survivor","Zap","Eruption","Strike_R","Strike_G","Strike_B","Defend_G","Defend_P","Fasting2","Compile Driver","BattleHymn","Rip and Tear","Halt","Quick Slash","Cleave","Bane","Clash","Halt","JustLucky","Replay:AtTheReady","Feel No Pain","EmptyBody","Hologram","Cloak And Dagger","Replay:ManipulateFuture","ReplayTheSpireMod:Strike From Hell","FlurryOfBlows","WheelKick","Study","ReplayTheSpireMod:Trickstab","Searing Blow","Evaluate","Steam Power+1","Rupture","Auto Shields+1","Quick Slash","conspire:Charge","Dagger Spray","Rip and Tear","Hidden Blade","ThirdEye","Sentinel","Underhanded Strike","Recycle","FlurryOfBlows","Ball Lightning","Melter","Armaments","ReplayTheSpireMod:Strike From Hell","REME_Repentance","JustLucky","Underhanded Strike","Power Through","Crescendo","Sweeping Beam+1","ThirdEye","Scrape","Sucker Punch","Meteor Strike","Meteor Strike","Meteor Strike","Meteor Strike","Meteor Strike","Meteor Strike","Meteor Strike","Meteor Strike","Meteor Strike","Meteor Strike","Meteor Strike+1","Meteor Strike","Meteor Strike","Meteor Strike","Meteor Strike","Replay:AtTheReady","Replay:AtTheReady","Replay:AtTheReady","Replay:AtTheReady","Replay:AtTheReady","Replay:AtTheReady","EmptyFist","EmptyFist","EmptyFist","Halt","Halt","Halt","REME_ShadowStrike","REME_ShadowStrike","REME_ShadowStrike","Impatience","Impatience","Impatience","Panic Button","Panic Button","Panic Button","Adaptation","Adaptation","Adaptation","Metallicize","Metallicize","Metallicize","Bane","Bane","Bane","Ragnarok","Ragnarok","Ragnarok","Doubt","Doubt","Doubt"],"relics":["Cracked Core","Frozen Eye","Busted Crown","REME_ComplimentaryCards","conspire:GiftBox","conspire:Dentures","Golden Idol","zeldaRelics:CouragePiece","War Paint"],"acts_visited":["Exordium"],"potions_floor_usage":[],"damage_taken":[{"damage":5,"enemies":"2 Louse","floor":1,"turns":2},{"damage":35,"enemies":"3 Sentries","floor":10,"turns":4}],"seed_played":"-6727640591377470231","potions_obtained":[{"floor":1,"key":"LiquidBronze"}],"is_trial":true,"path_per_floor":["M","?","?","?","T","R","$","?","T","E"],"character_chosen":"DEFECT","items_purchased":["War Paint"],"campfire_rested":1,"item_purchase_floors":[7],"current_hp_per_floor":[59,59,38,14,14,35,35,35,35,0,0],"gold":207,"neow_bonus":"","is_daily":false,"chose_seed":false,"campfire_upgraded":0,"win_rate":0.0,"timestamp":1609443013,"path_taken":["M","?","?","?","?","R","$","?","T","E"],"items_purchased_type":["Relic"],"build_version":"2020-12-22","purchased_purges":0,"victory":false,"max_hp_per_floor":[71,71,71,71,71,71,71,71,71,71,71],"relic_stats":{"Busted Crown":0,"counters":[2,6],"Golden Idol":0,"War Paint":["Auto Shields","Steam Power"],"obtain_stats":[{"conspire:Dentures":1,"Frozen Eye":0,"conspire:GiftBox":0,"Busted Crown":0,"Golden Idol":4,"zeldaRelics:CouragePiece":5,"War Paint":7,"Cracked Core":0,"REME_ComplimentaryCards":0},{"conspire:Dentures":1,"Frozen Eye":0,"conspire:GiftBox":0,"Busted Crown":0,"Golden Idol":1,"zeldaRelics:CouragePiece":1,"War Paint":1,"Cracked Core":0,"REME_ComplimentaryCards":0},{"conspire:Dentures":2,"Frozen Eye":0,"conspire:GiftBox":0,"Busted Crown":0,"Golden Idol":2,"zeldaRelics:CouragePiece":2,"War Paint":2,"Cracked Core":0,"REME_ComplimentaryCards":0}]},"card_choices":[],"player_experience":1481925,"relics_obtained":[{"floor":1,"key":"conspire:Dentures"},{"floor":5,"key":"zeldaRelics:CouragePiece"},{"floor":9,"key":"zeldaRelics:CouragePiece"}],"event_choices":[{"damage_healed":0,"gold_gain":0,"player_choice":"Entered Light","damage_taken":21,"max_hp_gain":0,"max_hp_loss":0,"event_name":"Shining Light","floor":3,"gold_loss":0,"cards_upgraded":["Sweeping Beam","Meteor Strike"]},{"damage_healed":0,"gold_gain":0,"player_choice":"Take Damage","damage_taken":24,"relics_obtained":["Golden Idol"],"max_hp_gain":0,"max_hp_loss":0,"event_name":"Golden Idol","floor":4,"gold_loss":0},{"damage_healed":0,"gold_gain":150,"player_choice":"AGREE","damage_taken":0,"max_hp_gain":0,"max_hp_loss":0,"event_name":"Liars Game","floor":8,"gold_loss":0,"cards_obtained":["Doubt"]}],"is_beta":false,"boss_relics":[],"items_purged_floors":[],"is_endless":false,"potions_floor_spawned":[1],"killed_by":"3 Sentries","ascension_level":20}}