{"host":"1zfbckszmdcrhnfi","time":1609446690,"event":{"mods":["AchievementEnabler","BaseMod","Colored Map","Downfall","Marisa£®ÏF”Í°°ƒß¿Ì…≥£©","Minty Spire (QoL Compilation)","Replay The Spire","Shop Mod","StSLib","The Cursed","The Servant 0.9.4"],"gold_per_floor":[119,119,131,142,157,192,192,219,219,237,237,244,273,287,287,391,391,404,162,181,37,55,89,89,114,137,137,137],"floor_reached":27,"playtime":1661,"items_purged":["Guardian:Aged"],"score":312,"play_id":"a04fb0cd-99bd-4f29-add0-2dbf828a794d","local_time":"20210101043130","is_ascension_mode":true,"campfire_choices":[{"floor":7,"key":"REST"},{"floor":15,"key":"REST"},{"floor":24,"key":"REST"}],"circlet_count":0,"master_deck":["TheCursedMod:Strike_TheCursed","TheCursedMod:Strike_TheCursed","TheCursedMod:Strike_TheCursed","TheCursedMod:Defend_TheCursed","TheCursedMod:Defend_TheCursed","TheCursedMod:Defend_TheCursed","TheCursedMod:Defend_TheCursed","TheCursedMod:CursedWand","TheCursedMod:CleanUpWorkshop","TheCursedMod:Dregs","TheCursedMod:CircleOfBlood","TheCursedMod:Obscuration","TheCursedMod:StingEye","TheCursedMod:CircleOfCorruption","TheCursedMod:CircleOfFlame","TheCursedMod:HellsGateOpen","TheCursedMod:CursedAmulet","TheCursedMod:DemonSword","TheCursedMod:Neurasthenia","TheCursedMod:CollectTribute","TheCursedMod:SpitefulStrike","TheCursedMod:CursedArmor+1"],"relics":["Fusion Hammer","Replay:Wax Seal","Darkstone Periapt","ReplayTheSpireMod:CursedCoin","Replay:Rubber Ducky","Ring of Chaos","Singing Bowl","Lee\u0027s Waffle","TheCursedMod:CrystalBall","Anchor","PreservedInsect"],"acts_visited":["Exordium","TheCity"],"potions_floor_usage":[8,13,23,27],"damage_taken":[{"damage":0,"enemies":"Jaw Worm","floor":1,"turns":4},{"damage":5,"enemies":"Small Slimes","floor":3,"turns":4},{"damage":0,"enemies":"Cultist","floor":4,"turns":5},{"damage":18,"enemies":"Lots of Slimes","floor":5,"turns":7},{"damage":38,"enemies":"3 Sentries","floor":6,"turns":13},{"damage":23,"enemies":"Gremlin Nob","floor":8,"turns":6},{"damage":2,"enemies":"Looter","floor":10,"turns":4},{"damage":17,"enemies":"Lagavulin","floor":13,"turns":6},{"damage":0,"enemies":"Red Slaver","floor":14,"turns":4},{"damage":33,"enemies":"The Guardian","floor":16,"turns":14},{"damage":43,"enemies":"3 Byrds","floor":18,"turns":7},{"damage":19,"enemies":"Shell Parasite","floor":20,"turns":9},{"damage":46,"enemies":"Centurion and Healer","floor":22,"turns":6},{"damage":34,"enemies":"Gremlin Leader","floor":23,"turns":6},{"damage":29,"enemies":"Book of Stabbing","floor":25,"turns":6},{"damage":69,"enemies":"Gremlin Leader","floor":27,"turns":4}],"seed_played":"-5198592240325735036","potions_obtained":[{"floor":1,"key":"LifebloodPotion"},{"floor":6,"key":"Swift Potion"},{"floor":16,"key":"FairyPotion"},{"floor":18,"key":"FearPotion"},{"floor":23,"key":"SteroidPotion"},{"floor":25,"key":"SteroidPotion"}],"is_trial":false,"path_per_floor":["M","?","M","M","M","E","R","E","T","M","?","$","E","M","R","B",null,"M","$","M","$","M","E","R","E","T","E"],"character_chosen":"THE_CURSED","items_purchased":["ReplayTheSpireMod:CursedCoin","TheCursedMod:HellsGateOpen","Singing Bowl","Lee\u0027s Waffle"],"campfire_rested":3,"item_purchase_floors":[12,12,19,21],"current_hp_per_floor":[75,80,75,77,59,23,47,28,28,26,26,32,17,17,42,17,86,49,49,32,93,51,23,51,28,28,0,0],"gold":137,"neow_bonus":"BOSS_RELIC","is_daily":false,"chose_seed":false,"campfire_upgraded":0,"win_rate":0.0,"timestamp":1609446690,"path_taken":["M","?","M","M","M","E","R","E","T","M","?","$","E","M","R","BOSS","M","$","M","$","M","E","R","E","T","E"],"items_purchased_type":["Relic","Card","Relic","Relic"],"build_version":"2020-12-22","purchased_purges":1,"victory":false,"max_hp_per_floor":[75,80,80,80,80,80,80,80,80,80,80,86,86,86,86,86,86,86,86,86,93,93,95,95,95,95,95,95],"card_choices":[{"not_picked":["TheCursedMod:CursedMace","TheCursedMod:RapidMovement"],"picked":"TheCursedMod:CircleOfBlood","floor":1},{"not_picked":["TheCursedMod:CursedShiv","TheCursedMod:RavingStaff"],"picked":"TheCursedMod:Obscuration","floor":3},{"not_picked":["TheCursedMod:TacticalStrike","TheCursedMod:RavingStaff"],"picked":"TheCursedMod:StingEye","floor":4},{"not_picked":["TheCursedMod:TacticalStrike","TheCursedMod:Stigma"],"picked":"TheCursedMod:CircleOfCorruption","floor":5},{"not_picked":["TheCursedMod:SpitefulStrike","TheCursedMod:SpreadPlague","TheCursedMod:TacticalStrike"],"picked":"SKIP","floor":6},{"not_picked":["TheCursedMod:RapidMovement","TheCursedMod:SpreadPlague","TheCursedMod:RavingStaff"],"picked":"SKIP","floor":8},{"not_picked":["TheCursedMod:CircleOfCorruption","TheCursedMod:SpitefulPlan"],"picked":"TheCursedMod:CircleOfFlame","floor":10},{"not_picked":["TheCursedMod:CircleOfBlood","TheCursedMod:ReleasedKnowledge"],"picked":"TheCursedMod:CursedAmulet","floor":13},{"not_picked":["TheCursedMod:CursedSpellbook","TheCursedMod:CursedBlade"],"picked":"TheCursedMod:DemonSword","floor":14},{"not_picked":["TheCursedMod:ParallelWorld","TheCursedMod:CursedRelics"],"picked":"TheCursedMod:Neurasthenia","floor":16},{"not_picked":["TheCursedMod:TacticalStrike","TheCursedMod:CircleOfFlame","TheCursedMod:VitalStrike"],"picked":"SKIP","floor":18},{"not_picked":["TheCursedMod:WearCloak","TheCursedMod:TacticalStrike"],"picked":"TheCursedMod:CollectTribute","floor":20},{"not_picked":["TheCursedMod:Stretching","TheCursedMod:StingEye+1"],"picked":"TheCursedMod:SpitefulStrike","floor":22},{"not_picked":["TheCursedMod:CircleOfCorruption","TheCursedMod:Hemoplague","TheCursedMod:ManaBullet+1"],"picked":"Singing Bowl","floor":23},{"not_picked":["TheCursedMod:CircleOfCorruption","TheCursedMod:SpreadPlague"],"picked":"TheCursedMod:CursedArmor+1","floor":25}],"player_experience":175780,"relics_obtained":[{"floor":6,"key":"Replay:Wax Seal"},{"floor":8,"key":"Darkstone Periapt"},{"floor":13,"key":"Replay:Rubber Ducky"},{"floor":23,"key":"TheCursedMod:CrystalBall"},{"floor":25,"key":"Anchor"},{"floor":26,"key":"PreservedInsect"}],"event_choices":[{"damage_healed":0,"gold_gain":0,"player_choice":"Donut","damage_taken":0,"max_hp_gain":5,"max_hp_loss":0,"event_name":"Big Fish","floor":2,"gold_loss":0}],"is_beta":false,"boss_relics":[{"not_picked":["SacredBark","Replay:Drink Me"],"picked":"Ring of Chaos"}],"items_purged_floors":[12],"is_endless":false,"potions_floor_spawned":[1,6,16,18,23,25],"killed_by":"Gremlin Leader","ascension_level":1}}