{"host":"aja5jhqkcte6gg82","time":1609406046,"event":{"mods":["AchievementEnabler","Act Like it!","BaseMod","BetterRewards","Downfall","Gensokyo","Hermit","Hubris","Infinite Spire","Mad Scientist","Marisa????????","Minty Spire (QoL Compilation)","Replay The Spire","StSLib","The Animator","The Death Knight","The Necromancer","TheFirefly"],"gold_per_floor":[119,119,119,119,130,156,167,9,9,9,21,21,21,21,21,126,126,126,126,126,126,126,126,126,126,126,126,126,6,6,6,6,6,6,6,6,6,6,6,6,6,6,6,6,6,6,6,6,6,6],"floor_reached":51,"playtime":3028,"items_purged":[],"score":1026,"play_id":"4bd8577e-a896-48a6-92fa-f3052237074b","local_time":"20201231011406","is_ascension_mode":false,"campfire_choices":[{"data":"MadScienceMod:LightOnFire","floor":10.0,"key":"SMITH"},{"data":"MadScienceMod:OilDrum","floor":13.0,"key":"SMITH"},{"floor":15.0,"key":"REST"},{"floor":23,"key":"REST"},{"data":"MadScienceMod:AssemblyLine","floor":30,"key":"SMITH"},{"floor":32,"key":"REST"},{"data":"Replay:Fractal Strike","floor":40,"key":"SMITH"},{"floor":42,"key":"REST"},{"floor":49,"key":"REST"}],"circlet_count":0,"master_deck":["MadScienceMod:Strike_MadScience","MadScienceMod:Strike_MadScience","MadScienceMod:Strike_MadScience","MadScienceMod:Strike_MadScience","MadScienceMod:Defend_MadScience","MadScienceMod:Defend_MadScience","MadScienceMod:PoweredStrike","MadScienceMod:HideBehindJunk","MadScienceMod:AcidSpray","MadScienceMod:LightOnFire+1","MadScienceMod:AntimatterBomb","MadScienceMod:AntimatterBomb","MadScienceMod:FlameCannon","MadScienceMod:TimeDilationField+1","MadScienceMod:OilDrum+1","MadScienceMod:Detonate","MadScienceMod:FlexibleSpear","MadScienceMod:Jetpack","MadScienceMod:Refuel","MadScienceMod:Virus","MadScienceMod:Strafe","MadScienceMod:FumeBlast","MadScienceMod:ShrinkRay+1","Voices","MadScienceMod:AutoStrike","MadScienceMod:RadioactiveSword+1","MadScienceMod:AssemblyLine+1","MadScienceMod:EnergyBarrier","MadScienceMod:ImposingConstruct+1","MadScienceMod:FumeHood","MadScienceMod:Refuel+1","Replay:Fractal Strike+1","MadScienceMod:SoftenUp+1","MadScienceMod:Bombardment","MadScienceMod:Sprocket+1","Parasite","MadScienceMod:PowerArmor+1","MadScienceMod:AntimatterBomb+1","MadScienceMod:ExtractOil+1"],"relics":["MadScienceMod:FuelTank","NeowsBlessing","MadScienceMod:ExhaustVents","Ring of Peace","Ring of Searing","hubris:MobiusCoin","Potion Belt","Replay:Grab Bag","Ectoplasm","Cursed Key","MadScienceMod:PortablePumpjack","Runic Pyramid","Red Mask","ReplayFunnel","hubris:TerracottaHorce","infinitespire:EvilPickle","hubris:Icosahedron","Juzu Bracelet"],"acts_visited":["Gensokyo:Gensokyo","TheCity","TheBeyond"],"potions_floor_usage":[33,33,41,48,48,50],"damage_taken":[{"damage":0.0,"enemies":"Gensokyo:3_Fairies","floor":1.0,"turns":1.0},{"damage":0.0,"enemies":"Gensokyo:2_Kodama","floor":5.0,"turns":1.0},{"damage":0.0,"enemies":"Gensokyo:Mamizou","floor":6.0,"turns":2.0},{"damage":9.0,"enemies":"Gensokyo:Python","floor":7.0,"turns":5.0},{"damage":0.0,"enemies":"Gensokyo:VengefulSpirit","floor":11.0,"turns":4.0},{"damage":42.0,"enemies":"Gensokyo:Kokoro","floor":16.0,"turns":10.0},{"damage":19.0,"enemies":"Spheric Guardian","floor":18.0,"turns":5.0},{"damage":20.0,"enemies":"Masked Bandits","floor":19.0,"turns":4.0},{"damage":0.0,"enemies":"3 Byrds","floor":21.0,"turns":4.0},{"damage":7,"enemies":"Centurion and Healer","floor":24,"turns":6},{"damage":2,"enemies":"Snake Plant","floor":25,"turns":5},{"damage":0,"enemies":"Shelled Parasite and Fungi","floor":27,"turns":5},{"damage":0,"enemies":"3 Cultists","floor":28,"turns":4},{"damage":0,"enemies":"Snake Plant","floor":31,"turns":4},{"damage":18,"enemies":"Pondfish","floor":33,"turns":10},{"damage":11,"enemies":"Orb Walker","floor":35,"turns":4},{"damage":0,"enemies":"3 Shapes","floor":38,"turns":4},{"damage":0,"enemies":"Transient","floor":39,"turns":5},{"damage":27,"enemies":"Sphere and 2 Shapes","floor":41,"turns":7},{"damage":18,"enemies":"3 Darklings","floor":44,"turns":6},{"damage":0,"enemies":"Transient","floor":45,"turns":5},{"damage":12,"enemies":"Spire Growth","floor":48,"turns":6},{"damage":22,"enemies":"Time Eater","floor":50,"turns":12}],"seed_played":"7717447374440153192","potions_obtained":[{"floor":5.0,"key":"FearPotion"},{"floor":7.0,"key":"Fire Potion"},{"floor":11.0,"key":"SteroidPotion"},{"floor":18.0,"key":"Adrenaline Potion"},{"floor":27,"key":"Weak Potion"},{"floor":38,"key":"Venom Potion"},{"floor":39,"key":"DeathKnight:RimePotion"},{"floor":45,"key":"Explosive Potion"},{"floor":48,"key":"LifebloodPotion"}],"is_trial":false,"path_per_floor":["M","?","?","?","M","E","M","$","T","R","M","$","R","?","R","B",null,"M","?","?","M","?","R","M","M","T","M","M","$","R","M","R","B",null,"M","?","?","M","M","R","M","R","T","M","M","?","?","M","R","B",null],"character_chosen":"MAD_SCIENTIST","items_purchased":["MadScienceMod:FuelPotion","MadScienceMod:FlameCannon","MadScienceMod:TimeDilationField+1","MadScienceMod:AssemblyLine","MadScienceMod:EnergyBarrier"],"campfire_rested":5,"item_purchase_floors":[8,8,8,29,29],"current_hp_per_floor":[75,75,60,60,60,60,51,51,51,51,51,51,51,51,73,31,75,56,36,36,36,36,58,51,49,49,49,49,49,49,49,71,53,70,59,41,41,41,41,41,14,36,36,18,18,18,18,6,28,6],"gold":6,"neow_bonus":"THREE_ENEMY_KILL","is_daily":false,"chose_seed":false,"campfire_upgraded":4,"win_rate":0.0,"timestamp":1609406046,"path_taken":["M","?","?","?","M","E","M","$","T","R","M","$","R","?","R","BOSS","M","?","?","?","?","R","M","M","T","M","M","$","R","?","R","BOSS","M","?","?","?","?","R","M","R","T","M","M","?","?","M","R","BOSS"],"items_purchased_type":["Potion","Card","Card","Card","Card"],"build_version":"2020-12-22","purchased_purges":0,"victory":true,"max_hp_per_floor":[75,75,75,75,75,75,75,75,75,75,75,75,75,75,75,75,75,75,75,75,75,75,75,75,75,75,75,75,75,75,75,75,75,75,75,75,75,75,75,75,75,75,75,75,75,75,75,75,75,75],"card_choices":[{"not_picked":["MadScienceMod:EnergyBarrier","MadScienceMod:Refuel"],"picked":"MadScienceMod:AcidSpray","floor":1.0},{"not_picked":["MadScienceMod:FlameThrower","MadScienceMod:Detonate"],"picked":"MadScienceMod:LightOnFire","floor":5.0},{"not_picked":["MadScienceMod:FumeBlast","MadScienceMod:MakeOrBreak"],"picked":"MadScienceMod:AntimatterBomb","floor":6.0},{"not_picked":["MadScienceMod:MechanicalClaw","MadScienceMod:FlexibleSpear"],"picked":"MadScienceMod:AntimatterBomb","floor":7.0},{"not_picked":["MadScienceMod:MindControlBeam","MadScienceMod:Generator"],"picked":"MadScienceMod:OilDrum","floor":11.0},{"not_picked":["MadScienceMod:SelfDestruct","MadScienceMod:MechanicalClaw"],"picked":"MadScienceMod:Detonate","floor":14.0},{"not_picked":["MadScienceMod:Browse","MadScienceMod:SelfDestruct"],"picked":"MadScienceMod:FlexibleSpear","floor":14.0},{"not_picked":["MadScienceMod:CloneVats","MadScienceMod:Reconstitute"],"picked":"MadScienceMod:Jetpack","floor":16.0},{"not_picked":["MadScienceMod:Probe","MadScienceMod:FlammableWall"],"picked":"MadScienceMod:Refuel","floor":18.0},{"not_picked":["MadScienceMod:Redesign","MadScienceMod:LightOnFire"],"picked":"MadScienceMod:Virus","floor":19.0},{"not_picked":["MadScienceMod:FlameCannon","MadScienceMod:Bombardment+1"],"picked":"MadScienceMod:Strafe","floor":21.0},{"not_picked":["MadScienceMod:Tune","MadScienceMod:Refuel"],"picked":"MadScienceMod:FumeBlast","floor":24},{"not_picked":["MadScienceMod:EnergyBarrier","MadScienceMod:FragmentationGrenade"],"picked":"MadScienceMod:ShrinkRay+1","floor":25},{"not_picked":["MadScienceMod:Refuel","MadScienceMod:OilDrum"],"picked":"MadScienceMod:AutoStrike","floor":27},{"not_picked":["MadScienceMod:Mechanize","MadScienceMod:PowerArmor"],"picked":"MadScienceMod:RadioactiveSword+1","floor":28},{"not_picked":["MadScienceMod:Inflate","MadScienceMod:AntimatterBomb"],"picked":"MadScienceMod:ImposingConstruct+1","floor":31},{"not_picked":["MadScienceMod:Automate","MadScienceMod:Mechanize"],"picked":"MadScienceMod:FumeHood","floor":33},{"not_picked":["MadScienceMod:FlexibleSpear+1","MadScienceMod:EnergyBarrier"],"picked":"MadScienceMod:Refuel+1","floor":35},{"not_picked":["infinitespire:Menacing","ReplayTheSpireMod:??????????????????????"],"picked":"Replay:Fractal Strike","floor":36},{"not_picked":["MadScienceMod:Detonate+1","MadScienceMod:Postpone"],"picked":"MadScienceMod:SoftenUp+1","floor":38},{"not_picked":["MadScienceMod:FlameCannon+1","MadScienceMod:FlexibleSpear"],"picked":"MadScienceMod:Bombardment","floor":39},{"not_picked":["MadScienceMod:ExploreOptions","MadScienceMod:AutoStrike"],"picked":"MadScienceMod:Sprocket+1","floor":41},{"not_picked":["MadScienceMod:MechanicalClaw","MadScienceMod:Bayonet+1"],"picked":"MadScienceMod:PowerArmor+1","floor":44},{"not_picked":["MadScienceMod:EnergyBarrier","MadScienceMod:JunkLaser"],"picked":"MadScienceMod:AntimatterBomb+1","floor":45},{"not_picked":["MadScienceMod:Bayonet","MadScienceMod:Inflate"],"picked":"MadScienceMod:ExtractOil+1","floor":48}],"player_experience":228501,"relics_obtained":[{"floor":4.0,"key":"Ring of Peace"},{"floor":4.0,"key":"Ring of Searing"},{"floor":6.0,"key":"hubris:MobiusCoin"},{"floor":9.0,"key":"Potion Belt"},{"floor":19.0,"key":"Red Mask"},{"floor":26,"key":"ReplayFunnel"},{"floor":43,"key":"Juzu Bracelet"}],"event_choices":[{"damage_healed":0.0,"max_hp_gain":0.0,"max_hp_loss":0.0,"gold_gain":0.0,"event_name":"Masked Bandits","player_choice":"Fought Bandits","floor":19.0,"gold_loss":0.0,"damage_taken":0.0},{"damage_healed":0.0,"max_hp_gain":0.0,"max_hp_loss":0.0,"gold_gain":0.0,"event_name":"Vampires","player_choice":"Ignored","floor":20.0,"gold_loss":0.0,"damage_taken":0.0},{"cards_removed":["MadScienceMod:Defend_MadScience"],"damage_healed":0.0,"max_hp_gain":0.0,"max_hp_loss":0.0,"gold_gain":0.0,"event_name":"Purifier","player_choice":"Purged","floor":22.0,"gold_loss":0.0,"damage_taken":0.0},{"cards_removed":["MadScienceMod:Defend_MadScience"],"damage_healed":0,"gold_gain":0,"player_choice":"Removed Skill","damage_taken":0,"max_hp_gain":0,"max_hp_loss":0,"event_name":"Falling","floor":46,"gold_loss":0},{"damage_healed":0,"gold_gain":0,"player_choice":"Ignored","damage_taken":0,"max_hp_gain":0,"max_hp_loss":0,"event_name":"Mysterious Sphere","floor":47,"gold_loss":0}],"is_beta":false,"boss_relics":[{"not_picked":["SacredBark","Replay:Wanted Poster"],"picked":"Replay:Grab Bag"},{"not_picked":["Painkiller Herb","Runic Dome"],"picked":"Ectoplasm"},{"not_picked":["Coffee Dripper","ReplayTheSpireMod:Onyx Gauntlets"],"picked":"Cursed Key"},{"not_picked":["Astrolabe","ReplayTheSpireMod:SealedPack"],"picked":"MadScienceMod:PortablePumpjack"},{"not_picked":["hubris:Stopwatch","SlaversCollar"],"picked":"Runic Pyramid"},{"not_picked":["Replay:Ancient Bell","Tiny House"],"picked":"hubris:TerracottaHorce"}],"items_purged_floors":[],"is_endless":false,"potions_floor_spawned":[5,7,11,18,27,38,39,45,48],"ascension_level":0}}