{"host":"e8tokx78z9vc2suo","time":1609424708,"event":{"mods":["Act Like it!","Aspiration","BaseMod","Colored Powertips","Conspire","Gensokyo","Hallownest","HololiveMod","KinomotoSakuraMod(Ä¾Ö®±¾Ó£)","Koishi","Lobotomy","LobotomyExtend","Marisa£¨ìFÓê¡¡Ä§ÀíÉ³£©","Minty Spire (QoL Compilation)","MostiFishMod","Pale of the Ancients","Prisma Mod","Reimu£¨²©ÀöÁéÃÎ£©","Remilia£¨ÀÙÃ×ÀòÑÇ£©","Replay The Spire","RumiaBox-Â¶Ã×æ«µÄÉñÃØºÐ×Ó","SIMod","StSLib","TestMod","The Administrix","The Animator","The Bug Knight","Yakumo Yukari mod","Youmu£¨»êÆÇÑýÃÎ£©","vexMod","¡¾ÒÅÎï¿¨ÅÆ¡¿REMEMod"],"gold_per_floor":[111,111,111,140,140,140,140],"floor_reached":6,"playtime":339,"items_purged":[],"score":34,"play_id":"25c0887d-9f4c-4d3a-bb6b-5cb83ffd2495","local_time":"20201231222508","is_ascension_mode":false,"campfire_choices":[],"circlet_count":0,"master_deck":["animator:Strike_Konosuba","animator:Defend_Konosuba","animator:Strike","animator:Strike","animator:Strike","animator:Defend+1","animator:Defend","animator:Defend","animator:Kazuma","animator:Aqua","animator:Saitama+1","animator:MetalKnight","animator:Hitei"],"relics":["animator:LivingPicture","animator:TheMissingPiece","testmod-TestBox","DaveBox","REME_ComplimentaryCards","SynthV:TestCard","Hallownest:DreamNailRelic"],"acts_visited":["Hallownest:Greenpath"],"potions_floor_usage":[],"damage_taken":[{"damage":1,"enemies":"Hallownest:2_Baldur","floor":1,"turns":9},{"damage":1,"enemies":"Hallownest:monsterHuskWarrior","floor":4,"turns":5},{"damage":20,"enemies":"Hallownest:eliteCrystalGuardian","floor":6,"turns":7}],"seed_played":"5852459931834302491","potions_obtained":[{"floor":4,"key":"Adrenaline Potion"}],"is_trial":false,"path_per_floor":["M","?","?","M","?","E"],"character_chosen":"THE_ANIMATOR","items_purchased":[],"campfire_rested":0,"item_purchase_floors":[],"current_hp_per_floor":[65,65,65,65,56,38,38],"gold":140,"neow_bonus":"UPGRADE_CARD","is_daily":false,"chose_seed":false,"campfire_upgraded":0,"win_rate":0.0,"timestamp":1609424708,"path_taken":["M","?","?","M","?","E"],"items_purchased_type":[],"build_version":"2020-12-22","purchased_purges":0,"victory":false,"max_hp_per_floor":[66,66,66,66,66,66,66],"card_choices":[{"not_picked":["animator:Mitsurugi","animator:Raven"],"picked":"animator:MetalKnight","floor":1},{"not_picked":["animator:Gillette","animator:Aisha","animator:Genos","animator:Laby"],"picked":"animator:Hitei","floor":4}],"player_experience":273056,"relics_obtained":[{"floor":1,"key":"SynthV:TestCard"}],"event_choices":[],"is_beta":false,"boss_relics":[],"items_purged_floors":[],"is_endless":false,"potions_floor_spawned":[4],"killed_by":"Hallownest:eliteCrystalGuardian","ascension_level":0}}