{"host":"lxgv1wbl12oya7hr","time":1609442222,"event":{"mods":["BaseMod","Minty Spire (QoL Compilation)","Permanent Neow","StSLib"],"gold_per_floor":[113,113,123,133,152,179,179,198,198,198,51,115,115,115,115],"floor_reached":14,"playtime":840,"items_purged":["Regret"],"score":95,"play_id":"6396df91-7550-4c10-803f-2f9c653bd921","local_time":"20201231111702","is_ascension_mode":true,"campfire_choices":[{"data":"Tactician","floor":7,"key":"SMITH"},{"data":"Tools of the Trade","floor":10,"key":"SMITH"},{"floor":13,"key":"REST"}],"circlet_count":0,"master_deck":["Strike_G","Strike_G","Strike_G","Strike_G","Strike_G","Defend_G","Defend_G","Defend_G","Defend_G","Defend_G","Survivor","Neutralize","Adrenaline","Deflect","Dagger Throw","Slice","Tools of the Trade+1","Tactician+1","Acrobatics","Well Laid Plans"],"relics":["Ring of the Snake","Tiny Chest","Bronze Scales","Ginger"],"acts_visited":["Exordium"],"potions_floor_usage":[6,6,12,12],"damage_taken":[{"damage":0,"enemies":"2 Louse","floor":1,"turns":2},{"damage":0,"enemies":"Small Slimes","floor":3,"turns":3},{"damage":0,"enemies":"Cultist","floor":4,"turns":5},{"damage":3,"enemies":"Exordium Wildlife","floor":5,"turns":3},{"damage":7,"enemies":"Lagavulin","floor":6,"turns":5},{"damage":1,"enemies":"2 Fungi Beasts","floor":8,"turns":3},{"damage":27,"enemies":"Gremlin Nob","floor":12,"turns":5},{"damage":43,"enemies":"Gremlin Nob","floor":14,"turns":4}],"seed_played":"-5151999509583659040","potions_obtained":[{"floor":3,"key":"AttackPotion"},{"floor":4,"key":"Fire Potion"},{"floor":6,"key":"Block Potion"},{"floor":8,"key":"PowerPotion"}],"is_trial":false,"path_per_floor":["M","?","M","M","M","E","R","M","T","R","$","?","R","E"],"character_chosen":"THE_SILENT","items_purchased":["Well Laid Plans"],"campfire_rested":1,"item_purchase_floors":[11],"current_hp_per_floor":[49,49,49,49,46,39,39,38,38,38,38,11,32,0,0],"gold":115,"neow_bonus":"THREE_RARE_CARDS","is_daily":false,"chose_seed":false,"campfire_upgraded":2,"win_rate":0.0,"timestamp":1609442222,"path_taken":["M","?","M","M","M","E","R","M","T","R","$","?","R","E"],"items_purchased_type":["Card"],"build_version":"2020-12-22","purchased_purges":1,"victory":false,"max_hp_per_floor":[70,70,70,70,70,70,70,70,70,70,70,70,70,70,70],"card_choices":[{"not_picked":["Venomology","Bullet Time"],"picked":"Adrenaline","floor":0},{"not_picked":["PiercingWail","Reflex"],"picked":"Deflect","floor":1},{"not_picked":["Concentrate","Underhanded Strike"],"picked":"Dagger Throw","floor":3},{"not_picked":["Poisoned Stab","Quick Slash"],"picked":"Slice","floor":4},{"not_picked":["Sucker Punch","Deadly Poison"],"picked":"Tools of the Trade","floor":5},{"not_picked":["Bane","Dagger Spray"],"picked":"Tactician","floor":6},{"not_picked":["Poisoned Stab","Finisher"],"picked":"Acrobatics","floor":8}],"player_experience":2196493,"relics_obtained":[{"floor":6,"key":"Bronze Scales"},{"floor":12,"key":"Ginger"}],"event_choices":[{"damage_healed":0,"gold_gain":0,"player_choice":"Box","damage_taken":0,"relics_obtained":["Tiny Chest"],"max_hp_gain":0,"max_hp_loss":0,"event_name":"Big Fish","floor":2,"gold_loss":0,"cards_obtained":["Regret"]},{"damage_healed":0,"gold_gain":0,"player_choice":"Searched \u00271\u0027 times","damage_taken":0,"max_hp_gain":0,"max_hp_loss":0,"event_name":"Dead Adventurer","floor":12,"gold_loss":0}],"is_beta":false,"boss_relics":[],"items_purged_floors":[11],"is_endless":false,"potions_floor_spawned":[3,4,6,8],"killed_by":"Gremlin Nob","ascension_level":1}}