{"host":"eocn4tduyrehyy81","time":1609434086,"event":{"mods":["AchievementEnabler","Aspiration","BaseMod","BetterRewards","Custom Start","Minty Spire (QoL Compilation)","Replay The Spire","StSLib"],"gold_per_floor":[116,38,38,57,7,33,44,44,67,67,83,83,95,9,9,112,112,123,123,123,100,25,25],"floor_reached":22,"playtime":1137,"items_purged":[],"score":282,"play_id":"123d4060-c088-4f98-b420-5c32d804ab9c","local_time":"20201231110126","is_ascension_mode":false,"campfire_choices":[{"floor":8,"key":"REST"},{"floor":12,"key":"REST"},{"floor":15,"key":"REST"}],"circlet_count":0,"master_deck":["Strike_B+1","Strike_B+1","Strike_B+1","Defend_B+1","Defend_B+1","Defend_B+1","Zap","Ball Lightning","Ball Lightning","Lockon","Ball Lightning","Tempest","Heel Hook","Poison Darts","Expertise","FIFO Queue","Barrage","Storm","Stack","Echo Form","Leap","Sweeping Beam"],"relics":["Cracked Core","FaceOfCleric","Counterbalance","Art of War","aspiration:SecretTechniqueScroll"],"acts_visited":["Exordium","TheCity"],"potions_floor_usage":[6,16,16,16,22,22],"damage_taken":[{"damage":2,"enemies":"2 Louse","floor":1,"turns":3},{"damage":0,"enemies":"Cultist","floor":4,"turns":2},{"damage":25,"enemies":"3 Sentries","floor":6,"turns":5},{"damage":2,"enemies":"Small Slimes","floor":7,"turns":2},{"damage":16,"enemies":"Gremlin Gang","floor":11,"turns":4},{"damage":20,"enemies":"Exordium Wildlife","floor":13,"turns":3},{"damage":45,"enemies":"The Guardian","floor":16,"turns":7},{"damage":48,"enemies":"3 Byrds","floor":18,"turns":4},{"damage":40,"enemies":"2 Thieves","floor":22,"turns":3}],"seed_played":"-4162623624867758739","potions_obtained":[{"floor":4,"key":"Swift Potion"},{"floor":7,"key":"Block Potion"},{"floor":13,"key":"PowerPotion"},{"floor":18,"key":"FearPotion"},{"floor":20,"key":"Swift Potion"},{"floor":20,"key":"Explosive Potion"}],"is_trial":false,"path_per_floor":["M","$","?","M","?","E","M","R","T","?","M","R","M","$","R","B",null,"M","?","?","$","M"],"character_chosen":"DEFECT","items_purchased":["Ball Lightning","Adrenaline Potion","Lockon","Storm","Stack","Sweeping Beam"],"campfire_rested":3,"item_purchase_floors":[0,0,2,14,14,21],"current_hp_per_floor":[73,73,73,74,74,50,49,72,72,72,57,79,60,60,80,36,81,34,34,34,34,0,0],"gold":25,"neow_bonus":"","is_daily":false,"chose_seed":false,"campfire_upgraded":0,"win_rate":0.0,"timestamp":1609434086,"path_taken":["M","$","?","?","?","E","M","R","T","?","M","R","M","$","R","BOSS","M","?","?","$","?"],"items_purchased_type":["Card","Potion","Card","Card","Card","Card"],"build_version":"2020-12-22","purchased_purges":0,"victory":false,"max_hp_per_floor":[75,75,75,76,76,77,78,78,78,78,79,79,80,80,80,81,81,82,82,82,82,82,82],"card_choices":[{"not_picked":["Leap","Coolheaded"],"picked":"Ball Lightning","floor":1},{"not_picked":["Auto Shields","Hologram"],"picked":"Ball Lightning","floor":4},{"not_picked":["Rebound","Steam"],"picked":"Ball Lightning","floor":6},{"not_picked":["Steam Power","Auto Shields"],"picked":"Tempest","floor":7},{"not_picked":["ReplaySort","Rebound"],"picked":"FIFO Queue","floor":11},{"not_picked":["Auto Shields","Streamline"],"picked":"Barrage","floor":13},{"not_picked":["Buffer","Meteor Strike"],"picked":"Echo Form","floor":16},{"not_picked":["Hologram","Sweeping Beam"],"picked":"Leap","floor":18}],"player_experience":47153,"relics_obtained":[{"floor":6,"key":"Counterbalance"},{"floor":9,"key":"Art of War"}],"event_choices":[{"damage_healed":0,"gold_gain":0,"player_choice":"Trade","damage_taken":0,"relics_obtained":["FaceOfCleric"],"max_hp_gain":0,"max_hp_loss":0,"event_name":"FaceTrader","floor":3,"gold_loss":0},{"cards_removed":["Strike_B"],"damage_healed":0,"gold_gain":0,"player_choice":"Card Removal","damage_taken":0,"max_hp_gain":0,"max_hp_loss":0,"event_name":"The Cleric","floor":5,"gold_loss":50},{"damage_healed":0,"gold_gain":0,"player_choice":"Simplicity","damage_taken":0,"max_hp_gain":0,"max_hp_loss":0,"event_name":"Back to Basics","floor":19,"gold_loss":0,"cards_upgraded":["Strike_B","Strike_B","Strike_B","Defend_B","Defend_B","Defend_B"]},{"damage_healed":0,"gold_gain":0,"player_choice":"Got Potions","damage_taken":0,"max_hp_gain":0,"max_hp_loss":0,"event_name":"Lab","floor":20,"gold_loss":0}],"is_beta":false,"boss_relics":[{"not_picked":["ChewingGum","Fusion Hammer"],"picked":"aspiration:SecretTechniqueScroll"}],"items_purged_floors":[],"is_endless":false,"potions_floor_spawned":[4,7,13,18],"killed_by":"2 Thieves","ascension_level":0}}