{"host":"dcj2yvrgcvh5dl2s","time":1609404885,"event":{"mods":["BaseMod","Better Note","Block Reminder","Colored Powertips","DeckTracker","Minty Spire (QoL Compilation)","Quick Restart","Rare Cards Sparkle","Relic Stats","StSLib"],"gold_per_floor":[114,114,128,53,53,53,81,97,97,97,130,130,147,180,180,180,180],"floor_reached":16,"playtime":312,"items_purged":["Defend_R"],"score":272,"play_id":"4c00cbdd-ba5a-402a-b250-8b363c35f720","local_time":"20201231185445","is_ascension_mode":true,"campfire_choices":[{"data":"Perfected Strike","floor":6,"key":"SMITH"},{"data":"Flex","floor":10,"key":"SMITH"},{"floor":15,"key":"REST"}],"circlet_count":0,"master_deck":["AscendersBane","Strike_R","Strike_R","Strike_R","Strike_R","Defend_R+1","Defend_R+1","Bash","Perfected Strike+1","Sword Boomerang","Exhume","Perfected Strike+1","Flex+1","Flex","Body Slam+1","Flex"],"relics":["Burning Blood","NeowsBlessing","Molten Egg 2","Pear","Bottled Lightning","Matryoshka"],"acts_visited":["Exordium"],"potions_floor_usage":[11,13,13],"damage_taken":[{"damage":0,"enemies":"2 Louse","floor":1,"turns":1},{"damage":0,"enemies":"Cultist","floor":3,"turns":1},{"damage":0,"enemies":"Gremlin Nob","floor":7,"turns":1},{"damage":4,"enemies":"Jaw Worm","floor":8,"turns":2},{"damage":34,"enemies":"3 Sentries","floor":11,"turns":7},{"damage":36,"enemies":"Gremlin Gang","floor":13,"turns":4},{"damage":24,"enemies":"Lagavulin","floor":14,"turns":6},{"damage":56,"enemies":"Slime Boss","floor":16,"turns":7}],"seed_played":"6732775018594798679","potions_obtained":[{"floor":1,"key":"Regen Potion"},{"floor":8,"key":"ColorlessPotion"},{"floor":13,"key":"BloodPotion"},{"floor":14,"key":"Energy Potion"}],"is_trial":false,"path_per_floor":["M","?","M","$","?","R","E","M","T","R","E","?","M","E","R","B"],"character_chosen":"IRONCLAD","items_purchased":[],"campfire_rested":1,"item_purchase_floors":[],"current_hp_per_floor":[74,51,57,57,57,57,63,65,75,75,47,47,46,28,53,0,0],"gold":180,"neow_bonus":"THREE_ENEMY_KILL","is_daily":false,"chose_seed":false,"campfire_upgraded":2,"win_rate":0.0,"timestamp":1609404885,"path_taken":["M","?","M","$","?","R","E","?","T","R","E","?","M","E","R","BOSS"],"items_purchased_type":[],"build_version":"2020-12-22","purchased_purges":1,"victory":false,"max_hp_per_floor":[75,75,75,75,75,75,75,75,85,85,85,85,85,85,85,85,85],"relic_stats":{"counters":[8,29],"obtain_stats":[{"Pear":9,"Matryoshka":14,"NeowsBlessing":0,"Molten Egg 2":7,"Bottled Lightning":11,"Burning Blood":0},{"Pear":4,"Matryoshka":7,"NeowsBlessing":0,"Molten Egg 2":3,"Bottled Lightning":5,"Burning Blood":0},{"Pear":5,"Matryoshka":22,"NeowsBlessing":0,"Molten Egg 2":3,"Bottled Lightning":12,"Burning Blood":0}],"Burning Blood":42},"card_choices":[{"not_picked":["Flame Barrier","Warcry"],"picked":"Perfected Strike","floor":1},{"not_picked":["Bloodletting","Shrug It Off"],"picked":"Sword Boomerang","floor":3},{"not_picked":["Thunderclap+1","True Grit"],"picked":"Perfected Strike+1","floor":7},{"not_picked":["Sword Boomerang+1","Rupture"],"picked":"Flex","floor":8},{"not_picked":["Sword Boomerang+1","Wild Strike+1"],"picked":"Flex","floor":11},{"not_picked":["Berserk","Rupture"],"picked":"Body Slam+1","floor":13},{"not_picked":["Warcry","Brutality"],"picked":"Flex","floor":14}],"player_experience":2126677,"relics_obtained":[{"floor":7,"key":"Molten Egg 2"},{"floor":9,"key":"Pear"},{"floor":11,"key":"Bottled Lightning"},{"floor":14,"key":"Matryoshka"}],"event_choices":[{"damage_healed":0,"gold_gain":0,"player_choice":"Entered Light","damage_taken":23,"max_hp_gain":0,"max_hp_loss":0,"event_name":"Shining Light","floor":2,"gold_loss":0,"cards_upgraded":["Defend_R","Defend_R"]},{"damage_healed":0,"gold_gain":0,"cards_transformed":["Defend_R"],"player_choice":"Transformed","damage_taken":0,"max_hp_gain":0,"max_hp_loss":0,"event_name":"Transmorgrifier","floor":5,"gold_loss":0,"cards_obtained":["Exhume"]},{"cards_removed":["Strike_R"],"damage_healed":0,"gold_gain":0,"player_choice":"Purged","damage_taken":0,"max_hp_gain":0,"max_hp_loss":0,"event_name":"Purifier","floor":12,"gold_loss":0}],"is_beta":false,"boss_relics":[],"items_purged_floors":[4],"is_endless":false,"potions_floor_spawned":[1,8,13,14],"killed_by":"Slime Boss","ascension_level":18}}