{"host":"23d796tl9dohsvj7","time":1609394547,"event":{"mods":["BaseMod","Colored Map","Downfall","Minty Spire (QoL Compilation)","StSLib"],"gold_per_floor":[99,119,133,133,150,161,161,180,201,201,215,215,230,243,258,258,258,258],"floor_reached":16,"playtime":1018,"items_purged":[],"score":98,"play_id":"5d7a0f48-555b-4791-bb3d-7acbaf8af2e2","local_time":"20201231140227","is_ascension_mode":false,"campfire_choices":[{"data":"Slimebound:CorrosiveSpit","floor":1,"key":"SMITH"},{"data":"Slimebound:FirmFortitude","floor":10,"key":"SMITH"},{"data":"Slimebound:Split","floor":12,"key":"SMITH"}],"circlet_count":0,"master_deck":["Slimebound:Strike_Slimebound","Slimebound:Strike_Slimebound","Slimebound:Tackle","Slimebound:Defend_Slimebound","Slimebound:Defend_Slimebound","Slimebound:Defend_Slimebound","Slimebound:Defend_Slimebound","Slimebound:Split+1","Slimebound:CorrosiveSpit+1","Slimebound:FirmFortitude+1","Slimebound:SplitMire","Slimebound:FinishingTackle","Slimebound:Overexert","Slimebound:SplitMire","Slimebound:SplitLeeching"],"relics":["Slimebound:AbsorbEndCombat","Question Card","Odd Mushroom"],"acts_visited":["Exordium"],"potions_floor_usage":[11],"damage_taken":[{"damage":13,"enemies":"Jaw Worm","floor":2,"turns":3},{"damage":4,"enemies":"Cultist","floor":3,"turns":4},{"damage":8,"enemies":"2 Louse","floor":5,"turns":3},{"damage":17,"enemies":"2 Fungi Beasts","floor":6,"turns":3},{"damage":10,"enemies":"Red Slaver","floor":8,"turns":3},{"damage":18,"enemies":"The Mushroom Lair","floor":9,"turns":4},{"damage":6,"enemies":"Gremlin Gang","floor":11,"turns":4},{"damage":14,"enemies":"2 Fungi Beasts","floor":13,"turns":3},{"damage":18,"enemies":"Exordium Wildlife","floor":14,"turns":3},{"damage":9,"enemies":"Blue Slaver","floor":15,"turns":3},{"damage":67,"enemies":"downfall:Defect","floor":16,"turns":5}],"seed_played":"-5211282292253191120","potions_obtained":[{"floor":2,"key":"champ:CounterPotion"},{"floor":3,"key":"SteroidPotion"},{"floor":6,"key":"Fire Potion"},{"floor":11,"key":"CultistPotion"}],"is_trial":false,"path_per_floor":["R","M","M","?","M","M","T","M","?","R","M","R","M","M","M","B"],"character_chosen":"SLIMEBOUND","items_purchased":[],"campfire_rested":0,"item_purchase_floors":[],"current_hp_per_floor":[66,57,61,61,65,57,57,59,57,57,63,63,60,62,65,0,0,0],"gold":258,"neow_bonus":"TEN_PERCENT_HP_BONUS","is_daily":false,"chose_seed":false,"campfire_upgraded":3,"win_rate":0.0,"timestamp":1609394547,"path_taken":["R","M","M","?","M","M","T","?","?","R","M","R","M","M","M","BOSS"],"items_purchased_type":[],"build_version":"2020-12-22","purchased_purges":0,"victory":false,"max_hp_per_floor":[66,66,66,66,66,66,66,66,66,66,66,66,66,66,66,66,66,66],"card_choices":[{"not_picked":["Slimebound:LevelUp","Slimebound:LeechEnergy"],"picked":"Slimebound:FirmFortitude","floor":2},{"not_picked":["Slimebound:PressTheAttack","Slimebound:LeechingTouch"],"picked":"Slimebound:SplitMire","floor":3},{"not_picked":["Slimebound:SamplingLick","Slimebound:Schlurp","Slimebound:LeechEnergy"],"picked":"SKIP","floor":5},{"not_picked":["Slimebound:ItLooksTasty","Slimebound:TongueLash"],"picked":"Slimebound:FinishingTackle","floor":6},{"not_picked":["Slimebound:GoopSpray","Slimebound:ComboTackle","Slimebound:Equalize","Slimebound:FlameTackle"],"picked":"SKIP","floor":8},{"not_picked":["Slimebound:Dissolve","Slimebound:PressTheAttack","Slimebound:GrowthPunch"],"picked":"Slimebound:Overexert","floor":9},{"not_picked":["Slimebound:SamplingLick","Slimebound:GoopSpray","Slimebound:FormOfPuddle","Slimebound:DisruptingSlam"],"picked":"SKIP","floor":11},{"not_picked":["Slimebound:SplitAcid","Slimebound:ComboTackle","Slimebound:SlimeSpikes"],"picked":"Slimebound:SplitMire","floor":13},{"not_picked":["Slimebound:SamplingLick","Slimebound:PressTheAttack","Slimebound:Grow","Slimebound:RallyTheTroops"],"picked":"SKIP","floor":14},{"not_picked":["Slimebound:SamplingLick","Slimebound:Chomp","Slimebound:FirmFortitude"],"picked":"Slimebound:SplitLeeching","floor":15}],"player_experience":288050,"relics_obtained":[{"floor":7,"key":"Question Card"},{"floor":9,"key":"Odd Mushroom"}],"event_choices":[{"cards_removed":["Slimebound:Strike_Slimebound"],"damage_healed":0,"gold_gain":0,"player_choice":"Purged","damage_taken":0,"max_hp_gain":0,"max_hp_loss":0,"event_name":"Purifier","floor":4,"gold_loss":0},{"damage_healed":0,"gold_gain":0,"player_choice":"Fought Mushrooms","damage_taken":0,"max_hp_gain":0,"max_hp_loss":0,"event_name":"Mushrooms","floor":9,"gold_loss":0}],"is_beta":false,"boss_relics":[],"items_purged_floors":[],"is_endless":false,"potions_floor_spawned":[2,3,6,11,14,15],"killed_by":"downfall:Defect","ascension_level":0}}