{"host":"55yei7x27djrlaep","time":1609449384,"event":{"mods":["Act Like it!","Aspiration","BaseMod","Better Altar","Better Match","Better Note","Better Sensory Stone","Better Skull","Better Third Choice","BetterRewards","Colored Map","Conspire","Friendly Minions","GifTheSpireLib","Gremlin Mod","Halation","Hubris","Marisa????????","Minty Spire (QoL Compilation)","Pale of the Ancients","Replay The Spire","StSLib","Stuff the Spire","The Marked"],"gold_per_floor":[111,32,32,32,32,66,66,99,99,128,155,195,236,248,260,378,390,429,441,453,465,477,489,545,557,651,704,743,799,811,871,883,1005,1017,1049,1061,1109,1162,1174,1232,1291,1351,1363,1406,1418,1479,1491,1542,1554,1576,1640,1689,1725,1141,1141,1164,1164,180,180,196],"floor_reached":61,"playtime":4014,"items_purged":["Strike_G","Strike_G","Spreading Infection","Strike_G"],"score":2464,"play_id":"0a5a3464-ce24-4e5c-9e3b-a584d002f634","local_time":"20210101001624","is_ascension_mode":true,"campfire_choices":[{"floor":7,"key":"REST"},{"floor":15,"key":"REST"},{"floor":23,"key":"RECALL"},{"data":"Noxious Fumes","floor":25,"key":"SMITH"},{"data":"After Image","floor":30,"key":"SMITH"},{"data":"Footwork","floor":32,"key":"SMITH"},{"floor":45,"key":"REST"},{"data":"A Thousand Cuts","floor":49,"key":"SMITH"},{"data":"Malaise","floor":55,"key":"SMITH"},{"floor":57,"key":"REST"}],"circlet_count":0,"master_deck":["Strike_G","Strike_G","Defend_G","Defend_G","Defend_G","Defend_G","Survivor","Neutralize","Noxious Fumes","Dodge and Roll+1","Noxious Fumes+1","Footwork","PiercingWail+1","ReplayTheSpireMod:From All Sides","Flying Knee","Footwork+1","StuffTheSpire:Incantation","Backstab","Choke","Corpse Explosion","Escape Plan","Accuracy","Malaise+1","StuffTheSpire:ReptileScales+1","PiercingWail","A Thousand Cuts+1","Envenom","Fluid Movement+1","Quick Slash","Catalyst","Escape Plan","Backflip+1","Terror+1","hubris:DuctTapeCard","Catalyst+1","Replay:Poison Smokescreen","Endless Agony","Fluid Movement","StuffTheSpire:MirrorStance"],"relics":["StuffTheSpire:OccultApparatus","hubris:AncientText","StuffTheSpire:NeowsTribute","hubris:Reverence","Juzu Bracelet","hubris:Zylophone","Question Card","hubris:Towel","Replay:Ringing Soul","Tiny Chest","aspiration:FetidBarrel","MawBank","Replay:Bandana","hubris:RunicObelisk","Incense Burner","Vajra","aspiration:SeaSaltIceCream","Eternal Feather","Blood Vial","Ninja Scroll","aspiration:FutureDiary","ReplayTheSpireMod:Ring of Addiction","White Beast Statue","hubris:EmptyBottle","halation:PapillonHeart","Lantern","Happy Flower","Replay:Bottled Snecko","StuffTheSpire:Tea","hubris:DuctTape","paleoftheancients:Timepiece","paleoftheancients:KeyRelic","Bronze Scales","Spirit Poop","ReplayTheSpireMod:Shallot","Sling","paleoftheancients:SoulOfTheDefect","ReplayTheSpireMod:Lightbulb","Frozen Eye","StuffTheSpire:RubySignet"],"acts_visited":["Exordium","TheCity","TheBeyond","paleoftheancients:PaleOfTheAncients"],"potions_floor_usage":[29,31,33,37,37,38,38,40,40,40,41,46,48,48,50,51,51,60,60],"damage_taken":[{"damage":0,"enemies":"Small Slimes","floor":1,"turns":5},{"damage":6,"enemies":"Lagavulin","floor":6,"turns":6},{"damage":2,"enemies":"3 Sentries","floor":8,"turns":6},{"damage":12,"enemies":"Gremlin Nob","floor":10,"turns":5},{"damage":3,"enemies":"conspire:RoseBush","floor":11,"turns":3},{"damage":0,"enemies":"Lagavulin","floor":12,"turns":6},{"damage":0,"enemies":"2 Louse","floor":13,"turns":2},{"damage":42,"enemies":"Slime Boss","floor":16,"turns":7},{"damage":17,"enemies":"Spheric Guardian","floor":18,"turns":4},{"damage":3,"enemies":"Gremlin Leader","floor":24,"turns":7},{"damage":0,"enemies":"Chosen","floor":27,"turns":4},{"damage":8,"enemies":"Centurion and Healer","floor":28,"turns":6},{"damage":0,"enemies":"Book of Stabbing","floor":29,"turns":7},{"damage":11,"enemies":"Slavers","floor":31,"turns":4},{"damage":14,"enemies":"Automaton","floor":33,"turns":8},{"damage":8,"enemies":"3 Shapes","floor":35,"turns":5},{"damage":5,"enemies":"3 Darklings","floor":37,"turns":4},{"damage":20,"enemies":"4 Shapes","floor":38,"turns":4},{"damage":0,"enemies":"R_Hoarder","floor":40,"turns":8},{"damage":18,"enemies":"Maw","floor":41,"turns":8},{"damage":23,"enemies":"Nemesis","floor":42,"turns":5},{"damage":19,"enemies":"Writhing Mass","floor":44,"turns":6},{"damage":0,"enemies":"Giant Head","floor":46,"turns":6},{"damage":5,"enemies":"Reptomancer","floor":48,"turns":7},{"damage":68,"enemies":"conspire:OrnateMirror","floor":50,"turns":8},{"damage":48,"enemies":"conspire:OrnateMirror","floor":51,"turns":6},{"damage":38,"enemies":"conspire:OrnateMirror","floor":52,"turns":7},{"damage":115,"enemies":"conspire:OrnateMirror","floor":56,"turns":10},{"damage":0,"enemies":"paleoftheancients:N","floor":60,"turns":16}],"seed_played":"-504657658929009792","potions_obtained":[{"floor":10,"key":"SteroidPotion"},{"floor":11,"key":"Death Potion"},{"floor":12,"key":"SmokeBomb"},{"floor":16,"key":"Strength Potion"},{"floor":18,"key":"Energy Potion"},{"floor":27,"key":"SkillPotion"},{"floor":28,"key":"Block Potion"},{"floor":29,"key":"CultistPotion"},{"floor":31,"key":"Block Potion"},{"floor":35,"key":"Weak Potion"},{"floor":36,"key":"GhostInAJar"},{"floor":37,"key":"Adrenaline Potion"},{"floor":38,"key":"Elixir"},{"floor":40,"key":"Elixir"},{"floor":41,"key":"Fire Potion"},{"floor":42,"key":"EssenceOfSteel"},{"floor":48,"key":"Swift Potion"},{"floor":51,"key":"Dexterity Potion"},{"floor":52,"key":"Elixir"}],"is_trial":false,"path_per_floor":["M","$","?","$","?","E","R","E","T","E","M","E","M","?","R","B",null,"M","$","?","?","T","R","E","R","T","M","M","E","R","E","R","B",null,"M","?","M","M","?","E","M","E","T","M","R","E","?","E","R","B","M","M","T","$","R","M","R","$","?","B",null],"character_chosen":"THE_SILENT","items_purchased":["hubris:AncientText","Apotheosis","Noxious Fumes","hubris:Reverence","Dodge and Roll+1","Juzu Bracelet","Noxious Fumes","Footwork","Question Card","PiercingWail+1","Footwork","ReplayTheSpireMod:Shallot","Sling","Replay:Poison Smokescreen","ReplayTheSpireMod:Lightbulb","Fluid Movement","Frozen Eye","StuffTheSpire:RubySignet","StuffTheSpire:MirrorStance","LiquidMemories"],"campfire_rested":4,"item_purchase_floors":[0,0,0,0,0,0,0,0,0,0,2,54,54,54,58,58,58,58,58,58],"current_hp_per_floor":[21,21,21,21,21,18,39,37,37,28,25,28,31,36,62,23,73,59,59,62,62,62,62,62,62,62,62,57,60,75,69,84,75,102,99,102,99,81,81,86,73,55,55,41,98,103,103,103,124,110,100,98,98,101,122,74,134,135,135,135],"gold":196,"neow_bonus":"","is_daily":false,"chose_seed":false,"campfire_upgraded":5,"win_rate":0.0,"timestamp":1609449384,"path_taken":["M","$","?","$","?","E","R","E","T","E","M","E","M","?","R","BOSS","M","$","?","?","?","R","E","R","T","M","M","E","R","E","R","BOSS","M","?","M","M","?","E","M","E","T","M","R","E","?","E","R","BOSS","M","M","?","$","R","M","R","$","?","BOSS"],"items_purchased_type":["Relic","Card","Card","Relic","Card","Relic","Card","Card","Relic","Card","Card","Relic","Relic","Card","Relic","Card","Relic","Relic","Card","Potion"],"build_version":"2020-12-22","purchased_purges":4,"victory":true,"max_hp_per_floor":[70,70,70,70,70,73,73,73,73,76,76,79,82,87,87,90,90,93,93,96,96,96,96,99,99,99,99,102,105,105,108,108,111,111,114,117,117,117,111,114,117,120,120,123,121,124,124,127,127,127,130,130,130,133,131,134,134,135,135,135],"card_choices":[{"not_picked":["Dodge and Roll","Hidden Blade","hubris:TrickCloak"],"picked":"Flying Knee","floor":1},{"not_picked":["Glass Knife","Sucker Punch","Cloak And Dagger"],"picked":"StuffTheSpire:Incantation","floor":6},{"not_picked":["All Out Attack","Terror","Blade Dance","Skewer"],"picked":"SKIP","floor":8},{"not_picked":["Bane","Slice","Sucker Punch"],"picked":"Backstab","floor":10},{"not_picked":["StuffTheSpire:Python","Prepared","ReplayTheSpireMod:Speed Training","hubris:Counter"],"picked":"SKIP","floor":11},{"not_picked":["Underhanded Strike","Choke","Reflex"],"picked":"After Image","floor":12},{"not_picked":["Flying Knee","Prepared","Dagger Spray"],"picked":"Choke","floor":13},{"not_picked":["aspiration:Lunge","Grand Finale","ReplayTheSpireMod:From All Sides"],"picked":"Corpse Explosion","floor":16},{"not_picked":["Deadly Poison","Infinite Blades+1","Slice"],"picked":"Escape Plan","floor":18},{"not_picked":["Outmaneuver","Dagger Spray","StuffTheSpire:ClusterCrunch+1"],"picked":"Malaise","floor":24},{"not_picked":["Dagger Throw","StuffTheSpire:Python","Bane","hubris:SlightOfHand"],"picked":"SKIP","floor":27},{"not_picked":["Dagger Throw","StuffTheSpire:Python","Bane","hubris:SlightOfHand"],"picked":"SKIP","floor":27},{"not_picked":["ReplayTheSpireMod:Scrap Shanks","Endless Agony+1","Cloak And Dagger"],"picked":"StuffTheSpire:ReptileScales+1","floor":28},{"not_picked":["StuffTheSpire:Python+1","Hidden Blade","Acrobatics"],"picked":"PiercingWail","floor":29},{"not_picked":["Outmaneuver","Draining Mist+1","Well Laid Plans"],"picked":"A Thousand Cuts","floor":31},{"not_picked":["Tools of the Trade","A Thousand Cuts","Glass Knife"],"picked":"Envenom","floor":33},{"not_picked":["Sucker Punch","Heel Hook","Blade Dance"],"picked":"Fluid Movement+1","floor":35},{"not_picked":["StuffTheSpire:BumpUp+1","Tools of the Trade","Sneak Up","StuffTheSpire:Python+1"],"picked":"SKIP","floor":37},{"not_picked":["Poisoned Stab","Dagger Throw+1","Sucker Punch+1","ReplayTheSpireMod:From All Sides"],"picked":"SKIP","floor":38},{"not_picked":["Flying Knee","PiercingWail","Setup"],"picked":"Quick Slash","floor":40},{"not_picked":["Prepared","StuffTheSpire:BumpUp","Deadly Poison"],"picked":"Catalyst","floor":41},{"not_picked":["StuffTheSpire:Incursion+1","Dagger Spray","ReplayTheSpireMod:Scrap Shanks+1"],"picked":"Escape Plan","floor":42},{"not_picked":["Hidden Blade","Distraction+1","StuffTheSpire:DoubleShiv"],"picked":"Backflip+1","floor":44},{"not_picked":["ReplayTheSpireMod:Scrap Shanks+1","Distraction","Infinite Blades"],"picked":"Terror+1","floor":46},{"not_picked":["Endless Agony+1","Backstab","Blade Dance+1","StuffTheSpire:Incantation+1"],"picked":"SKIP","floor":48},{"not_picked":["Blade Dance","StuffTheSpire:ClusterCrunch","Quick Slash"],"picked":"Catalyst+1","floor":51},{"not_picked":["StuffTheSpire:Python","StuffTheSpire:Injection","PiercingWail","Toxin Wave"],"picked":"SKIP","floor":52},{"not_picked":["Bane","Cloak And Dagger","Dagger Spray"],"picked":"Endless Agony","floor":56}],"player_experience":397896,"relics_obtained":[{"floor":6,"key":"Replay:Ringing Soul"},{"floor":8,"key":"Tiny Chest"},{"floor":9,"key":"aspiration:FetidBarrel"},{"floor":10,"key":"MawBank"},{"floor":12,"key":"Replay:Bandana"},{"floor":22,"key":"Incense Burner"},{"floor":24,"key":"Vajra"},{"floor":26,"key":"aspiration:SeaSaltIceCream"},{"floor":29,"key":"Blood Vial"},{"floor":31,"key":"Ninja Scroll"},{"floor":36,"key":"ReplayTheSpireMod:Ring of Addiction"},{"floor":36,"key":"White Beast Statue"},{"floor":36,"key":"hubris:EmptyBottle"},{"floor":40,"key":"Lantern"},{"floor":42,"key":"Happy Flower"},{"floor":43,"key":"Replay:Bottled Snecko"},{"floor":46,"key":"StuffTheSpire:Tea"},{"floor":48,"key":"hubris:DuctTape"},{"floor":56,"key":"paleoftheancients:SoulOfTheDefect"}],"event_choices":[{"damage_healed":0,"gold_gain":0,"player_choice":"Forge","damage_taken":0,"max_hp_gain":0,"max_hp_loss":0,"event_name":"Accursed Blacksmith","floor":5,"gold_loss":0,"cards_upgraded":["Apotheosis"]},{"damage_healed":0,"gold_gain":0,"player_choice":"Donut","damage_taken":0,"max_hp_gain":5,"max_hp_loss":0,"event_name":"Big Fish","floor":14,"gold_loss":0},{"damage_healed":0,"gold_gain":0,"cards_transformed":["Defend_G"],"player_choice":"Transformed","damage_taken":0,"max_hp_gain":0,"max_hp_loss":0,"event_name":"Transmorgrifier","floor":20,"gold_loss":0,"cards_obtained":["Accuracy"]},{"damage_healed":0,"gold_gain":0,"player_choice":"Leave","damage_taken":0,"max_hp_gain":0,"max_hp_loss":0,"event_name":"conspire:Investor","floor":21,"gold_loss":0}],"is_beta":false,"boss_relics":[{"not_picked":["Empty Cage","Busted Crown"],"picked":"hubris:RunicObelisk"},{"not_picked":["halation:PlatinumPhoenix","Replay:Grab Bag"],"picked":"aspiration:FutureDiary"}],"items_purged_floors":[0,0,54,58],"is_endless":false,"potions_floor_spawned":[10,11,12,16,18,27,28,29,31,35,37,38,40,41,42,44,46,48,51,52,56],"ascension_level":7}}