{"host":"pgqkv8mh62pnrbci","time":1609424941,"event":{"mods":["2.2 Compatiblity","AchievementEnabler","BaseMod","Custom Start","DeckTracker","Minty Spire (QoL Compilation)","Replay The Spire","StSLib","SuperFastMode","¡¼?Úª?ø«¡½REMEMod"],"gold_per_floor":[17,17,38,54,54,54,98,98,147,171,171,171,212,285,300,300,300,394,394,408,157,181,200,221,257,257,257,257,307,307,321,337,347,347,424,424,444,444,3,47,65,91,91,136,161,161,191,201,221,241,241,241],"floor_reached":53,"playtime":5385,"items_purged":["Strike_R","Strike_R"],"score":1387,"play_id":"3a7d7fa9-f234-4de0-b8d2-2afb9c465779","local_time":"20201231232901","is_ascension_mode":true,"campfire_choices":[{"data":"REME_CRH","floor":6.0,"key":"SMITH"},{"data":"Exhume","floor":8.0,"key":"SMITH"},{"data":"Abandon","floor":17.0,"key":"SMITH"},{"data":"Exhume","floor":26.0,"key":"SMITH"},{"data":"ReplayTheSpireMod:Strike From Hell","floor":34.0,"key":"SMITH"},{"data":"Havoc","floor":43.0,"key":"SMITH"},{"data":"REME_TheLastStrike","floor":51,"key":"SMITH"}],"circlet_count":0,"master_deck":["AscendersBane","Defend_R","Defend_R","Defend_R","Defend_R+1","Bash","REME_CRH+1","Exhume+1","Shrug It Off","Inflame","Second Wind+1","REME_Scribble","Defy Death","Abandon+1","Exhume+1","REME_Cut","Bloodletting+1","REME_TheLastStrike+1","Havoc+1","Evolve+1","Burning Pact","True Grit","Impatience","Armaments+1","REME_FearOfPain+1"],"relics":["Burning Blood","REME_ComplimentaryCards","Bloody Idol","MealTicket","War Paint","Question Card","White Beast Statue","Counterbalance","Painkiller Herb","Orichalcum","Divine Protection","Ring of Searing","ReplayTheSpireMod:Ring of Collecting","Replay:Drink Me","BargainBundle","Snack Pack","Ginger","Ring of Panic","Replay:Rubber Ducky","Bird Faced Urn"],"acts_visited":["Exordium","TheCity","TheBeyond"],"potions_floor_usage":[50,52],"damage_taken":[{"damage":17.0,"enemies":"Small Slimes","floor":1.0,"turns":4.0},{"damage":7.0,"enemies":"Jaw Worm","floor":3.0,"turns":3.0},{"damage":3.0,"enemies":"Cultist","floor":4.0,"turns":4.0},{"damage":12.0,"enemies":"Lagavulin","floor":7.0,"turns":5.0},{"damage":2.0,"enemies":"Exordium Thugs","floor":10.0,"turns":5.0},{"damage":20.0,"enemies":"Gremlin Nob","floor":13.0,"turns":5.0},{"damage":2.0,"enemies":"Blue Slaver","floor":15.0,"turns":5.0},{"damage":8.0,"enemies":"Hexaghost","floor":18.0,"turns":13.0},{"damage":6.0,"enemies":"Shell Parasite","floor":20.0,"turns":6.0},{"damage":6.0,"enemies":"Spheric Guardian","floor":22.0,"turns":7.0},{"damage":17.0,"enemies":"Centurion and Healer","floor":23.0,"turns":10.0},{"damage":5.0,"enemies":"3 Cultists","floor":24.0,"turns":6.0},{"damage":75.0,"enemies":"Slavers","floor":25.0,"turns":13.0},{"damage":21.0,"enemies":"Chosen and Byrds","floor":31.0,"turns":8.0},{"damage":10.0,"enemies":"Centurion and Healer","floor":32.0,"turns":3.0},{"damage":0.0,"enemies":"Cultist and Chosen","floor":33.0,"turns":3.0},{"damage":29.0,"enemies":"Champ","floor":35.0,"turns":9.0},{"damage":20.0,"enemies":"3 Shapes","floor":37.0,"turns":3.0},{"damage":15.0,"enemies":"3 Darklings","floor":40.0,"turns":3.0},{"damage":11.0,"enemies":"Sphere and 2 Shapes","floor":41.0,"turns":3.0},{"damage":7.0,"enemies":"Giant Head","floor":42.0,"turns":3.0},{"damage":42.0,"enemies":"4 Shapes","floor":44.0,"turns":3.0},{"damage":19.0,"enemies":"Reptomancer","floor":47.0,"turns":4.0},{"damage":14.0,"enemies":"Transient","floor":48.0,"turns":5.0},{"damage":12.0,"enemies":"Spire Growth","floor":49.0,"turns":4.0},{"damage":7,"enemies":"Writhing Mass","floor":50,"turns":3},{"damage":73,"enemies":"Awakened One","floor":52,"turns":6}],"seed_played":"1030461526739176891","potions_obtained":[{"floor":1.0,"key":"Energy Potion"},{"floor":4.0,"key":"Venom Potion"},{"floor":10.0,"key":"Weak Potion"},{"floor":13.0,"key":"Languid Potion"},{"floor":15.0,"key":"Elixir"},{"floor":18.0,"key":"Weak Potion"},{"floor":20.0,"key":"Elixir"},{"floor":22.0,"key":"BlessingOfTheForge"},{"floor":24.0,"key":"FairyPotion"},{"floor":25.0,"key":"SkillPotion"},{"floor":31.0,"key":"FearPotion"},{"floor":32.0,"key":"PowerPotion"},{"floor":33.0,"key":"Toxic Potion"},{"floor":35.0,"key":"GamblersBrew"},{"floor":37.0,"key":"REME_GoldPotion"},{"floor":40.0,"key":"REME_GoldPotion"},{"floor":44.0,"key":"FearPotion"},{"floor":47.0,"key":"Ancient Potion"},{"floor":49.0,"key":"Strength Potion"},{"floor":50,"key":"ElixirPotion"}],"is_trial":false,"path_per_floor":["M","?","M","M","?","R","E","R","T","M","PTL","PTL","E","T","M","?","R","B",null,"?","T","?","?","?","E","T","?","T","?","?","?","?","?","T","B",null,"?","?","T","?","?","E","T","?","T","?","E","?","?","?","T","B",null],"character_chosen":"IRONCLAD","items_purchased":["REME_Cut","Fruit Juice","BargainBundle","Evolve+1","Burning Pact","True Grit","Snack Pack","Impatience"],"campfire_rested":0,"item_purchase_floors":[21,21,39,39,39,39,39,39],"current_hp_per_floor":[57,31,30,33,33,33,27,27,27,31,31,31,19,19,25,14,14,14,64,68,83,90,81,85,18,18,18,18,23,23,15,18,31,31,15,65,58,58,73,80,86,91,91,69,74,74,70,83,92,105,105,47],"gold":241,"neow_bonus":"THREE_RARE_CARDS","is_daily":false,"chose_seed":false,"campfire_upgraded":7,"win_rate":0.0,"timestamp":1609424941,"path_taken":["M","?","M","M","?","R","E","R","T","?","PTL","PTL","E","?","M","?","R","BOSS","?","T","?","?","?","E","T","?","T","?","?","?","?","?","T","BOSS","?","?","T","?","?","E","T","?","T","?","E","?","?","?","T","BOSS"],"items_purchased_type":["Card","Potion","Relic","Card","Card","Card","Relic","Card"],"build_version":"2020-12-22","purchased_purges":2,"victory":true,"max_hp_per_floor":[75,75,75,75,75,75,75,75,75,75,75,75,77,77,79,79,79,81,81,85,85,92,94,97,99,99,99,99,99,99,101,103,105,105,107,81,83,83,83,87,89,91,91,93,93,93,95,101,103,105,105,107],"card_choices":[{"not_picked":["Demon Form","Bludgeon"],"picked":"Exhume","floor":0.0},{"not_picked":["Pommel Strike","Heavy Blade","Warcry"],"picked":"SKIP","floor":1.0},{"not_picked":["Run Through","Uppercut"],"picked":"Shrug It Off","floor":3.0},{"not_picked":["ReplayTheSpireMod:Strike From Hell","Warcry"],"picked":"Inflame","floor":4.0},{"not_picked":["Sentinel","Hemokinesis"],"picked":"Second Wind","floor":7.0},{"not_picked":["Whirlwind","Body Slam"],"picked":"REME_Scribble","floor":10.0},{"not_picked":["Perfected Strike","Pummel"],"picked":"Defy Death","floor":13.0},{"not_picked":["Heavy Blade","Replay:Many Hands","Replay:Undeath\u0027s Touch"],"picked":"Abandon","floor":15.0},{"not_picked":["Brutality","Juggernaut","Bludgeon"],"picked":"Exhume","floor":18.0},{"not_picked":["Clash","Replay:Undeath\u0027s Touch+1","Thunderclap","Dropkick"],"picked":"SKIP","floor":20.0},{"not_picked":["Sword Boomerang","Warcry+1","Cleave","ReplayTheSpireMod:Strike From Hell"],"picked":"SKIP","floor":22.0},{"not_picked":["Perfected Strike","Flex","Iron Wave","Shrug It Off"],"picked":"SKIP","floor":23.0},{"not_picked":["Infernal Blade","Disarm","Spot Weakness"],"picked":"ReplayTheSpireMod:Strike From Hell","floor":24.0},{"not_picked":["Second Wind","Double Tap","ReplayTheSpireMod:Strike From Hell"],"picked":"Bloodletting","floor":25.0},{"not_picked":["ReplayTheSpireMod:Strike From Hell","Havoc","Searing Blow","Run Through"],"picked":"SKIP","floor":31.0},{"not_picked":["Impervious","Rage","Life Link+1"],"picked":"ReplayTheSpireMod:Strike From Hell+1","floor":32.0},{"not_picked":["Clash+1","Cleave+1","Thunderclap","Shrug It Off"],"picked":"SKIP","floor":33.0},{"not_picked":["REME_Fury","Immolate","Fiend Fire"],"picked":"REME_TheLastStrike","floor":35.0},{"not_picked":["ReplayTheSpireMod:Limb From Limb+1","Body Slam","Havoc","Headbutt"],"picked":"SKIP","floor":37.0},{"not_picked":["ReplayTheSpireMod:Limb From Limb+1","Body Slam","Headbutt"],"picked":"Havoc","floor":37.0},{"not_picked":["Cleave","Combust","Dual Wield"],"picked":"Armaments+1","floor":40.0},{"not_picked":["Perfected Strike","Clothesline","Warcry","ReplayTheSpireMod:Stacked"],"picked":"SKIP","floor":41.0},{"not_picked":["Eclipse","Defy Death","Rupture","Corruption"],"picked":"SKIP","floor":42.0},{"not_picked":["Sword Boomerang","Wild Strike","Armaments","Twin Strike"],"picked":"SKIP","floor":44.0},{"not_picked":["ReplayReversal","Blood for Blood","Abandon+1","Perfected Strike"],"picked":"SKIP","floor":47.0},{"not_picked":["Abandon","Blood for Blood","Headbutt"],"picked":"REME_FearOfPain+1","floor":48.0},{"not_picked":["Rage","Battle Trance","Blood for Blood+1","Run Through"],"picked":"SKIP","floor":49.0},{"not_picked":["Wild Strike","Clothesline","Flame Barrier","Limit Break"],"picked":"SKIP","floor":50}],"player_experience":581228,"relics_obtained":[{"floor":7.0,"key":"MealTicket"},{"floor":9.0,"key":"War Paint"},{"floor":13.0,"key":"Question Card"},{"floor":14.0,"key":"White Beast Statue"},{"floor":25.0,"key":"Orichalcum"},{"floor":28.0,"key":"Divine Protection"},{"floor":30.0,"key":"Ring of Searing"},{"floor":30.0,"key":"ReplayTheSpireMod:Ring of Collecting"},{"floor":42.0,"key":"Ginger"},{"floor":45.0,"key":"Ring of Panic"},{"floor":45.0,"key":"Replay:Rubber Ducky"},{"floor":47.0,"key":"Bird Faced Urn"}],"event_choices":[{"damage_healed":0.0,"max_hp_gain":0.0,"max_hp_loss":0.0,"gold_gain":0.0,"event_name":"Golden Idol","player_choice":"Take Damage","floor":2.0,"gold_loss":0.0,"damage_taken":26.0,"relics_obtained":["Golden Idol"]},{"cards_removed":["Strike_R"],"damage_healed":0.0,"max_hp_gain":0.0,"max_hp_loss":0.0,"gold_gain":0.0,"event_name":"Purifier","player_choice":"Purged","floor":5.0,"gold_loss":0.0,"damage_taken":0.0},{"damage_healed":0.0,"max_hp_gain":0.0,"max_hp_loss":0.0,"gold_gain":0.0,"event_name":"Scrap Ooze","player_choice":"Success","floor":16.0,"gold_loss":0.0,"damage_taken":11.0,"relics_obtained":["Counterbalance"]},{"damage_healed":0.0,"max_hp_gain":0.0,"max_hp_loss":0.0,"gold_gain":0.0,"event_name":"Forgotten Altar","player_choice":"Gave Idol","floor":27.0,"relics_lost":["Golden Idol"],"gold_loss":0.0,"damage_taken":0.0,"relics_obtained":["Bloody Idol"]},{"damage_healed":0.0,"max_hp_gain":0.0,"max_hp_loss":0.0,"gold_gain":50.0,"event_name":"Nest","player_choice":"Stole From Cult","floor":29.0,"gold_loss":0.0,"damage_taken":0.0},{"cards_removed":["ReplayTheSpireMod:Strike From Hell"],"damage_healed":0.0,"max_hp_gain":0.0,"max_hp_loss":0.0,"gold_gain":0.0,"event_name":"Falling","player_choice":"Removed Attack","floor":38.0,"gold_loss":0.0,"damage_taken":0.0},{"damage_healed":0.0,"max_hp_gain":0.0,"max_hp_loss":0.0,"gold_gain":0.0,"event_name":"Upgrade Shrine","player_choice":"Upgraded","floor":46.0,"gold_loss":0.0,"damage_taken":0.0,"cards_upgraded":["Bloodletting"]}],"is_beta":false,"boss_relics":[{"not_picked":["Ring of Chaos","Ectoplasm"],"picked":"Painkiller Herb"},{"not_picked":["Replay:Bronze Core","Abe\u0027s Treasure"],"picked":"Replay:Drink Me"}],"items_purged_floors":[21,39],"is_endless":false,"potions_floor_spawned":[1,4,10,13,15,18,20,22,23,24,25,31,32,33,35,37,40,41,42,44,47,48,49,50],"ascension_level":15}}