{"host":"627up2rvtmm0cf0r","time":1609427641,"event":{"mods":["ATMod(阿瑾Mod)","Act Like it!","BaseMod","Better Vampires","CapriCore","Card Filter","Card Forge","Colored Powertips","DeckTracker","Dota2Spire","Friendly Minions","Highlight Path","Infinite Spire","Jedi Mod","Marked Mod","Mimic Mod","Minty Spire (QoL Compilation)","MostiFishMod","Permanent Neow","Practice Mode","Quick Restart","Relic Stats","Shop Mod","Spicy Shops","StSLib","SuperFastMode","TestMod","【遗物卡牌】REMEMod","残留之物","篝火指南"],"gold_per_floor":[112,37,55,68,68,68,78,113,151,161,161,195,212,243,89,184,184,201,47,60,60,76,76,104,117,117,142,161,561,561,596,421,548,548,585,585,585,721,757,858,897,953,953,953,953,953,1044,1087,554,679],"floor_reached":51,"playtime":1053,"items_purged":["MostiFishMod:Nova","Defend_R","Body Slam"],"score":1145,"play_id":"624062af-e129-44b0-8c6c-13f3e530dd96","local_time":"20201231231401","is_ascension_mode":true,"campfire_choices":[{"data":"AT_DarkMatter","floor":6,"key":"SMITH"},{"data":"MostiFishMod:RainCloud","floor":23,"key":"SMITH"},{"data":"MostiFishMod:404NotFound","floor":46,"key":"SMITH"}],"circlet_count":0,"master_deck":["Strike_R","Strike_R","Strike_R","Strike_R","Defend_R","Defend_R","Bash","AT_DarkMatter+1","MostiFishMod:RainCloud+1","MostiFishMod:404NotFound+1","CurseOfTheBell","REME_TheLastStrike","Finesse"],"relics":["Burning Blood","Hammer of Thor","Seething Fire","Anvil of the Gods","DaveBox","testmod-TestBox","REME_ComplimentaryCards","AT_ATBox","testmod-IWantAll","Brimstone","SynthV:TestCard","infinitespire:CheckeredPen","infinitespire:Beetle Shell","jedi:shrinkray","Mango","PlaceholderMod:FlatBlood","Coffee Dripper","testmod-TurbochargingSystem","Dota2Spire:PhaseBoots","testmod-Nyarlathotep","AT_ForceNature","AT_MibuBalloonWealth","Calling Bell","Akabeko","Shuriken","Peace Pipe","Lee\u0027s Waffle","Strawberry","Bottled Flame","Mummified Hand","Dota2Spire:ShivaGuard","Lantern","REME_HourglassOfDeath"],"acts_visited":["Exordium","TheCity","TheBeyond"],"potions_floor_usage":[7,14],"damage_taken":[{"damage":0,"enemies":"2 Louse","floor":1,"turns":1},{"damage":0,"enemies":"Jaw Worm","floor":3,"turns":1},{"damage":0,"enemies":"Small Slimes","floor":4,"turns":1},{"damage":12,"enemies":"Gremlin Gang","floor":7,"turns":3},{"damage":16,"enemies":"Gremlin Nob","floor":8,"turns":3},{"damage":3,"enemies":"3 Louse","floor":9,"turns":5},{"damage":13,"enemies":"3 Louse","floor":10,"turns":2},{"damage":36,"enemies":"3 Sentries","floor":12,"turns":5},{"damage":10,"enemies":"Red Slaver","floor":13,"turns":2},{"damage":12,"enemies":"Lagavulin","floor":14,"turns":3},{"damage":22,"enemies":"Slime Boss","floor":16,"turns":7},{"damage":12,"enemies":"2 Thieves","floor":18,"turns":2},{"damage":0,"enemies":"Chosen","floor":20,"turns":2},{"damage":0,"enemies":"Snake Plant","floor":22,"turns":1},{"damage":26,"enemies":"Gremlin Leader","floor":24,"turns":4},{"damage":0,"enemies":"3 Cultists","floor":25,"turns":4},{"damage":13,"enemies":"Book of Stabbing","floor":27,"turns":4},{"damage":0,"enemies":"Cultist and Chosen","floor":28,"turns":3},{"damage":0,"enemies":"REME_1_Revenger","floor":31,"turns":2},{"damage":81,"enemies":"Champ","floor":33,"turns":9},{"damage":0,"enemies":"Orb Walker","floor":35,"turns":1},{"damage":0,"enemies":"3 Darklings","floor":38,"turns":2},{"damage":0,"enemies":"Spire Growth","floor":39,"turns":1},{"damage":0,"enemies":"Reptomancer","floor":40,"turns":1},{"damage":0,"enemies":"Writhing Mass","floor":41,"turns":1},{"damage":14,"enemies":"Giant Head","floor":42,"turns":2},{"damage":0,"enemies":"Jaw Worm Horde","floor":47,"turns":1},{"damage":0,"enemies":"Spire Growth","floor":48,"turns":1},{"damage":25,"enemies":"Awakened One","floor":50,"turns":3}],"seed_played":"-6893377318419716178","potions_obtained":[{"floor":4,"key":"Explosive Potion"},{"floor":8,"key":"SteroidPotion"},{"floor":11,"key":"EntropicBrew"},{"floor":11,"key":"PowerPotion"},{"floor":13,"key":"FairyPotion"},{"floor":14,"key":"jedi:mysterypotion"},{"floor":33,"key":"Strength Potion"},{"floor":48,"key":"REME_GoldPotion"}],"is_trial":false,"path_per_floor":["M","$","M","M","?","R","M","E","MIM","M","?","E","M","E","R","B",null,"M","$","M","?","M","R","E","M","T","E","M","?","?","E","R","B",null,"M","AVR","?","M","M","E","M","E","T","?","?","R","M","M","R","B",null],"character_chosen":"IRONCLAD","items_purchased":["PlaceholderMod:FlatBlood","testmod-TurbochargingSystem","Body Slam","Lantern","REME_HourglassOfDeath"],"campfire_rested":0,"item_purchase_floors":[15,19,32,49,49],"current_hp_per_floor":[80,80,80,80,73,73,67,57,60,53,53,23,19,27,27,11,94,88,88,94,94,94,94,74,80,80,73,79,79,60,66,66,59,99,99,106,101,101,101,108,108,100,100,95,95,95,101,107,107,88],"gold":679,"neow_bonus":"THREE_ENEMY_KILL","is_daily":false,"chose_seed":false,"campfire_upgraded":3,"win_rate":0.0,"timestamp":1609427641,"path_taken":["M","$","M","M","?","R","M","E","MIM","M","?","E","M","E","R","BOSS","M","$","?","?","M","R","E","M","T","E","?","?","?","E","R","BOSS","M","AVR","?","M","M","E","M","E","T","?","?","R","?","M","R","BOSS"],"items_purchased_type":["Relic","Relic","Card","Relic","Relic"],"build_version":"2020-12-22","purchased_purges":3,"victory":true,"max_hp_per_floor":[80,80,80,80,80,80,80,80,80,80,80,80,80,94,94,94,94,94,94,94,94,94,94,94,94,94,94,94,94,99,99,99,99,99,99,106,101,101,101,108,108,108,108,108,108,108,108,108,108,108],"relic_stats":{"Peace Pipe":0,"Lee\u0027s Waffle":7,"counters":[29,77],"Shuriken":[6],"Mummified Hand":[10],"obtain_stats":[{"Lantern":49,"AT_ATBox":0,"DaveBox":0,"AT_MibuBalloonWealth":31,"Mango":14,"Hammer of Thor":0,"testmod-IWantAll":0,"testmod-Nyarlathotep":26,"Burning Blood":0,"jedi:shrinkray":12,"Mummified Hand":43,"Strawberry":40,"AT_ForceNature":27,"Lee\u0027s Waffle":36,"testmod-TestBox":0,"NeowsBlessing":0,"Dota2Spire:ShivaGuard":45,"infinitespire:Beetle Shell":9,"Seething Fire":0,"infinitespire:CheckeredPen":8,"testmod-TurbochargingSystem":19,"Akabeko":34,"Calling Bell":34,"Peace Pipe":34,"Bottled Flame":42,"SynthV:TestCard":1,"REME_HourglassOfDeath":49,"Anvil of the Gods":0,"Brimstone":0,"Shuriken":34,"Coffee Dripper":17,"REME_ComplimentaryCards":0,"PlaceholderMod:FlatBlood":15,"Dota2Spire:PhaseBoots":24},{"Lantern":28,"AT_ATBox":0,"DaveBox":0,"AT_MibuBalloonWealth":19,"Mango":10,"Hammer of Thor":0,"testmod-IWantAll":0,"testmod-Nyarlathotep":16,"Burning Blood":0,"jedi:shrinkray":8,"Mummified Hand":26,"Strawberry":24,"AT_ForceNature":17,"Lee\u0027s Waffle":21,"testmod-TestBox":0,"NeowsBlessing":0,"Dota2Spire:ShivaGuard":26,"infinitespire:Beetle Shell":6,"Seething Fire":0,"infinitespire:CheckeredPen":5,"testmod-TurbochargingSystem":12,"Akabeko":20,"Calling Bell":20,"Peace Pipe":20,"Bottled Flame":26,"SynthV:TestCard":1,"REME_HourglassOfDeath":28,"Anvil of the Gods":0,"Brimstone":0,"Shuriken":20,"Coffee Dripper":11,"REME_ComplimentaryCards":0,"PlaceholderMod:FlatBlood":10,"Dota2Spire:PhaseBoots":15},{"Lantern":74,"AT_ATBox":0,"DaveBox":0,"AT_MibuBalloonWealth":55,"Mango":26,"Hammer of Thor":0,"testmod-IWantAll":0,"testmod-Nyarlathotep":46,"Burning Blood":0,"jedi:shrinkray":21,"Mummified Hand":72,"Strawberry":69,"AT_ForceNature":50,"Lee\u0027s Waffle":65,"testmod-TestBox":0,"NeowsBlessing":0,"Dota2Spire:ShivaGuard":72,"infinitespire:Beetle Shell":14,"Seething Fire":0,"infinitespire:CheckeredPen":9,"testmod-TurbochargingSystem":35,"Akabeko":64,"Calling Bell":64,"Peace Pipe":64,"Bottled Flame":72,"SynthV:TestCard":1,"REME_HourglassOfDeath":74,"Anvil of the Gods":0,"Brimstone":0,"Shuriken":64,"Coffee Dripper":33,"REME_ComplimentaryCards":0,"PlaceholderMod:FlatBlood":26,"Dota2Spire:PhaseBoots":42}],"Burning Blood":120},"card_choices":[{"not_picked":["AT_IchimonjiDouble","Perfected Strike","Battle Trance"],"picked":"SKIP","floor":1},{"not_picked":["Fire Breathing","Searing Blow","Pommel Strike","AT_DrawKnifeCut","Cleave"],"picked":"SKIP","floor":3},{"not_picked":["REME_Cut","Pommel Strike","MostiFishMod:DarkDeal","Intimidate","Thunderclap"],"picked":"SKIP","floor":4},{"not_picked":["Iron Wave","jedi:fear","Disarm","Fire Breathing","Thunderclap"],"picked":"SKIP","floor":7},{"not_picked":["Iron Wave","AT_GerminateFire","Headbutt","Burning Pact","Cleave"],"picked":"SKIP","floor":8},{"not_picked":["Cleave","Whirlwind","Power Through","jedi:fear","Clash"],"picked":"SKIP","floor":10},{"not_picked":["Warcry","Bludgeon","jedi:fear","Second Wind","True Grit"],"picked":"SKIP","floor":12},{"not_picked":["jedi:fear","REME_Scribble","Clothesline","Iron Wave","Impervious"],"picked":"SKIP","floor":13},{"not_picked":["Whirlwind","Pommel Strike","Heavy Blade","Armaments","Body Slam"],"picked":"SKIP","floor":14},{"not_picked":["REME_Fury","MostiFishMod:OrdinaryWorld","Limit Break","Bludgeon"],"picked":"MostiFishMod:RainCloud","floor":16},{"not_picked":["Pommel Strike+1","Body Slam","AT_IchimonjiDouble","Shrug It Off","Seeing Red+1"],"picked":"SKIP","floor":18},{"not_picked":["Sever Soul","MostiFishMod:#F4004+1","Flame Barrier","Shockwave","REME_SingleHolding+1"],"picked":"SKIP","floor":20},{"not_picked":["Feel No Pain","Cleave","Disarm","Anger+1","True Grit"],"picked":"SKIP","floor":22},{"not_picked":["Shrug It Off","Warcry+1","jedi:fear","Combust","Flame Barrier"],"picked":"SKIP","floor":24},{"not_picked":["Twin Strike","Burning Pact","Flex","Shrug It Off","Clothesline"],"picked":"SKIP","floor":25},{"not_picked":["AT_ShrugMaster","Perfected Strike+1","Seeing Red","AT_ManFootWork","Second Wind"],"picked":"SKIP","floor":27},{"not_picked":["Thunderclap","Rage","AT_DrawKnifeCut","MostiFishMod:FireWorks","MostiFishMod:BrandingRite+1"],"picked":"SKIP","floor":28},{"not_picked":["jedi:MakeshiftSword","REME_Scribble","AT_CaressingTears+1","AT_BodySlamDance","MostiFishMod:#F4004"],"picked":"SKIP","floor":31},{"not_picked":["AT_Dispersion","Juggernaut","Reaper","MostiFishMod:RacingGame"],"picked":"MostiFishMod:404NotFound","floor":33},{"not_picked":["Sword Boomerang","Clothesline+1","Bloodletting+1","AT_ShrugMaster","Shrug It Off"],"picked":"SKIP","floor":35},{"not_picked":["Cleave+1","jedi:fear+1","Warcry","Headbutt","Seeing Red+1"],"picked":"SKIP","floor":38},{"not_picked":["Disarm","AT_IchimonjiDouble","Shrug It Off+1","Body Slam","Twin Strike"],"picked":"SKIP","floor":39},{"not_picked":["Perfected Strike","AT_BodySlamDance","Headbutt+1","Clothesline"],"picked":"REME_TheLastStrike","floor":40},{"not_picked":["Second Wind+1","Pommel Strike+1","AT_BodySlamDance+1","jedi:hate+1","Shrug It Off"],"picked":"SKIP","floor":41},{"not_picked":["infinitespire:OneForAll","Sword Boomerang+1","AT_ShrugMaster","Battle Trance+1","Twin Strike+1"],"picked":"SKIP","floor":42},{"not_picked":["MostiFishMod:PerfectForm","testmod-PulseDistributor","Bandage Up","testmod-TaurusBlackCat"],"picked":"Finesse","floor":44},{"not_picked":["Twin Strike+1","Thunderclap","Flex+1","Flame Barrier+1","jedi:fear"],"picked":"SKIP","floor":47},{"not_picked":["Cleave","Perfected Strike+1","Inflame","Iron Wave+1","AT_IchimonjiDouble+1"],"picked":"SKIP","floor":48}],"player_experience":71138,"relics_obtained":[{"floor":1,"key":"SynthV:TestCard"},{"floor":8,"key":"infinitespire:CheckeredPen"},{"floor":9,"key":"infinitespire:Beetle Shell"},{"floor":12,"key":"jedi:shrinkray"},{"floor":14,"key":"Mango"},{"floor":24,"key":"Dota2Spire:PhaseBoots"},{"floor":26,"key":"testmod-Nyarlathotep"},{"floor":27,"key":"AT_ForceNature"},{"floor":31,"key":"AT_MibuBalloonWealth"},{"floor":34,"key":"Akabeko"},{"floor":34,"key":"Shuriken"},{"floor":34,"key":"Peace Pipe"},{"floor":40,"key":"Strawberry"},{"floor":42,"key":"Bottled Flame"},{"floor":43,"key":"Mummified Hand"}],"event_choices":[{"cards_removed":["Strike_R"],"damage_healed":0,"gold_gain":0,"player_choice":"Card Removal","damage_taken":7,"max_hp_gain":0,"max_hp_loss":0,"event_name":"Golden Wing","floor":5,"gold_loss":0},{"damage_healed":0,"gold_gain":0,"player_choice":"Got Potions","damage_taken":0,"max_hp_gain":0,"max_hp_loss":0,"event_name":"Lab","floor":11,"gold_loss":0},{"cards_removed":["Defend_R"],"damage_healed":0,"gold_gain":0,"player_choice":"Purged","damage_taken":0,"max_hp_gain":0,"max_hp_loss":0,"event_name":"Purifier","floor":21,"gold_loss":0},{"damage_healed":0,"gold_gain":400,"player_choice":"Sell","damage_taken":0,"max_hp_gain":0,"max_hp_loss":0,"event_name":"恩洛斯的盘子","floor":29,"relics_lost":["NeowsBlessing"],"gold_loss":0},{"damage_healed":0,"gold_gain":0,"player_choice":"Shed Blood","damage_taken":24,"max_hp_gain":5,"max_hp_loss":0,"event_name":"Forgotten Altar","floor":30,"gold_loss":0},{"damage_healed":0,"gold_gain":0,"player_choice":"Max HP","damage_taken":0,"max_hp_gain":0,"max_hp_loss":5,"event_name":"Winding Halls","floor":37,"gold_loss":0},{"damage_healed":0,"gold_gain":0,"player_choice":"Memory 3","damage_taken":10,"max_hp_gain":0,"max_hp_loss":0,"event_name":"SensoryStone","floor":44,"gold_loss":0},{"damage_healed":0,"gold_gain":0,"player_choice":"Gave Potion","damage_taken":0,"relics_obtained":["Dota2Spire:ShivaGuard"],"max_hp_gain":0,"max_hp_loss":0,"event_name":"WeMeetAgain","floor":45,"gold_loss":0}],"is_beta":false,"boss_relics":[{"not_picked":["testmod-SaigiyounoYou","FixedStarFall"],"picked":"Coffee Dripper"},{"not_picked":["BloodWine","jedi:battlestandard"],"picked":"Calling Bell"}],"items_purged_floors":[2,32,49],"is_endless":false,"potions_floor_spawned":[4,8,12,13,14,22,24,33,38,39,40,42,48],"ascension_level":2}}