{"host":"dhyczjm99amxd3qx","time":1609457718,"event":{"mods":["BaseMod","Colored Map","Googly Eyes","Highlight Path","Minty Spire (QoL Compilation)","Quick Restart","StSLib"],"gold_per_floor":[116,132,57,57,57,91,91,116,140,173,193,220,253,298,310,419,431,443,443],"floor_reached":18,"playtime":2487,"items_purged":["Strike_G"],"score":332,"play_id":"48e93509-1954-4628-8bb3-ca49b035a6d2","local_time":"20201231183518","is_ascension_mode":true,"campfire_choices":[{"data":"Survivor","floor":7.0,"key":"SMITH"},{"floor":15.0,"key":"REST"}],"circlet_count":0,"master_deck":["Strike_G","Strike_G","Strike_G","Defend_G","Defend_G+1","Defend_G","Defend_G+1","Survivor+1","Neutralize","Poisoned Stab","Well Laid Plans+1","Footwork+1","Crippling Poison","Adrenaline"],"relics":["Ring of the Snake","NeowsBlessing","Anchor","War Paint","Bag of Marbles","Frozen Egg 2","MawBank","Odd Mushroom","Sundial","Runic Dome"],"acts_visited":["TheCity"],"potions_floor_usage":[16,16,16],"damage_taken":[{"damage":0.0,"enemies":"Jaw Worm","floor":1.0,"turns":1.0},{"damage":0.0,"enemies":"Small Slimes","floor":2.0,"turns":1.0},{"damage":0.0,"enemies":"Lagavulin","floor":6.0,"turns":1.0},{"damage":10.0,"enemies":"3 Sentries","floor":8.0,"turns":10.0},{"damage":18.0,"enemies":"Gremlin Nob","floor":10.0,"turns":5.0},{"damage":0.0,"enemies":"2 Louse","floor":11.0,"turns":3.0},{"damage":5.0,"enemies":"Lagavulin","floor":12.0,"turns":9.0},{"damage":11.0,"enemies":"The Mushroom Lair","floor":13.0,"turns":6.0},{"damage":0.0,"enemies":"3 Sentries","floor":14.0,"turns":10.0},{"damage":31,"enemies":"Hexaghost","floor":16,"turns":15},{"damage":0,"enemies":"3 Byrds","floor":18,"turns":1}],"seed_played":"8688456701475412715","potions_obtained":[{"floor":6.0,"key":"SteroidPotion"},{"floor":10.0,"key":"FearPotion"},{"floor":11.0,"key":"EssenceOfSteel"},{"floor":13.0,"key":"Explosive Potion"},{"floor":16,"key":"DuplicationPotion"}],"is_trial":false,"path_per_floor":["M","M","$","?","?","E","R","E","T","E","M","E","?","E","R","B",null,"M"],"character_chosen":"THE_SILENT","items_purchased":[],"campfire_rested":1,"item_purchase_floors":[],"current_hp_per_floor":[63,63,63,63,56,56,56,46,46,28,28,23,12,12,33,2,53,53,53],"gold":443,"neow_bonus":"THREE_ENEMY_KILL","is_daily":false,"chose_seed":false,"campfire_upgraded":1,"win_rate":0.0,"timestamp":1609457718,"path_taken":["M","M","$","?","?","E","R","E","T","E","M","E","?","E","R","BOSS","M"],"items_purchased_type":[],"build_version":"2020-12-22","purchased_purges":1,"victory":false,"max_hp_per_floor":[70,70,70,70,70,70,70,70,70,70,70,70,70,70,70,70,70,70,70],"card_choices":[{"not_picked":["Deadly Poison","Flying Knee","Caltrops"],"picked":"SKIP","floor":1.0},{"not_picked":["Blade Dance","Accuracy"],"picked":"Poisoned Stab","floor":2.0},{"not_picked":["Endless Agony","Burst","Die Die Die"],"picked":"SKIP","floor":6.0},{"not_picked":["Outmaneuver","Expertise","Quick Slash"],"picked":"SKIP","floor":8.0},{"not_picked":["Slice","Phantasmal Killer","Underhanded Strike"],"picked":"SKIP","floor":10.0},{"not_picked":["Choke","Dagger Throw"],"picked":"Well Laid Plans+1","floor":11.0},{"not_picked":["Acrobatics","Blade Dance"],"picked":"Footwork+1","floor":12.0},{"not_picked":["Backflip","Finisher"],"picked":"Crippling Poison","floor":13.0},{"not_picked":["Riddle With Holes","Acrobatics","Dagger Spray"],"picked":"SKIP","floor":14.0},{"not_picked":["Burst","After Image+1"],"picked":"Adrenaline","floor":16}],"player_experience":255873,"relics_obtained":[{"floor":6.0,"key":"Anchor"},{"floor":8.0,"key":"War Paint"},{"floor":9.0,"key":"Bag of Marbles"},{"floor":10.0,"key":"Frozen Egg 2"},{"floor":12.0,"key":"MawBank"},{"floor":13.0,"key":"Odd Mushroom"},{"floor":14.0,"key":"Sundial"}],"event_choices":[{"cards_removed":["Defend_G"],"damage_healed":0.0,"max_hp_gain":0.0,"max_hp_loss":0.0,"gold_gain":0.0,"event_name":"Living Wall","player_choice":"Forget","floor":4.0,"gold_loss":0.0,"damage_taken":0.0},{"cards_removed":["Strike_G"],"damage_healed":0.0,"max_hp_gain":0.0,"max_hp_loss":0.0,"gold_gain":0.0,"event_name":"Golden Wing","player_choice":"Card Removal","floor":5.0,"gold_loss":0.0,"damage_taken":7.0},{"damage_healed":0.0,"max_hp_gain":0.0,"max_hp_loss":0.0,"gold_gain":0.0,"event_name":"Mushrooms","player_choice":"Fought Mushrooms","floor":13.0,"gold_loss":0.0,"damage_taken":0.0}],"is_beta":false,"boss_relics":[{"not_picked":["WristBlade","Pandora\u0027s Box"],"picked":"Runic Dome"}],"items_purged_floors":[3],"is_endless":false,"potions_floor_spawned":[6,10,11,13,16],"killed_by":"3 Byrds","ascension_level":7}}