{"host":"1jimgl3xh17fr2bv","time":1609442061,"event":{"mods":["BaseMod","Downfall","Hermit","Minty Spire (QoL Compilation)","StSLib"],"gold_per_floor":[119,119,49,64,239,266,278,278,304,335,335,19,19,19,19,120,120,105,119,139,139,139],"floor_reached":21,"playtime":730,"items_purged":[],"score":212,"play_id":"5c6f1c8d-85a2-4f46-830a-d07a97f8ccd1","local_time":"20201231141421","is_ascension_mode":false,"campfire_choices":[{"data":"hermit:Covet","floor":11,"key":"SMITH"},{"data":"hermit:Snipe","floor":13,"key":"SMITH"},{"floor":15,"key":"REST"}],"circlet_count":0,"master_deck":["hermit:Strike_Hermit","hermit:Strike_Hermit","hermit:Strike_Hermit","hermit:Strike_Hermit","hermit:Defend_Hermit","hermit:Defend_Hermit","hermit:Defend_Hermit","hermit:Defend_Hermit","hermit:Snapshot","hermit:Covet+1","hermit:Deadeye","hermit:Spite","hermit:Snipe+1","Doubt","hermit:Coalescence","Regret","hermit:Gestalt","hermit:ShadowCloak","hermit:Determination","hermit:FlashPowder+1"],"relics":["hermit:Momento","NeowsBlessing","Bronze Scales","StrikeDummy","Regal Pillow","WingedGreaves","Meat on the Bone","Bottled Flame","SlaversCollar"],"acts_visited":["Exordium","TheCity"],"potions_floor_usage":[10,18,20,20],"damage_taken":[{"damage":0,"enemies":"Small Slimes","floor":1,"turns":1},{"damage":0,"enemies":"Cultist","floor":4,"turns":1},{"damage":0,"enemies":"3 Sentries","floor":6,"turns":1},{"damage":5,"enemies":"2 Louse","floor":7,"turns":3},{"damage":28,"enemies":"Lagavulin","floor":10,"turns":5},{"damage":54,"enemies":"The Guardian","floor":16,"turns":12},{"damage":11,"enemies":"2 Thieves","floor":18,"turns":4},{"damage":14,"enemies":"3 Byrds","floor":19,"turns":3},{"damage":32,"enemies":"Cultist and Chosen","floor":20,"turns":10},{"damage":38,"enemies":"Sentry and Sphere","floor":21,"turns":5}],"seed_played":"3847752295900651430","potions_obtained":[{"floor":1,"key":"Guardian:BlockOnCardUsePotion"},{"floor":6,"key":"Swift Potion"},{"floor":10,"key":"Swift Potion"},{"floor":18,"key":"SkillPotion"},{"floor":20,"key":"Energy Potion"}],"is_trial":false,"path_per_floor":["M","?","$","M","?","E","M","?","T","E","R","$","R","T","R","B",null,"M","M","M","M"],"character_chosen":"HERMIT","items_purchased":["hermit:Spite","hermit:ShadowCloak","Meat on the Bone"],"campfire_rested":1,"item_purchase_floors":[3,12,12],"current_hp_per_floor":[75,75,75,75,75,75,70,70,70,42,42,42,42,42,75,33,75,64,50,30,0,0],"gold":139,"neow_bonus":"THREE_ENEMY_KILL","is_daily":false,"chose_seed":false,"campfire_upgraded":2,"win_rate":0.0,"timestamp":1609442061,"path_taken":["M","?","?","M","?","E","M","?","T","E","R","$","R","?","R","BOSS","M","M","M","M"],"items_purchased_type":["Card","Card","Relic"],"build_version":"2020-12-22","purchased_purges":0,"victory":false,"max_hp_per_floor":[75,75,75,75,75,75,75,75,75,75,75,75,75,75,75,75,75,75,75,75,75,75],"card_choices":[{"not_picked":["hermit:Scavenge","hermit:DeadMansHand"],"picked":"hermit:Deadeye","floor":1},{"not_picked":["hermit:Deadeye","hermit:Manifest"],"picked":"hermit:Snipe","floor":4},{"not_picked":["hermit:CalledShot","hermit:Headshot","hermit:Showdown"],"picked":"SKIP","floor":6},{"not_picked":["hermit:Misfire","hermit:Midnight"],"picked":"hermit:Coalescence","floor":7},{"not_picked":["hermit:Headshot","hermit:Coalescence"],"picked":"hermit:Gestalt","floor":10},{"not_picked":["hermit:HoleUp+1","hermit:Snipe"],"picked":"hermit:Determination","floor":18},{"not_picked":["hermit:Vantage","hermit:Headshot","hermit:LuckOfTheDraw+1"],"picked":"SKIP","floor":19},{"not_picked":["hermit:HoleUp","hermit:LoneWolf"],"picked":"hermit:FlashPowder+1","floor":20}],"player_experience":368316,"relics_obtained":[{"floor":6,"key":"Bronze Scales"},{"floor":9,"key":"Regal Pillow"},{"floor":10,"key":"WingedGreaves"},{"floor":14,"key":"Bottled Flame"}],"event_choices":[{"damage_healed":0,"gold_gain":0,"player_choice":"Ignored","damage_taken":0,"max_hp_gain":0,"max_hp_loss":0,"event_name":"NoteForYourself","floor":2,"gold_loss":0},{"damage_healed":0,"gold_gain":175,"player_choice":"AGREE","damage_taken":0,"max_hp_gain":0,"max_hp_loss":0,"event_name":"Liars Game","floor":5,"gold_loss":0,"cards_obtained":["Doubt"]},{"damage_healed":0,"gold_gain":0,"player_choice":"Box","damage_taken":0,"relics_obtained":["StrikeDummy"],"max_hp_gain":0,"max_hp_loss":0,"event_name":"Big Fish","floor":8,"gold_loss":0,"cards_obtained":["Regret"]}],"is_beta":false,"boss_relics":[{"not_picked":["SacredBark","Runic Dome"],"picked":"SlaversCollar"}],"items_purged_floors":[],"is_endless":false,"potions_floor_spawned":[1,6,10,18,20],"killed_by":"Sentry and Sphere","ascension_level":0}}