{"host":"qfskrnw3pl1q86j0","time":1609426272,"event":{"mods":["BaseMod","Block Reminder","Hermit","Marisa????????","Minty Spire (QoL Compilation)","Quick Restart","Random Character Button","Relic Stats","StSLib","The Poker Player","slay the spire mod where everything is the same but ironclad has a cowboy hat"],"gold_per_floor":[115,125,139,139,155,155,175,175,201,201,211,54,54,54,54,154,154,142,90,90,107,119,49,49,25,25,25,25,25,25,25],"floor_reached":30,"playtime":1032,"items_purged":["hermit:Strike_Hermit"],"score":218,"play_id":"e6daf7a1-2853-48ec-8363-d63fac23fcdc","local_time":"20201231155112","is_ascension_mode":false,"campfire_choices":[{"data":"hermit:Snapshot","floor":6,"key":"SMITH"},{"data":"hermit:Enervate","floor":8,"key":"SMITH"},{"data":"hermit:Enervate","floor":10,"key":"SMITH"},{"data":"hermit:Manifest","floor":15,"key":"SMITH"},{"data":"hermit:Determination","floor":24,"key":"SMITH"},{"data":"hermit:Desperado","floor":27,"key":"SMITH"},{"data":"hermit:Roulette","floor":29,"key":"SMITH"}],"circlet_count":0,"master_deck":["hermit:Strike_Hermit","hermit:Strike_Hermit","hermit:Strike_Hermit","hermit:Defend_Hermit+1","hermit:Defend_Hermit","hermit:Defend_Hermit","hermit:Defend_Hermit","hermit:Snapshot+1","hermit:Covet","hermit:Manifest+1","hermit:Gestalt+1","hermit:Enervate+1","hermit:Enervate+1","hermit:Manifest+1","hermit:TakeAim","hermit:Desperado+1","hermit:Roulette+1","hermit:TrackingShot","hermit:Feint+1","hermit:Determination+1","hermit:Desperado+1"],"relics":["hermit:Momento","SlaversCollar","Nloth\u0027s Gift","Toy Ornithopter","Art of War"],"acts_visited":["Exordium","TheCity"],"potions_floor_usage":[11,16,16],"damage_taken":[{"damage":0,"enemies":"Small Slimes","floor":1,"turns":4},{"damage":1,"enemies":"Cultist","floor":2,"turns":5},{"damage":0,"enemies":"2 Louse","floor":3,"turns":2},{"damage":2,"enemies":"Looter","floor":5,"turns":3},{"damage":10,"enemies":"2 Fungi Beasts","floor":7,"turns":5},{"damage":3,"enemies":"Gremlin Gang","floor":11,"turns":3},{"damage":24,"enemies":"Hexaghost","floor":16,"turns":12},{"damage":22,"enemies":"2 Thieves","floor":18,"turns":4},{"damage":18,"enemies":"Shell Parasite","floor":21,"turns":6},{"damage":4,"enemies":"Chosen and Byrds","floor":22,"turns":7},{"damage":36,"enemies":"Cultist and Chosen","floor":30,"turns":6}],"seed_played":"-1863573743799251135","potions_obtained":[{"floor":1,"key":"Fire Potion"},{"floor":4,"key":"PowerPotion"},{"floor":4,"key":"LiquidMemories"},{"floor":11,"key":"LiquidMemories"},{"floor":22,"key":"SteroidPotion"}],"is_trial":false,"path_per_floor":["M","M","M","?","M","R","M","R","T","R","M","$","?","?","R","B",null,"M","$","?","M","M","$","R","$","T","R","?","R","M"],"character_chosen":"HERMIT","items_purchased":["hermit:TakeAim","hermit:Roulette","hermit:Determination","hermit:Desperado"],"campfire_rested":0,"item_purchase_floors":[12,19,23,25],"current_hp_per_floor":[75,74,74,74,72,72,62,62,62,62,59,59,44,44,44,20,75,53,53,53,35,31,31,31,31,31,31,31,31,0,0],"gold":25,"neow_bonus":"THREE_CARDS","is_daily":false,"chose_seed":false,"campfire_upgraded":7,"win_rate":0.0,"timestamp":1609426272,"path_taken":["M","M","M","?","M","R","?","R","T","R","M","$","?","?","R","BOSS","M","$","?","?","M","$","R","$","T","R","?","R","M"],"items_purchased_type":["Card","Card","Card","Card"],"build_version":"2020-12-22","purchased_purges":1,"victory":false,"max_hp_per_floor":[75,75,75,75,75,75,75,75,75,75,75,75,75,75,75,75,75,75,75,75,75,75,75,75,75,75,75,75,75,75,75],"relic_stats":{"counters":[11,57],"Nloth\u0027s Gift":0,"Art of War":[0],"obtain_stats":[{"Potion Belt":9,"SlaversCollar":17,"Nloth\u0027s Gift":20,"Art of War":28,"hermit:Momento":0,"Toy Ornithopter":26},{"Potion Belt":5,"SlaversCollar":7,"Nloth\u0027s Gift":8,"Art of War":10,"hermit:Momento":0,"Toy Ornithopter":10},{"Potion Belt":19,"SlaversCollar":34,"Nloth\u0027s Gift":38,"Art of War":51,"hermit:Momento":0,"Toy Ornithopter":51}],"Toy Ornithopter":0},"card_choices":[{"not_picked":["hermit:DeadMansHand","hermit:Ricochet"],"picked":"hermit:Manifest","floor":0},{"not_picked":["hermit:HoleUp","hermit:Feint"],"picked":"hermit:Gestalt","floor":1},{"not_picked":["hermit:Ricochet","hermit:LowProfile"],"picked":"hermit:Enervate","floor":2},{"not_picked":["hermit:CursedWeapon","hermit:ShadowCloak"],"picked":"hermit:Enervate","floor":3},{"not_picked":["hermit:HoleUp","hermit:Showdown","hermit:Combo"],"picked":"SKIP","floor":5},{"not_picked":["hermit:EyeOfTheStorm","hermit:Misfire","hermit:Grudge"],"picked":"SKIP","floor":7},{"not_picked":["hermit:Glare","hermit:CalledShot"],"picked":"hermit:Manifest","floor":11},{"not_picked":["hermit:FlashPowder","hermit:Feint"],"picked":"hermit:Desperado+1","floor":18},{"not_picked":["hermit:Enervate","hermit:TrackingShot","hermit:CalledShot"],"picked":"SKIP","floor":21},{"not_picked":["hermit:Enervate","hermit:CalledShot"],"picked":"hermit:TrackingShot","floor":21},{"not_picked":["hermit:FullyLoaded","hermit:HighNoon"],"picked":"hermit:Feint+1","floor":22}],"player_experience":888378,"relics_obtained":[{"floor":9,"key":"Potion Belt"},{"floor":26,"key":"Toy Ornithopter"}],"event_choices":[{"damage_healed":0,"gold_gain":0,"player_choice":"Got Potions","damage_taken":0,"max_hp_gain":0,"max_hp_loss":0,"event_name":"Lab","floor":4,"gold_loss":0},{"damage_healed":0,"gold_gain":0,"player_choice":"Entered Light","damage_taken":15,"max_hp_gain":0,"max_hp_loss":0,"event_name":"Shining Light","floor":13,"gold_loss":0,"cards_upgraded":["hermit:Gestalt","hermit:Defend_Hermit"]},{"damage_healed":0,"gold_gain":0,"player_choice":"Grow","damage_taken":0,"max_hp_gain":0,"max_hp_loss":0,"event_name":"Living Wall","floor":14,"gold_loss":0,"cards_upgraded":["hermit:Manifest"]},{"damage_healed":0,"gold_gain":0,"player_choice":"Traded Relic","damage_taken":0,"relics_obtained":["Nloth\u0027s Gift"],"max_hp_gain":0,"max_hp_loss":0,"event_name":"N\u0027loth","floor":20,"relics_lost":["Potion Belt"],"gold_loss":0},{"damage_healed":0,"gold_gain":0,"player_choice":"Opened","damage_taken":0,"relics_obtained":["Art of War"],"max_hp_gain":0,"max_hp_loss":0,"event_name":"The Mausoleum","floor":28,"gold_loss":0}],"is_beta":false,"boss_relics":[{"not_picked":["Runic Dome","hermit:DentedPlate"],"picked":"SlaversCollar"}],"items_purged_floors":[12],"is_endless":false,"potions_floor_spawned":[1,5,11,22],"killed_by":"Cultist and Chosen","ascension_level":0}}