{"host":"7sni158j623xchr2","time":1609451187,"event":{"mods":["BaseMod","Colored Map","Highlight Path","Minty Spire (QoL Compilation)","Permanent Neow","Potion Indicator Mod","Rare Cards Sparkle","Relic Sorter","Relic Stats","StSLib","everything is the same but u backflip on backflip"],"gold_per_floor":[109,24,44,62,10,38,38,58,58,58,58,92,92,106,106,106,106],"floor_reached":16,"playtime":503,"items_purged":[],"score":127,"play_id":"d874820b-9d66-4adf-94cb-1e9a39809955","local_time":"20201231154627","is_ascension_mode":true,"campfire_choices":[{"data":"Eruption","floor":7,"key":"SMITH"},{"data":"Consecrate","floor":11,"key":"SMITH"},{"data":"CarveReality","floor":15,"key":"SMITH"}],"circlet_count":0,"master_deck":["Strike_P","Strike_P","Strike_P","Strike_P","Defend_P","Defend_P","Defend_P","Defend_P","Eruption+1","Vigilance+1","CarveReality+1","CutThroughFate","InnerPeace","Consecrate+1","Consecrate+1","MentalFortress+1","Normality"],"relics":["Cursed Key","Anchor","TeardropLocket"],"acts_visited":["Exordium"],"potions_floor_usage":[12,16],"damage_taken":[{"damage":2,"enemies":"Cultist","floor":1,"turns":3},{"damage":2,"enemies":"Small Slimes","floor":3,"turns":3},{"damage":0,"enemies":"Jaw Worm","floor":4,"turns":4},{"damage":27,"enemies":"Lagavulin","floor":6,"turns":7},{"damage":0,"enemies":"Lots of Slimes","floor":8,"turns":1},{"damage":13,"enemies":"Gremlin Nob","floor":12,"turns":3},{"damage":0,"enemies":"Looter","floor":14,"turns":2},{"damage":14,"enemies":"Hexaghost","floor":16,"turns":2}],"seed_played":"7623876106230280761","potions_obtained":[{"floor":1,"key":"Strength Potion"},{"floor":4,"key":"Dexterity Potion"},{"floor":6,"key":"Strength Potion"},{"floor":12,"key":"ColorlessPotion"}],"is_trial":false,"path_per_floor":["M","$","M","M","$","E","R","M","T","?","R","E","?","M","R","B"],"character_chosen":"WATCHER","items_purchased":["CutThroughFate","InnerPeace","Consecrate"],"campfire_rested":0,"item_purchase_floors":[2,2,5],"current_hp_per_floor":[70,70,68,68,68,41,41,41,41,27,27,14,14,14,14,0,0],"gold":106,"neow_bonus":"BOSS_RELIC","is_daily":false,"chose_seed":false,"campfire_upgraded":3,"win_rate":0.0,"timestamp":1609451187,"path_taken":["M","?","M","M","$","E","R","?","T","?","R","E","?","?","R","BOSS"],"items_purchased_type":["Card","Card","Card"],"build_version":"2020-12-22","purchased_purges":0,"victory":false,"max_hp_per_floor":[72,72,72,72,72,72,72,72,72,72,72,72,72,72,72,72,72],"relic_stats":{"counters":[8,25],"Cursed Key":1,"obtain_stats":[{"Anchor":6,"TeardropLocket":12,"PureWater":0,"Cursed Key":0},{"Anchor":4,"TeardropLocket":6,"PureWater":0,"Cursed Key":0},{"Anchor":17,"TeardropLocket":21,"PureWater":0,"Cursed Key":0}]},"card_choices":[{"not_picked":["Crescendo","Indignation"],"picked":"CarveReality","floor":1},{"not_picked":["CarveReality","Crescendo","LikeWater"],"picked":"SKIP","floor":3},{"not_picked":["FearNoEvil","Weave"],"picked":"Consecrate","floor":4},{"not_picked":["Study","SandsOfTime"],"picked":"MentalFortress","floor":6},{"not_picked":["Blasphemy","CarveReality","SignatureMove"],"picked":"SKIP","floor":8},{"not_picked":["Crescendo","Perseverance","LikeWater"],"picked":"SKIP","floor":12},{"not_picked":["PathToVictory","Consecrate","LikeWater"],"picked":"SKIP","floor":14}],"player_experience":1562243,"relics_obtained":[{"floor":6,"key":"Anchor"},{"floor":12,"key":"TeardropLocket"}],"event_choices":[{"damage_healed":0,"gold_gain":0,"player_choice":"Entered Light","damage_taken":14,"max_hp_gain":0,"max_hp_loss":0,"event_name":"Shining Light","floor":10,"gold_loss":0,"cards_upgraded":["Vigilance","Consecrate"]},{"damage_healed":0,"gold_gain":0,"player_choice":"Forge","damage_taken":0,"max_hp_gain":0,"max_hp_loss":0,"event_name":"Accursed Blacksmith","floor":13,"gold_loss":0,"cards_upgraded":["MentalFortress"]}],"is_beta":false,"boss_relics":[],"items_purged_floors":[],"is_endless":false,"potions_floor_spawned":[1,4,6,12],"killed_by":"Hexaghost","ascension_level":3}}