{"host":"2se5dq1do2gp0x9k","time":1609447254,"event":{"mods":["BaseMod","Block Reminder","Colored Map","Colored Powertips","Minty Spire (QoL Compilation)","Relic Stats","StSLib","SuperFastMode","Synergy Search"],"gold_per_floor":[113,131,231,49,66,66,92,92,92,104,104,4,4,16,16,91,91,111,111,111,111,125,125,144,164,216,244,256,293,316,170,170,170,170],"floor_reached":33,"playtime":1576,"items_purged":["Strike_B","Strike_B"],"score":595,"play_id":"1ba55400-b2df-41af-bc2d-59faacf14077","local_time":"20201231124054","is_ascension_mode":true,"campfire_choices":[{"data":"Sunder","floor":6.0,"key":"SMITH"},{"data":"Coolheaded","floor":8.0,"key":"SMITH"},{"data":"Coolheaded","floor":11.0,"key":"SMITH"},{"data":"Electrodynamics","floor":13.0,"key":"SMITH"},{"floor":15.0,"key":"REST"},{"floor":23.0,"key":"REST"},{"floor":32,"key":"REST"}],"circlet_count":0,"master_deck":["AscendersBane","Defend_B+1","Defend_B+1","Defend_B+1","Defend_B+1","Zap","Dualcast","Hello World","Coolheaded+1","Sunder+1","Coolheaded+1","Conserve Battery","Electrodynamics+1","Compile Driver","Biased Cognition","Go for the Eyes","Bite","Bite","Bite","Bite","Bite","Blind","Dramatic Entrance","Multi-Cast","Hologram","Hologram","Turbo","Skim","Hologram+1","Reinforced Body"],"relics":["Cracked Core","Oddly Smooth Stone","Pocketwatch","Question Card","Fusion Hammer","PreservedInsect","MawBank","Happy Flower","Orrery"],"acts_visited":["Exordium","TheCity"],"potions_floor_usage":[27,29,29],"damage_taken":[{"damage":8.0,"enemies":"Small Slimes","floor":1.0,"turns":3.0},{"damage":0.0,"enemies":"Cultist","floor":2.0,"turns":3.0},{"damage":2.0,"enemies":"2 Louse","floor":5.0,"turns":2.0},{"damage":16.0,"enemies":"3 Sentries","floor":7.0,"turns":6.0},{"damage":5.0,"enemies":"Gremlin Gang","floor":10.0,"turns":2.0},{"damage":4.0,"enemies":"Exordium Wildlife","floor":14.0,"turns":4.0},{"damage":3.0,"enemies":"The Guardian","floor":16.0,"turns":11.0},{"damage":4.0,"enemies":"Shell Parasite","floor":18.0,"turns":5.0},{"damage":0.0,"enemies":"3 Byrds","floor":22.0,"turns":3.0},{"damage":10.0,"enemies":"Snake Plant","floor":24.0,"turns":3.0},{"damage":2.0,"enemies":"Snecko","floor":25.0,"turns":5.0},{"damage":30,"enemies":"Slavers","floor":27,"turns":3},{"damage":1,"enemies":"Book of Stabbing","floor":29,"turns":4},{"damage":38,"enemies":"Shelled Parasite and Fungi","floor":30,"turns":8},{"damage":54,"enemies":"Automaton","floor":33,"turns":8}],"seed_played":"-546602372994094154","potions_obtained":[{"floor":1.0,"key":"AttackPotion"},{"floor":2.0,"key":"LiquidBronze"},{"floor":18.0,"key":"FearPotion"},{"floor":25.0,"key":"LiquidBronze"},{"floor":27,"key":"Regen Potion"}],"is_trial":false,"path_per_floor":["M","M","?","$","M","R","E","R","T","M","R","$","R","M","R","B",null,"M","?","?","?","M","R","M","M","T","E","$","E","M","$","R","B"],"character_chosen":"DEFECT","items_purchased":["Sunder","Coolheaded","Orrery"],"campfire_rested":3,"item_purchase_floors":[4,4,31],"current_hp_per_floor":[56,56,56,56,54,54,38,38,38,33,33,33,33,29,50,47,65,61,61,49,30,38,49,45,43,43,19,19,42,20,20,34,0,0],"gold":170,"neow_bonus":"RANDOM_COMMON_RELIC","is_daily":false,"chose_seed":false,"campfire_upgraded":4,"win_rate":0.0,"timestamp":1609447254,"path_taken":["M","M","?","$","M","R","E","R","T","M","R","?","R","M","R","BOSS","M","?","?","?","M","R","M","M","T","E","$","E","?","$","R","BOSS"],"items_purchased_type":["Card","Card","Relic"],"build_version":"2020-12-22","purchased_purges":2,"victory":false,"max_hp_per_floor":[71,71,71,71,71,71,71,71,71,71,71,71,71,71,71,71,71,71,71,49,49,49,49,49,49,49,49,49,49,49,49,49,49,49],"relic_stats":{"Happy Flower":[5],"counters":[15,70],"PreservedInsect":84,"Question Card":15,"MawBank":48,"obtain_stats":[{"Happy Flower":29,"Oddly Smooth Stone":0,"Orrery":31,"Fusion Hammer":17,"PreservedInsect":26,"Cracked Core":0,"Question Card":9,"MawBank":27,"Pocketwatch":7},{"Happy Flower":13,"Oddly Smooth Stone":0,"Orrery":14,"Fusion Hammer":7,"PreservedInsect":11,"Cracked Core":0,"Question Card":4,"MawBank":12,"Pocketwatch":4},{"Happy Flower":54,"Oddly Smooth Stone":0,"Orrery":62,"Fusion Hammer":31,"PreservedInsect":47,"Cracked Core":0,"Question Card":14,"MawBank":50,"Pocketwatch":14}],"Pocketwatch":[78]},"card_choices":[{"not_picked":["Blizzard","Self Repair"],"picked":"Hello World","floor":1.0},{"not_picked":["Hologram","Force Field"],"picked":"Coolheaded","floor":2.0},{"not_picked":["Gash","Steam"],"picked":"Conserve Battery","floor":5.0},{"not_picked":["Doom and Gloom","Leap"],"picked":"Electrodynamics","floor":7.0},{"not_picked":["Sunder","Chill","Redo"],"picked":"Compile Driver","floor":10.0},{"not_picked":["Sweeping Beam","White Noise","Steam","Chaos"],"picked":"SKIP","floor":14.0},{"not_picked":["Meteor Strike","Electrodynamics","Fission"],"picked":"Biased Cognition","floor":16.0},{"not_picked":["Leap","Lockon","Sweeping Beam"],"picked":"Go for the Eyes","floor":18.0},{"not_picked":["Cold Snap+1","Stack","Rip and Tear"],"picked":"Multi-Cast","floor":22.0},{"not_picked":["Sweeping Beam+1","Undo","Reprogram"],"picked":"Hologram","floor":24.0},{"not_picked":["Ball Lightning","White Noise","Static Discharge"],"picked":"Hologram","floor":25.0},{"not_picked":["Conserve Battery","Rebound+1","Storm"],"picked":"Turbo","floor":27},{"not_picked":["Gash","Rebound+1","Stack","Blizzard"],"picked":"SKIP","floor":29},{"not_picked":["Gash+1","Leap","Beam Cell","Consume"],"picked":"SKIP","floor":30},{"not_picked":["Storm","Steam","Ball Lightning"],"picked":"Skim","floor":31},{"not_picked":["Steam","Turbo","White Noise"],"picked":"Hologram+1","floor":31},{"not_picked":["Skim","Streamline","Rebound"],"picked":"Reinforced Body","floor":31}],"player_experience":3664792,"relics_obtained":[{"floor":7.0,"key":"Pocketwatch"},{"floor":9.0,"key":"Question Card"},{"floor":26.0,"key":"PreservedInsect"},{"floor":27,"key":"MawBank"},{"floor":29,"key":"Happy Flower"}],"event_choices":[{"damage_healed":0.0,"max_hp_gain":0.0,"max_hp_loss":0.0,"gold_gain":100.0,"event_name":"Wheel of Change","player_choice":"Gold","floor":3.0,"gold_loss":0.0,"damage_taken":0.0},{"damage_healed":0.0,"max_hp_gain":0.0,"max_hp_loss":0.0,"gold_gain":0.0,"event_name":"Back to Basics","player_choice":"Simplicity","floor":19.0,"gold_loss":0.0,"damage_taken":0.0,"cards_upgraded":["Strike_B","Strike_B","Defend_B","Defend_B","Defend_B","Defend_B"]},{"damage_healed":0.0,"max_hp_gain":0.0,"max_hp_loss":22.0,"gold_gain":0.0,"event_name":"Vampires","player_choice":"Became a vampire","floor":20.0,"gold_loss":0.0,"damage_taken":0.0,"cards_obtained":["Bite","Bite","Bite","Bite","Bite"]},{"damage_healed":0.0,"max_hp_gain":0.0,"max_hp_loss":0.0,"gold_gain":0.0,"event_name":"Knowing Skull","player_choice":"CARD CARD ","floor":21.0,"potions_obtained":[],"gold_loss":0.0,"damage_taken":19.0,"cards_obtained":["Blind","Dramatic Entrance"]}],"is_beta":false,"boss_relics":[{"not_picked":["Black Star","FrozenCore"],"picked":"Fusion Hammer"}],"items_purged_floors":[4,12],"is_endless":false,"potions_floor_spawned":[1,2,18,25,27],"killed_by":"Automaton","ascension_level":20}}