{"host":"s5i48q09v0un9rqc","time":1609424675,"event":{"mods":["Ascension Reborn","BaseMod","BetterRewards","Highlight Path","Minty Spire (QoL Compilation)","Rare Cards Sparkle","Shop Mod"],"gold_per_floor":[115,115,128,143,154,154,174,174,174,174,174,174,174,209,209,304,304,316,316,241,257,257,257,267,267,292,308,320,320,351,367,367,466,516,535,535,535,535,535,562,208,240,240,254,280,280,306,100,100,100,100,100,25,54,54],"floor_reached":56,"playtime":2470,"items_purged":["Strike_G","Survivor","Defend_G","Blade Dance+1"],"score":2022,"play_id":"20fbac2b-aedb-4df9-a25d-39bdbd04f408","local_time":"20201231222435","is_ascension_mode":true,"campfire_choices":[{"data":"Noxious Fumes","floor":6.0,"key":"SMITH"},{"data":"Neutralize","floor":8.0,"key":"SMITH"},{"floor":10.0,"key":"DIG"},{"floor":13.0,"key":"DIG"},{"floor":15.0,"key":"DIG"},{"floor":23.0,"key":"DIG"},{"floor":25.0,"key":"DIG"},{"data":"Eviscerate","floor":32.0,"key":"SMITH"},{"floor":46.0,"key":"DIG"},{"floor":49.0,"key":"RECALL"},{"data":"Footwork","floor":52,"key":"SMITH"}],"circlet_count":0,"master_deck":["AscendersBane","Defend_G+1","Defend_G","Neutralize+1","Noxious Fumes+1","Adrenaline","Slice+1","Reflex+1","Prepared+1","Acrobatics+1","Footwork+1","Terror","Die Die Die","Eviscerate+1","Madness","Madness","Calculated Gamble+1","Concentrate+1"],"relics":["Ring of the Snake","Bag of Preparation","Medical Kit","ClockworkSouvenir","Incense Burner","Shovel","Mummified Hand","TungstenRod","Ice Cream","Juzu Bracelet","Astrolabe","Boot","Gambling Chip","Vajra","Potion Belt","Tiny House","Anchor","Paper Crane","Ancient Tea Set","Lizard Tail","Strawberry","Eternal Feather","Membership Card","Blood Vial"],"acts_visited":["Exordium","TheCity","TheBeyond","TheEnding"],"potions_floor_usage":[55,55,55],"damage_taken":[{"damage":0.0,"enemies":"2 Louse","floor":1.0,"turns":4.0},{"damage":0.0,"enemies":"Cultist","floor":3.0,"turns":3.0},{"damage":2.0,"enemies":"Small Slimes","floor":4.0,"turns":4.0},{"damage":0.0,"enemies":"3 Louse","floor":5.0,"turns":3.0},{"damage":1.0,"enemies":"Looter","floor":7.0,"turns":3.0},{"damage":1.0,"enemies":"Lagavulin","floor":14.0,"turns":3.0},{"damage":9.0,"enemies":"Hexaghost","floor":16.0,"turns":10.0},{"damage":0.0,"enemies":"Shell Parasite","floor":18.0,"turns":5.0},{"damage":0.0,"enemies":"Spheric Guardian","floor":21.0,"turns":2.0},{"damage":0.0,"enemies":"Snecko","floor":24.0,"turns":2.0},{"damage":1.0,"enemies":"Cultist and Chosen","floor":27.0,"turns":3.0},{"damage":0.0,"enemies":"Centurion and Healer","floor":28.0,"turns":2.0},{"damage":14.0,"enemies":"Slavers","floor":30.0,"turns":4.0},{"damage":10.0,"enemies":"Chosen and Byrds","floor":31.0,"turns":2.0},{"damage":9.0,"enemies":"Champ","floor":33.0,"turns":3.0},{"damage":0.0,"enemies":"Orb Walker","floor":35.0,"turns":1.0},{"damage":0.0,"enemies":"Reptomancer","floor":40.0,"turns":2.0},{"damage":0.0,"enemies":"Giant Head","floor":42.0,"turns":1.0},{"damage":0.0,"enemies":"3 Darklings","floor":44.0,"turns":3.0},{"damage":1.0,"enemies":"Nemesis","floor":45.0,"turns":2.0},{"damage":0.0,"enemies":"Giant Head","floor":47.0,"turns":1.0},{"damage":13.0,"enemies":"Awakened One","floor":50.0,"turns":4.0},{"damage":0,"enemies":"Shield and Spear","floor":54,"turns":2},{"damage":0,"enemies":"The Heart","floor":55,"turns":5}],"seed_played":"-880637599804003763","potions_obtained":[{"floor":4.0,"key":"FairyPotion"},{"floor":7.0,"key":"GhostInAJar"},{"floor":16.0,"key":"PowerPotion"},{"floor":31.0,"key":"LiquidMemories"},{"floor":33.0,"key":"AttackPotion"},{"floor":34.0,"key":"Fruit Juice"},{"floor":35.0,"key":"GamblersBrew"},{"floor":47.0,"key":"Swift Potion"},{"floor":54,"key":"LiquidBronze"}],"is_trial":false,"path_per_floor":["M","?","M","M","M","R","M","R","T","R","?","?","R","E","R","B",null,"M","?","$","M","$","R","M","R","T","M","M","?","E","M","R","B",null,"M","?","?","?","?","E","$","E","T","M","E","R","E","$","R","B",null,"R","$","E","B",null],"character_chosen":"THE_SILENT","items_purchased":["Bag of Preparation","Medical Kit","ClockworkSouvenir","Incense Burner","SteroidPotion","Footwork","Paper Crane","Membership Card"],"campfire_rested":0,"item_purchase_floors":[0,0,0,0,0,20,41,48],"current_hp_per_floor":[31,31,31,29,29,29,28,28,28,28,21,21,21,20,20,11,55,55,55,55,55,55,55,55,55,55,54,54,54,40,30,30,21,68,68,68,59,59,59,59,59,59,59,59,58,65,65,65,74,61,81,87,87,87,87],"gold":54,"neow_bonus":"","is_daily":false,"chose_seed":false,"campfire_upgraded":4,"win_rate":0.0,"timestamp":1609424675,"path_taken":["M","?","M","?","M","R","?","R","T","R","?","?","R","E","R","BOSS","M","?","$","M","$","R","M","R","T","M","M","?","E","M","R","BOSS","M","?","?","?","?","E","?","E","T","M","E","R","E","$","R","BOSS","R","$","E","BOSS"],"items_purchased_type":["Relic","Relic","Relic","Relic","Potion","Card","Relic","Relic"],"build_version":"2020-12-22","purchased_purges":4,"victory":true,"max_hp_per_floor":[70,70,70,70,70,70,70,70,70,70,70,70,70,70,70,70,70,70,70,70,70,70,70,70,70,70,70,70,70,70,70,70,70,80,80,80,80,80,80,80,80,80,80,80,80,87,87,87,87,87,87,87,87,87,87],"card_choices":[{"not_picked":["Outmaneuver","Sucker Punch"],"picked":"Blade Dance","floor":1.0},{"not_picked":["Sucker Punch","Flying Knee","Blade Dance"],"picked":"SKIP","floor":3.0},{"not_picked":["Quick Slash","Skewer"],"picked":"Noxious Fumes","floor":4.0},{"not_picked":["Poisoned Stab","Finisher","Sucker Punch"],"picked":"SKIP","floor":5.0},{"not_picked":["Dagger Spray","Dagger Throw","Noxious Fumes"],"picked":"SKIP","floor":7.0},{"not_picked":["Tools of the Trade","Blade Dance","Escape Plan"],"picked":"SKIP","floor":14.0},{"not_picked":["Grand Finale","Tools of the Trade"],"picked":"Adrenaline","floor":16.0},{"not_picked":["Dodge and Roll","Bouncing Flask+1"],"picked":"Acrobatics+1","floor":18.0},{"not_picked":["Dagger Spray+1","Dodge and Roll"],"picked":"Terror","floor":21.0},{"not_picked":["Blade Dance","Caltrops","Sucker Punch+1"],"picked":"SKIP","floor":24.0},{"not_picked":["Finisher","Flying Knee","PiercingWail"],"picked":"SKIP","floor":27.0},{"not_picked":["Expertise+1","Dodge and Roll"],"picked":"Die Die Die","floor":28.0},{"not_picked":["Tools of the Trade","Catalyst","Flechettes"],"picked":"SKIP","floor":30.0},{"not_picked":["Bane","Distraction","Dagger Spray"],"picked":"SKIP","floor":31.0},{"not_picked":["Endless Agony+1","PiercingWail","Poisoned Stab+1"],"picked":"SKIP","floor":35.0},{"not_picked":["Catalyst+1","Acrobatics"],"picked":"Calculated Gamble+1","floor":40.0},{"not_picked":["Cloak And Dagger","Dagger Spray+1","Bouncing Flask+1"],"picked":"SKIP","floor":42.0},{"not_picked":["Dagger Throw","Slice"],"picked":"Concentrate+1","floor":44.0},{"not_picked":["Cloak And Dagger+1","Slice","Flying Knee+1"],"picked":"SKIP","floor":45.0},{"not_picked":["Flechettes+1","Bane","Terror+1"],"picked":"SKIP","floor":47.0},{"not_picked":["Burst","Bouncing Flask+1","Tools of the Trade"],"picked":"SKIP","floor":54}],"player_experience":692287,"relics_obtained":[{"floor":9.0,"key":"Shovel"},{"floor":10.0,"key":"Mummified Hand"},{"floor":13.0,"key":"TungstenRod"},{"floor":14.0,"key":"Ice Cream"},{"floor":15.0,"key":"Juzu Bracelet"},{"floor":23.0,"key":"Boot"},{"floor":25.0,"key":"Gambling Chip"},{"floor":26.0,"key":"Vajra"},{"floor":30.0,"key":"Potion Belt"},{"floor":40.0,"key":"Anchor"},{"floor":42.0,"key":"Ancient Tea Set"},{"floor":45.0,"key":"Lizard Tail"},{"floor":46.0,"key":"Strawberry"},{"floor":47.0,"key":"Eternal Feather"},{"floor":54,"key":"Blood Vial"}],"event_choices":[{"damage_healed":0.0,"max_hp_gain":0.0,"max_hp_loss":0.0,"gold_gain":0.0,"cards_transformed":["Strike_G"],"event_name":"Transmorgrifier","player_choice":"Transformed","floor":2.0,"gold_loss":0.0,"damage_taken":0.0,"cards_obtained":["Skewer"]},{"cards_removed":["Strike_G"],"damage_healed":0.0,"max_hp_gain":0.0,"max_hp_loss":0.0,"gold_gain":0.0,"event_name":"Golden Wing","player_choice":"Card Removal","floor":11.0,"gold_loss":0.0,"damage_taken":7.0},{"damage_healed":0.0,"max_hp_gain":0.0,"max_hp_loss":0.0,"gold_gain":0.0,"event_name":"Upgrade Shrine","player_choice":"Upgraded","floor":12.0,"gold_loss":0.0,"damage_taken":0.0,"cards_upgraded":["Blade Dance"]},{"cards_removed":["Defend_G"],"damage_healed":0.0,"max_hp_gain":0.0,"max_hp_loss":0.0,"gold_gain":0.0,"event_name":"Bonfire Elementals","player_choice":"Offered Basic","floor":19.0,"gold_loss":0.0,"damage_taken":0.0},{"damage_healed":0.0,"max_hp_gain":0.0,"max_hp_loss":0.0,"gold_gain":0.0,"event_name":"The Library","player_choice":"Read","floor":29.0,"gold_loss":0.0,"damage_taken":0.0,"cards_obtained":["Eviscerate"]},{"damage_healed":0.0,"max_hp_gain":0.0,"max_hp_loss":0.0,"gold_gain":0.0,"event_name":"SensoryStone","player_choice":"Memory 1","floor":36.0,"gold_loss":0.0,"damage_taken":0.0},{"damage_healed":0.0,"max_hp_gain":0.0,"max_hp_loss":0.0,"gold_gain":0.0,"event_name":"Winding Halls","player_choice":"Embrace Madness","floor":37.0,"gold_loss":0.0,"damage_taken":10.0,"cards_obtained":["Madness","Madness"]},{"damage_healed":0.0,"max_hp_gain":0.0,"max_hp_loss":0.0,"gold_gain":0.0,"event_name":"The Woman in Blue","player_choice":"Bought 0 Potions","floor":38.0,"gold_loss":0.0,"damage_taken":0.0},{"cards_removed":["Defend_G"],"damage_healed":0.0,"max_hp_gain":0.0,"max_hp_loss":0.0,"gold_gain":0.0,"event_name":"Purifier","player_choice":"Purged","floor":39.0,"gold_loss":0.0,"damage_taken":0.0}],"is_beta":false,"boss_relics":[{"not_picked":["Black Star","Ectoplasm"],"picked":"Astrolabe"},{"not_picked":["Calling Bell","Snecko Eye"],"picked":"Tiny House"}],"items_purged_floors":[0,41,48,53],"is_endless":false,"potions_floor_spawned":[4,7,16,21,31,33,35,42,47,54],"ascension_level":10}}