{"host":"7pe9xwx78c6nlay8","time":1609417416,"event":{"mods":["BaseMod","Minty Spire (QoL Compilation)"],"gold_per_floor":[112,112,187,210,160,195,218,251,304,5,23,23,67,87,87,176,176,190,190,190,190,210,248,248,288,288,329,344,344,362,380,380,470,470,484,484,484],"floor_reached":36,"playtime":5721,"items_purged":[],"score":946,"play_id":"1d3ba795-dafa-4c64-bb4c-27eb1dc8a3d1","local_time":"20201231202336","is_ascension_mode":true,"campfire_choices":[{"data":"TalkToTheHand","floor":12.0,"key":"SMITH"},{"floor":15,"key":"REST"},{"floor":24,"key":"REST"},{"data":"DevaForm","floor":29,"key":"SMITH"},{"floor":32,"key":"REST"}],"circlet_count":0,"master_deck":["AscendersBane","Defend_P","Defend_P","Eruption","Vigilance","TalkToTheHand+1","Prostrate","WindmillStrike","LikeWater","WaveOfTheHand","ReachHeaven","CarveReality","FollowUp","DevaForm+1","JustLucky","Bite","Bite","Bite","Bite","Bite","PathToVictory","Weave","Perseverance","Wireheading","TalkToTheHand","Devotion"],"relics":["PureWater","NeowsBlessing","Golden Idol","Ornamental Fan","Smiling Mask","Dream Catcher","Lantern","Sundial","SlaversCollar","MutagenicStrength","Bronze Scales","Strawberry","Akabeko","Pocketwatch","Bag of Marbles","Empty Cage"],"acts_visited":["Exordium","TheCity","TheBeyond"],"potions_floor_usage":[13,22,23,27,31],"damage_taken":[{"damage":0.0,"enemies":"Jaw Worm","floor":1.0,"turns":1.0},{"damage":0.0,"enemies":"Small Slimes","floor":4.0,"turns":1.0},{"damage":0.0,"enemies":"3 Sentries","floor":6.0,"turns":1.0},{"damage":2.0,"enemies":"Cultist","floor":7.0,"turns":5.0},{"damage":8.0,"enemies":"Lagavulin","floor":8.0,"turns":5.0},{"damage":0.0,"enemies":"Lots of Slimes","floor":11.0,"turns":2.0},{"damage":13,"enemies":"3 Sentries","floor":13,"turns":8},{"damage":0,"enemies":"Looter","floor":14,"turns":3},{"damage":0,"enemies":"Slime Boss","floor":16,"turns":4},{"damage":13,"enemies":"3 Byrds","floor":18,"turns":7},{"damage":16,"enemies":"Shell Parasite","floor":22,"turns":5},{"damage":55,"enemies":"Book of Stabbing","floor":23,"turns":5},{"damage":0,"enemies":"Gremlin Leader","floor":25,"turns":10},{"damage":33,"enemies":"Slavers","floor":27,"turns":6},{"damage":4,"enemies":"Snecko","floor":28,"turns":7},{"damage":14,"enemies":"Centurion and Healer","floor":30,"turns":13},{"damage":23,"enemies":"3 Cultists","floor":31,"turns":6},{"damage":61,"enemies":"Champ","floor":33,"turns":12},{"damage":36,"enemies":"Orb Walker","floor":35,"turns":5},{"damage":24,"enemies":"3 Shapes","floor":36,"turns":2}],"seed_played":"5323087360072441652","potions_obtained":[{"floor":1.0,"key":"PowerPotion"},{"floor":6.0,"key":"Energy Potion"},{"floor":8.0,"key":"Explosive Potion"},{"floor":11.0,"key":"ColorlessPotion"},{"floor":22,"key":"Regen Potion"},{"floor":25,"key":"SkillPotion"},{"floor":30,"key":"Explosive Potion"},{"floor":31,"key":"LiquidMemories"}],"is_trial":false,"path_per_floor":["M","?","?","M","?","E","M","E","T","$","M","R","E","M","R","B",null,"M","?","?","?","M","E","R","E","T","E","M","R","M","M","R","B",null,"M","M"],"character_chosen":"WATCHER","items_purchased":["WaveOfTheHand","ReachHeaven","Lantern"],"campfire_rested":3,"item_purchase_floors":[10,10,10],"current_hp_per_floor":[61,44,33,33,33,33,31,23,23,23,23,23,10,10,30,30,59,46,46,46,46,37,14,30,50,50,27,35,35,54,35,51,14,44,18,0,0],"gold":484,"neow_bonus":"THREE_ENEMY_KILL","is_daily":false,"chose_seed":false,"campfire_upgraded":2,"win_rate":0.0,"timestamp":1609417416,"path_taken":["M","?","?","M","?","E","?","E","T","?","M","R","E","?","R","BOSS","M","?","?","?","M","E","R","E","T","E","M","R","?","M","R","BOSS","M","M"],"items_purchased_type":["Card","Card","Relic"],"build_version":"2020-12-22","purchased_purges":0,"victory":false,"max_hp_per_floor":[68,68,68,68,68,68,68,68,68,68,68,68,68,68,68,68,68,68,68,47,47,47,54,54,54,54,54,54,54,54,54,54,54,54,54,54,54],"card_choices":[{"not_picked":["Meditate","WaveOfTheHand"],"picked":"TalkToTheHand","floor":1.0},{"not_picked":["Collect","Halt"],"picked":"Prostrate","floor":4.0},{"not_picked":["MentalFortress","FlyingSleeves","EmptyFist"],"picked":"SKIP","floor":6.0},{"not_picked":["EmptyBody","MasterReality"],"picked":"WindmillStrike","floor":7.0},{"not_picked":["MentalFortress","SashWhip"],"picked":"LikeWater","floor":8.0},{"not_picked":["FlyingSleeves","SandsOfTime","Consecrate"],"picked":"SKIP","floor":11.0},{"not_picked":["Ragnarok","EmptyFist","WaveOfTheHand"],"picked":"SKIP","floor":13},{"not_picked":["CrushJoints","WaveOfTheHand"],"picked":"CarveReality","floor":14},{"not_picked":["FlurryOfBlows","BowlingBash"],"picked":"FollowUp","floor":15},{"not_picked":["Scrawl","MasterReality"],"picked":"DevaForm","floor":16},{"not_picked":["Sanctity","ClearTheMind"],"picked":"JustLucky","floor":18},{"not_picked":["FlurryOfBlows","Evaluate"],"picked":"PathToVictory","floor":22},{"not_picked":["FlyingSleeves+1","Prostrate"],"picked":"Weave","floor":23},{"not_picked":["EmptyFist","Omniscience","FollowUp"],"picked":"SKIP","floor":25},{"not_picked":["Consecrate","FollowUp","Halt"],"picked":"SKIP","floor":27},{"not_picked":["Halt","EmptyFist"],"picked":"Perseverance","floor":28},{"not_picked":["Sanctity","Vengeance","Adaptation"],"picked":"SKIP","floor":30},{"not_picked":["EmptyBody+1","CutThroughFate"],"picked":"Wireheading","floor":31},{"not_picked":["PathToVictory","LikeWater"],"picked":"TalkToTheHand","floor":32},{"not_picked":["Blasphemy","Wish"],"picked":"Devotion","floor":33},{"not_picked":["WheelKick+1","Evaluate","EmptyBody"],"picked":"SKIP","floor":35}],"player_experience":1580830,"relics_obtained":[{"floor":6.0,"key":"Ornamental Fan"},{"floor":8.0,"key":"Smiling Mask"},{"floor":9.0,"key":"Dream Catcher"},{"floor":13,"key":"Sundial"},{"floor":23,"key":"Strawberry"},{"floor":25,"key":"Akabeko"},{"floor":26,"key":"Pocketwatch"},{"floor":27,"key":"Bag of Marbles"}],"event_choices":[{"damage_healed":0.0,"max_hp_gain":0.0,"max_hp_loss":0.0,"gold_gain":0.0,"event_name":"Golden Idol","player_choice":"Take Damage","floor":2.0,"gold_loss":0.0,"damage_taken":17.0,"relics_obtained":["Golden Idol"]},{"damage_healed":0.0,"max_hp_gain":0.0,"max_hp_loss":0.0,"gold_gain":75.0,"event_name":"World of Goop","player_choice":"Gather Gold","floor":3.0,"gold_loss":0.0,"damage_taken":11.0},{"cards_removed":["Defend_P"],"damage_healed":0.0,"max_hp_gain":0.0,"max_hp_loss":0.0,"gold_gain":0.0,"event_name":"The Cleric","player_choice":"Card Removal","floor":5.0,"gold_loss":50.0,"damage_taken":0.0},{"damage_healed":0,"gold_gain":0,"player_choice":"Inject Mutagens","damage_taken":0,"relics_obtained":["MutagenicStrength"],"max_hp_gain":0,"max_hp_loss":0,"event_name":"Drug Dealer","floor":19,"gold_loss":0},{"damage_healed":0,"gold_gain":0,"player_choice":"Became a vampire","damage_taken":0,"max_hp_gain":0,"max_hp_loss":21,"event_name":"Vampires","floor":20,"gold_loss":0,"cards_obtained":["Bite","Bite","Bite","Bite","Bite"]},{"damage_healed":0,"gold_gain":0,"player_choice":"Opened","damage_taken":0,"relics_obtained":["Bronze Scales"],"max_hp_gain":0,"max_hp_loss":0,"event_name":"The Mausoleum","floor":21,"gold_loss":0,"cards_obtained":["Writhe"]}],"is_beta":false,"boss_relics":[{"not_picked":["Runic Dome","Coffee Dripper"],"picked":"SlaversCollar"},{"not_picked":["Pandora\u0027s Box","Tiny House"],"picked":"Empty Cage"}],"items_purged_floors":[],"is_endless":false,"potions_floor_spawned":[1,6,8,11,22,25,30,31],"killed_by":"3 Shapes","ascension_level":14}}