{"host":"202rh853cfmsp27s","time":1609412000,"event":{"mods":["2.2 Compatiblity","AchievementEnabler","BaseMod","Bestiary","Better Altar","Better Match","Better Note","Better Sensory Stone","Better Skull","Better Third Choice","Better Vampires","BetterRewards","Colored Map","Colored Powertips","Curses Come First","Decade(???)","DeckTracker","Displayed Cursed Tome","Downfall","Evolution","GifTheSpireLib","Gold Saver","Googly Eyes","Gremlin Mod","Hermit","Highlight Path","Infinite Spire","Minty Spire (QoL Compilation)","Permanent Neow","Random Character Button","Rare Cards Sparkle","Relic Stats","Replay The Spire","Robot Space Explorer","Shade Mod","Spicy Shops","StSLib","The Animator","The Bug Knight","The Caster","The Wild Card","Transform Curses","Unceasing Turn Reminder","??????REMEMod"],"gold_per_floor":[545,565,565,578,578,591,591,591,608,640,655,675,600,658,686,795,795,795,817,444,464,477,518,518,518,518,555,578,578,595,619,648,749,749,749,777,810,810,845,891,891,891,916,439,461,494,494,494,527,639,639,639,657,673,695,719,644,692,713,730,730,730,766,766,806,836,955,955,955,985,1011,1011,1011,1011,1065,1096,1126,1126,1101,1101,1101,662,686,813,813,813,840,840,840,868,868,929,953,953,997,997,1036,1036,1136,1167,1299,1299,1305,1305,1305],"floor_reached":103,"playtime":9099,"items_purged":["Slimebound:Strike_Slimebound","Slimebound:Strike_Slimebound","Slimebound:Defend_Slimebound","Slimebound:Defend_Slimebound","Slimebound:Defend_Slimebound"],"score":2270,"play_id":"3b26e840-2687-449e-a5e5-81dcfb5b5459","local_time":"20201231035320","is_ascension_mode":false,"campfire_choices":[{"data":"Slimebound:Split","floor":1.0,"key":"SMITH"},{"data":"Slimebound:RejuvenatingLick","floor":8.0,"key":"SMITH"},{"floor":13.0,"key":"REST"},{"data":"Slimebound:MassFeed","floor":18.0,"key":"SMITH"},{"data":"Slimebound:Grow","floor":25.0,"key":"SMITH"},{"data":"Slimebound:GoopSpray","floor":35.0,"key":"SMITH"},{"data":"Slimebound:MinionMaster","floor":42.0,"key":"SMITH"},{"data":"Slimebound:Schlurp","floor":47.0,"key":"SMITH"},{"floor":52,"key":"RECALL"},{"data":"Slimebound:HauntingLick","floor":57,"key":"SMITH"},{"data":"Slimebound:Defend_Slimebound","floor":64,"key":"PURGE"},{"data":"infinitespire:Fortify","floor":69,"key":"SMITH"},{"data":"Slimebound:OozeBath","floor":78,"key":"SMITH"},{"data":"Slimebound:Gluttony","floor":81,"key":"SMITH"},{"data":"Slimebound:TongueLash","floor":86,"key":"SMITH"},{"data":"expansioncontent:CaCaw","floor":94,"key":"SMITH"},{"data":"Replay:SS_forest_2","floor":96,"key":"SMITH"},{"data":"Slimebound:MegaLick","floor":98,"key":"SMITH"}],"circlet_count":0,"master_deck":["Slimebound:Tackle","Slimebound:Split+1","Slimebound:CorrosiveSpit","expansioncontent:Chronoboost","hermit:Gambit+1","Slimebound:SplitLeeching","Replay:Fractal Strike","Slimebound:RejuvenatingLick+1","Slimebound:FlameTackle","Slimebound:PressTheAttack","Slimebound:SplitMire","Slimebound:ProtectTheBoss","Slimebound:GrowthPunch","Slimebound:RejuvenatingLick+1","Slimebound:Repurpose+1","Slimebound:Grow+1","Slimebound:MassFeed+1","Slimebound:MegaLick+1","Slimebound:Overexert+1","Slimebound:Schlurp+1","Slimebound:LeechingTouch","Slimebound:LeechingTouch","HollowMod:PogoStrike","Slimebound:GrowthPunch+1","Slimebound:LeechingTouch","Slimebound:GoopSpray+1","Slimebound:LeechEnergy","Slimebound:HauntingLick+1","Slimebound:OneTwoCombo","Slimebound:Schlurp+1","Slimebound:Schlurp+1","sneckomod:UnknownClassINFINITE_BLACK+1","Slimebound:SamplingLick+1","Slimebound:MinionMaster+1","Slimebound:SlimeTap+1","Slimebound:LeadByExample+1","Slimebound:LeadByExample","Slimebound:Schlurp+1","Madness+1","Slimebound:ViciousTackle+1","Slimebound:LeechLife","Slimebound:FinishingTackle","Slimebound:Equalize","Slimebound:LivingWall","Slimebound:Gluttony+1","Slimebound:Dissolve","Regret","Slimebound:DisruptingSlam","Slimebound:OneTwoCombo","Slimebound:Dissolve","infinitespire:Fortify+1","Slimebound:OozeBath+1","AbeCurse","Slimebound:SplitMire+1","Slimebound:SplitMire","Shame","Insight","Slimebound:ItLooksTasty+1","Slimebound:SlimeSlap","Slimebound:TongueLash+1","Slimebound:SplitMire","Slimebound:FinishingTackle","expansioncontent:StudyTheSpire","Writhe","expansioncontent:Chronoboost","Slimebound:GoopSpray+1","Slimebound:OozeBath+1","Slimebound:SpikyOuterGoop","Replay:SS_forest_2+1","expansioncontent:DarkVoid","expansioncontent:CaCaw+1","Slimebound:OneTwoCombo","Slimebound:GoopSpray+1","Slimebound:Schlurp+1","Slimebound:GoopSpray+1","Slimebound:Gluttony","Slimebound:WasteNot+1","Clumsy","CurseOfTheBell","Clumsy"],"relics":["Slimebound:AbsorbEndCombat","EVO:Axolotl","REME_ComplimentaryCards","Mercury Hourglass","Peace Pipe","downfall:HeartBlessingGreen","Replay:Bandana","Honey Jar","Bag of Marbles","War Paint","infinitespire:FocusingShard","Strawberry","HollowMod:PaleOreRelic","Toolbox","Coffee Dripper","Lee\u0027s Waffle","Bottled Lightning","infinitespire:Satchel","Darkstone Periapt","Replay:Ringing Soul","REME_ChargedStone","downfall:HeartBlessingRed","Happy Flower","Meat on the Bone","Abe\u0027s Treasure","Replay:Towering Pillar of Hats","Bloody Idol","Membership Card","BargainBundle","Toxic Egg 2","Strange Spoon","Nunchaku","REME_HourglassOfDeath","Ring of Chaos","Chemical X","Replay:Wanted Poster","Replay:Ancient Bell","infinitespire:PuzzleCube","Chameleon Ring","Counterbalance"],"acts_visited":["Exordium","TheCity","TheBeyond","Exordium","TheCity","TheBeyond","Exordium"],"potions_floor_usage":[67,67,67,101,103,103],"damage_taken":[{"damage":19.0,"enemies":"Small Slimes","floor":2.0,"turns":3.0},{"damage":12.0,"enemies":"Cultist","floor":4.0,"turns":3.0},{"damage":23.0,"enemies":"Jaw Worm","floor":6.0,"turns":3.0},{"damage":33.0,"enemies":"Gremlin Gang","floor":9.0,"turns":3.0},{"damage":31.0,"enemies":"3 Sentries","floor":10.0,"turns":5.0},{"damage":18.0,"enemies":"Lots of Slimes","floor":11.0,"turns":3.0},{"damage":25.0,"enemies":"Exordium Wildlife","floor":12.0,"turns":3.0},{"damage":24.0,"enemies":"Gremlin Nob","floor":14.0,"turns":4.0},{"damage":16.0,"enemies":"Large Slime","floor":15.0,"turns":5.0},{"damage":48.0,"enemies":"downfall:Watcher","floor":16.0,"turns":10.0},{"damage":17.0,"enemies":"Shell Parasite","floor":19.0,"turns":6.0},{"damage":18.0,"enemies":"downfall:FleeingMerchant","floor":20.0,"turns":4.0},{"damage":17.0,"enemies":"3 Byrds","floor":21.0,"turns":3.0},{"damage":58.0,"enemies":"3 Cultists","floor":22.0,"turns":5.0},{"damage":38.0,"enemies":"HollowMod:Nosk","floor":23.0,"turns":6.0},{"damage":26.0,"enemies":"Nightmare","floor":27.0,"turns":9.0},{"damage":19.0,"enemies":"Snecko","floor":28.0,"turns":4.0},{"damage":31.0,"enemies":"Centurion and Healer","floor":30.0,"turns":6.0},{"damage":26.0,"enemies":"Sentry and Sphere","floor":31.0,"turns":4.0},{"damage":30.0,"enemies":"Snecko","floor":32.0,"turns":4.0},{"damage":88.0,"enemies":"downfall:Ironclad","floor":33.0,"turns":10.0},{"damage":5.0,"enemies":"Orb Walker","floor":36.0,"turns":3.0},{"damage":20.0,"enemies":"3 Darklings","floor":37.0,"turns":2.0},{"damage":33.0,"enemies":"Spire Growth","floor":39.0,"turns":4.0},{"damage":97.0,"enemies":"Nemesis","floor":40.0,"turns":7.0},{"damage":43.0,"enemies":"Maw","floor":43.0,"turns":6.0},{"damage":12.0,"enemies":"downfall:FleeingMerchant","floor":44.0,"turns":4.0},{"damage":43.0,"enemies":"Transient","floor":45.0,"turns":5.0},{"damage":40.0,"enemies":"Jaw Worm Horde","floor":46.0,"turns":5.0},{"damage":32.0,"enemies":"Sphere and 2 Shapes","floor":49.0,"turns":3.0},{"damage":34.0,"enemies":"downfall:Defect","floor":50.0,"turns":6.0},{"damage":13,"enemies":"infinitespire:Voidling","floor":53,"turns":3},{"damage":10,"enemies":"Jaw Worm","floor":54,"turns":2},{"damage":7,"enemies":"Cultist","floor":55,"turns":3},{"damage":0,"enemies":"Blue Slaver","floor":56,"turns":1},{"damage":24,"enemies":"2 Fungi Beasts","floor":59,"turns":3},{"damage":36,"enemies":"3 Louse","floor":60,"turns":2},{"damage":20,"enemies":"Large Slime","floor":63,"turns":2},{"damage":28,"enemies":"Lagavulin","floor":65,"turns":4},{"damage":23,"enemies":"Lots of Slimes","floor":66,"turns":2},{"damage":54,"enemies":"Fading Forest","floor":67,"turns":11},{"damage":13,"enemies":"3 Byrds","floor":70,"turns":3},{"damage":29,"enemies":"Chosen","floor":71,"turns":2},{"damage":6,"enemies":"Gremlin Leader","floor":75,"turns":4},{"damage":35,"enemies":"Shelled Parasite and Fungi","floor":76,"turns":3},{"damage":2,"enemies":"3 Cultists","floor":77,"turns":3},{"damage":4,"enemies":"downfall:FleeingMerchant","floor":79,"turns":3},{"damage":4,"enemies":"Snecko","floor":83,"turns":2},{"damage":54,"enemies":"Champ","floor":84,"turns":8},{"damage":5,"enemies":"Orb Walker","floor":87,"turns":3},{"damage":95,"enemies":"3 Darklings","floor":90,"turns":3},{"damage":59,"enemies":"Reptomancer","floor":92,"turns":4},{"damage":28,"enemies":"Maw","floor":93,"turns":5},{"damage":83,"enemies":"3 Darklings","floor":95,"turns":3},{"damage":46,"enemies":"Jaw Worm Horde","floor":97,"turns":3},{"damage":14,"enemies":"Sphere and 2 Shapes","floor":100,"turns":3},{"damage":197,"enemies":"Awakened One","floor":101,"turns":8},{"damage":495,"enemies":"The Heart","floor":103,"turns":8}],"seed_played":"-7148141803836795841","potions_obtained":[{"floor":4.0,"key":"REME_GoldPotion"},{"floor":10.0,"key":"LifebloodPotion"},{"floor":12.0,"key":"ColorlessPotion"},{"floor":14.0,"key":"sneckomod:MuddlingPotion"},{"floor":21.0,"key":"ColorlessPotion"},{"floor":22.0,"key":"Fire Potion"},{"floor":28.0,"key":"ColorlessPotion"},{"floor":30.0,"key":"EssenceOfSteel"},{"floor":32.0,"key":"DistilledChaos"},{"floor":37.0,"key":"sneckomod:MuddlingPotion"},{"floor":40.0,"key":"Adrenaline Potion"},{"floor":45.0,"key":"PowerPotion"},{"floor":46.0,"key":"ColorlessPotion"},{"floor":67,"key":"Explosive Potion"},{"floor":70,"key":"SkillPotion"},{"floor":71,"key":"SteroidPotion"},{"floor":101,"key":"Dexterity Potion"}],"is_trial":false,"path_per_floor":["R","M","?","M","?","M","T","R","M","E","M","M","R","E","M","B",null,"R","M","$","M","M","E","T","R","?","NM","M","AVR","M","M","M","B",null,"R","M","M","AVR","M","E","T","R","M","$","M","M","R","?","M","B",null,"R_BF","M","M","M","M","R","T","M","M","?","?","M","R","E","M","B",null,"R","M","M","?","?","?","E","M","M","R","$","?","R","$","M","B",null,"R","M","?","?","M","?","E","M","R","M","R","M","R","AVR","M","B",null,"M"],"character_chosen":"SLIMEBOUND","items_purchased":["Bag of Marbles","War Paint","Darkstone Periapt","Replay:Ringing Soul","Membership Card","BargainBundle","Slimebound:TongueLash","Slimebound:SplitMire","Slimebound:FinishingTackle","expansioncontent:StudyTheSpire","Toxic Egg 2","Strange Spoon","Nunchaku","REME_HourglassOfDeath","expansioncontent:Chronoboost"],"campfire_rested":1,"item_purchase_floors":[20,20,44,44,79,79,79,79,79,79,79,82,82,82,82],"current_hp_per_floor":[60,53,39,47,47,46,46,46,35,34,38,29,47,35,53,49,60,60,64,64,67,50,52,59,59,59,91,93,93,103,99,95,63,111,111,111,115,122,117,78,78,78,113,131,137,130,130,105,104,125,161,161,164,162,166,175,175,175,170,155,155,164,161,161,182,188,216,238,238,241,225,234,237,109,155,175,216,216,270,270,270,279,282,282,289,289,292,292,285,253,253,232,278,278,259,259,299,299,304,310,239,346,0,0,0],"gold":1305,"neow_bonus":"RANDOM_COLORLESS","is_daily":false,"chose_seed":false,"campfire_upgraded":15,"win_rate":0.0,"timestamp":1609412000,"path_taken":["R","M","?","M","?","M","T","R","M","E","M","?","R","E","M","BOSS","R","M","$","M","M","E","T","R","?","NM","M","AVR","?","M","M","BOSS","R","M","M","AVR","M","E","T","R","M","$","M","M","R","?","M","BOSS","BOSS","R_BF","M","M","M","M","R","T","M","M","?","?","M","R","E","M","BOSS","R","M","M","?","?","?","E","?","M","R","$","?","R","?","M","BOSS","R","?","?","?","M","?","E","M","R","M","R","M","R","AVR","M","BOSS"],"items_purchased_type":["Relic","Relic","Relic","Relic","Relic","Relic","Card","Card","Card","Card","Relic","Relic","Relic","Relic","Card"],"build_version":"2020-12-22","purchased_purges":5,"victory":false,"max_hp_per_floor":[60,60,60,60,60,60,60,60,60,60,60,60,60,60,60,60,60,60,64,64,68,80,80,87,87,87,91,95,95,103,107,107,111,111,111,111,115,122,126,130,130,130,134,134,137,140,140,143,158,161,161,161,164,168,175,178,178,178,181,184,184,193,196,196,203,226,229,238,238,241,244,253,256,256,263,263,263,263,270,270,270,279,282,289,289,289,292,292,295,295,295,298,305,305,308,308,319,319,319,322,325,346,346,346,346],"relic_stats":{"Darkstone Periapt":42,"Lee\u0027s Waffle":7,"Happy Flower":[31],"counters":[58,243],"War Paint":["hermit:Gambit","Slimebound:RejuvenatingLick"],"Mercury Hourglass":[929],"Peace Pipe":1,"Strange Spoon":[106],"Nunchaku":[14],"Bloody Idol":3416,"Chemical X":[0],"obtain_stats":[{"Darkstone Periapt":44,"REME_ChargedStone":51,"downfall:HeartBlessingGreen":13,"EVO:Axolotl":0,"Replay:Wanted Poster":99,"Replay:Ringing Soul":44,"Replay:Bandana":14,"Nunchaku":82,"Chameleon Ring":102,"Strawberry":24,"Honey Jar":17,"Toolbox":29,"HollowMod:PaleOreRelic":27,"Chemical X":99,"Toxic Egg 2":79,"Lee\u0027s Waffle":38,"BargainBundle":79,"downfall:HeartBlessingRed":57,"Happy Flower":58,"Replay:Towering Pillar of Hats":72,"Counterbalance":102,"infinitespire:FocusingShard":23,"Ring of Chaos":85,"Replay:Ancient Bell":102,"War Paint":20,"Mercury Hourglass":7,"Peace Pipe":10,"Strange Spoon":82,"REME_HourglassOfDeath":82,"Bloody Idol":74,"infinitespire:Satchel":41,"Slimebound:AbsorbEndCombat":0,"Bag of Marbles":20,"Coffee Dripper":34,"Bottled Lightning":40,"Membership Card":79,"Abe\u0027s Treasure":68,"infinitespire:PuzzleCube":102,"REME_ComplimentaryCards":0,"Meat on the Bone":61},{"Darkstone Periapt":27,"REME_ChargedStone":31,"downfall:HeartBlessingGreen":7,"EVO:Axolotl":0,"Replay:Wanted Poster":55,"Replay:Ringing Soul":27,"Replay:Bandana":8,"Nunchaku":47,"Chameleon Ring":57,"Strawberry":15,"Honey Jar":10,"Toolbox":17,"HollowMod:PaleOreRelic":16,"Chemical X":55,"Toxic Egg 2":47,"Lee\u0027s Waffle":23,"BargainBundle":47,"downfall:HeartBlessingRed":35,"Happy Flower":35,"Replay:Towering Pillar of Hats":43,"Counterbalance":57,"infinitespire:FocusingShard":15,"Ring of Chaos":49,"Replay:Ancient Bell":57,"War Paint":12,"Mercury Hourglass":3,"Peace Pipe":5,"Strange Spoon":47,"REME_HourglassOfDeath":47,"Bloody Idol":43,"infinitespire:Satchel":25,"Slimebound:AbsorbEndCombat":0,"Bag of Marbles":12,"Coffee Dripper":21,"Bottled Lightning":25,"Membership Card":47,"Abe\u0027s Treasure":41,"infinitespire:PuzzleCube":57,"REME_ComplimentaryCards":0,"Meat on the Bone":37},{"Darkstone Periapt":125,"REME_ChargedStone":143,"downfall:HeartBlessingGreen":22,"EVO:Axolotl":0,"Replay:Wanted Poster":225,"Replay:Ringing Soul":125,"Replay:Bandana":26,"Nunchaku":194,"Chameleon Ring":235,"Strawberry":63,"Honey Jar":40,"Toolbox":76,"HollowMod:PaleOreRelic":72,"Chemical X":225,"Toxic Egg 2":194,"Lee\u0027s Waffle":104,"BargainBundle":194,"downfall:HeartBlessingRed":152,"Happy Flower":152,"Replay:Towering Pillar of Hats":181,"Counterbalance":235,"infinitespire:FocusingShard":63,"Ring of Chaos":204,"Replay:Ancient Bell":235,"War Paint":50,"Mercury Hourglass":8,"Peace Pipe":16,"Strange Spoon":194,"REME_HourglassOfDeath":194,"Bloody Idol":181,"infinitespire:Satchel":115,"Slimebound:AbsorbEndCombat":0,"Bag of Marbles":50,"Coffee Dripper":99,"Bottled Lightning":115,"Membership Card":194,"Abe\u0027s Treasure":176,"infinitespire:PuzzleCube":235,"REME_ComplimentaryCards":0,"Meat on the Bone":157}],"Meat on the Bone":0},"card_choices":[{"not_picked":["Replay:Bootleg Shield Generator","expansioncontent:YouAreMine"],"picked":"expansioncontent:Chronoboost","floor":0.0},{"not_picked":["Slimebound:Prepare","Slimebound:Grow"],"picked":"Slimebound:SplitLeeching","floor":2.0},{"not_picked":["infinitespire:Starlight","infinitespire:Gouge"],"picked":"Replay:Fractal Strike","floor":3.0},{"not_picked":["Slimebound:GoopSpray","Slimebound:GrowthPunch"],"picked":"Slimebound:RejuvenatingLick","floor":4.0},{"not_picked":["Slimebound:Dissolve","Slimebound:FinishingTackle"],"picked":"Slimebound:PressTheAttack","floor":6.0},{"not_picked":["Slimebound:SamplingLick","Slimebound:SplitAcid"],"picked":"Slimebound:SplitMire","floor":9.0},{"not_picked":["Slimebound:SplitBruiser","Slimebound:ComboTackle"],"picked":"Slimebound:ProtectTheBoss","floor":10.0},{"not_picked":["Slimebound:Nibble","Slimebound:FirmFortitude"],"picked":"Slimebound:GrowthPunch","floor":11.0},{"not_picked":["Slimebound:ForwardTackle","Slimebound:SlimeSpikes"],"picked":"Slimebound:RejuvenatingLick","floor":12.0},{"not_picked":["Slimebound:DouseInSlime","Slimebound:SplitMire"],"picked":"Slimebound:Repurpose","floor":14.0},{"not_picked":["Slimebound:SplitBruiser","Slimebound:Prepare"],"picked":"Slimebound:Grow","floor":15.0},{"not_picked":["Slimebound:RallyTheTroops","Slimebound:LeechLife"],"picked":"Slimebound:MassFeed","floor":16.0},{"not_picked":["Slimebound:FirmFortitude+1","Slimebound:LeechEnergy","Slimebound:LeechingTouch+1"],"picked":"Slimebound:MegaLick","floor":19.0},{"not_picked":["Slimebound:MassRepurpose","Slimebound:RollThrough","Slimebound:BestDefense"],"picked":"Slimebound:Overexert","floor":20.0},{"not_picked":["Slimebound:RollThrough+1","Slimebound:ViciousTackle","Slimebound:SplitAcid"],"picked":"Slimebound:Schlurp+1","floor":21.0},{"not_picked":["Slimebound:GoopTackle+1","Slimebound:HauntingLick","Slimebound:SplitLeeching"],"picked":"Slimebound:LeechingTouch","floor":22.0},{"not_picked":["Slimebound:PressTheAttack","Slimebound:ForwardTackle","Slimebound:SplitMire+1"],"picked":"Slimebound:LeechingTouch","floor":23.0},{"not_picked":["Slimebound:DuplicatedForm","Slimebound:PrepareCrush","Slimebound:Repurpose"],"picked":"Slimebound:GrowthPunch+1","floor":27.0},{"not_picked":["Slimebound:SplitBruiser","Slimebound:ForwardTackle+1","Slimebound:FirmFortitude"],"picked":"Slimebound:LeechingTouch","floor":28.0},{"not_picked":["Slimebound:SplitLeeching","Slimebound:LeechingTouch","Slimebound:SplitMire+1"],"picked":"Slimebound:GoopSpray","floor":30.0},{"not_picked":["Slimebound:SplitLeeching","Slimebound:Schlurp","Slimebound:FinishingTackle"],"picked":"Slimebound:LeechEnergy","floor":31.0},{"not_picked":["Slimebound:ComboTackle","Slimebound:Grow+1","Slimebound:RejuvenatingLick"],"picked":"Slimebound:HauntingLick","floor":32.0},{"not_picked":["Slimebound:DuplicatedForm","Slimebound:DouseInSlime","Slimebound:LeechLife"],"picked":"Slimebound:OneTwoCombo","floor":33.0},{"not_picked":["Slimebound:MegaLick+1","Slimebound:GrowthPunch+1","Slimebound:FinishingTackle+1"],"picked":"Slimebound:Schlurp","floor":36.0},{"not_picked":["Slimebound:Dissolve","Slimebound:GrowthPunch+1","Slimebound:SamplingLick"],"picked":"Slimebound:Schlurp+1","floor":37.0},{"not_picked":["sneckomod:UnknownCommonSkill+1","sneckomod:UnknownClassSHADE_COLOR+1","sneckomod:UnknownBlock+1"],"picked":"sneckomod:UnknownClassINFINITE_BLACK+1","floor":39.0},{"not_picked":["Slimebound:GoopTackle","Slimebound:LeechEnergy+1","Slimebound:BestDefense"],"picked":"Slimebound:SamplingLick","floor":39.0},{"not_picked":["Slimebound:RollThrough+1","Slimebound:SelfFormingGoo","Slimebound:ProtectTheBoss+1"],"picked":"Slimebound:MinionMaster","floor":40.0},{"not_picked":["Slimebound:GoopSpray+1","Slimebound:LeechEnergy","Slimebound:GrowthPunch+1"],"picked":"Slimebound:SlimeTap+1","floor":43.0},{"not_picked":["Slimebound:LeechEnergy+1","Slimebound:SplitMire+1","Slimebound:GoopSpray+1"],"picked":"Slimebound:LeadByExample+1","floor":44.0},{"not_picked":["Slimebound:LeechEnergy+1","Slimebound:SlimeSlap","Slimebound:SplitBruiser+1"],"picked":"Slimebound:LeadByExample","floor":45.0},{"not_picked":["Slimebound:SamplingLick","Slimebound:LeadByExample+1","Slimebound:GoopTackle"],"picked":"Slimebound:Schlurp+1","floor":46.0},{"not_picked":["Slimebound:MegaLick+1","Slimebound:Replication+1","Slimebound:SplitMire+1"],"picked":"Slimebound:ViciousTackle+1","floor":49.0},{"not_picked":["Slimebound:DouseInSlime","Slimebound:Overexert","Slimebound:Teamwork"],"picked":"Slimebound:LeechLife","floor":50},{"not_picked":["Slimebound:LeadByExample","Slimebound:Schlurp","Slimebound:SlimeBrawl"],"picked":"Slimebound:FinishingTackle","floor":53},{"not_picked":["Slimebound:Replication","Slimebound:ViciousTackle","Slimebound:RollThrough","Slimebound:GrowthPunch"],"picked":"SKIP","floor":54},{"not_picked":["Slimebound:SplitAcid","Slimebound:RollThrough","Slimebound:SamplingLick"],"picked":"Slimebound:Equalize","floor":55},{"not_picked":["Slimebound:SamplingLick","Slimebound:DisruptingSlam","Slimebound:SlimeBarrage"],"picked":"Slimebound:LivingWall","floor":56},{"not_picked":["Slimebound:RollThrough","Slimebound:GoopTackle","Slimebound:BestDefense"],"picked":"Slimebound:Gluttony","floor":59},{"not_picked":["Slimebound:ViciousTackle","Slimebound:FlameTackle","Slimebound:SplitBruiser"],"picked":"Slimebound:Dissolve","floor":60},{"not_picked":["Slimebound:LeechingTouch","Slimebound:FinishingTackle","Slimebound:SlimeBarrage"],"picked":"Slimebound:DisruptingSlam","floor":63},{"not_picked":["Slimebound:ViciousTackle","Slimebound:SlimeSpikes","Slimebound:Chomp"],"picked":"Slimebound:OneTwoCombo","floor":65},{"not_picked":["Slimebound:RollThrough","Slimebound:GrowthPunch","Slimebound:ProtectTheBoss"],"picked":"Slimebound:Dissolve","floor":66},{"not_picked":["ReplayTheSpireMod:Book of Names","infinitespire:Starlight"],"picked":"infinitespire:Fortify","floor":67},{"not_picked":["Slimebound:RallyTheTroops","Slimebound:Teamwork","Slimebound:WasteNot"],"picked":"Slimebound:OozeBath","floor":67},{"not_picked":["Slimebound:FinishingTackle","Slimebound:PressTheAttack+1","Slimebound:GoopTackle"],"picked":"Slimebound:SplitMire+1","floor":70},{"not_picked":["Slimebound:RollThrough","Slimebound:LeechEnergy","Slimebound:SlimeBarrage"],"picked":"Slimebound:SplitMire","floor":71},{"not_picked":["Slimebound:RainOfGoop","Slimebound:RollThrough","Slimebound:Overexert"],"picked":"Slimebound:ItLooksTasty+1","floor":75},{"not_picked":["Slimebound:LeechEnergy","Slimebound:GoopSpray","Slimebound:SplitAcid","Slimebound:Equalize"],"picked":"SKIP","floor":76},{"not_picked":["Slimebound:SplitBruiser+1","Slimebound:ViciousTackle","Slimebound:FinishingTackle","Slimebound:SlimeTap"],"picked":"SKIP","floor":77},{"not_picked":["Slimebound:Prepare+1","Slimebound:LeechEnergy+1","Slimebound:SplitMire"],"picked":"Slimebound:SlimeSlap","floor":79},{"not_picked":["Slimebound:DisruptingSlam+1","Slimebound:FormOfPuddle+1","Slimebound:LeechingTouch"],"picked":"Slimebound:GoopSpray+1","floor":83},{"not_picked":["Slimebound:Overexert","Slimebound:LeechLife","Slimebound:PrepareCrush+1"],"picked":"Slimebound:OozeBath+1","floor":84},{"not_picked":["Slimebound:Replication+1","Slimebound:RejuvenatingLick+1","Slimebound:SplitAcid+1"],"picked":"Slimebound:SpikyOuterGoop","floor":87},{"not_picked":["expansioncontent:ChargeUp+1","Replay:SS_forest_5+1","expansioncontent:BronzeBeam"],"picked":"Replay:SS_forest_2","floor":89},{"not_picked":["Replay:SS_hec_4","Replay:SS_fish_3","expansioncontent:LastStand"],"picked":"expansioncontent:DarkVoid","floor":89},{"not_picked":["expansioncontent:PolyBeam","Replay:SS_fish_3","expansioncontent:Sear"],"picked":"expansioncontent:CaCaw","floor":89},{"not_picked":["Slimebound:LevelUp+1","Slimebound:PressTheAttack+1","Slimebound:SlimeSpikes+1","Slimebound:GrowthPunch+1"],"picked":"SKIP","floor":90},{"not_picked":["Slimebound:SlimeSpikes+1","Slimebound:ViciousTackle+1","Slimebound:ItLooksTasty+1"],"picked":"Slimebound:OneTwoCombo","floor":92},{"not_picked":["Slimebound:PressTheAttack+1","Slimebound:FinishingTackle+1","Slimebound:ViciousTackle+1"],"picked":"Slimebound:GoopSpray+1","floor":93},{"not_picked":["Slimebound:ComboTackle","Slimebound:GoopTackle","Slimebound:Dissolve+1"],"picked":"Slimebound:Schlurp+1","floor":95},{"not_picked":["Slimebound:SlimeTap+1","Slimebound:Nibble","Slimebound:SplitLeeching+1"],"picked":"Slimebound:GoopSpray+1","floor":97},{"not_picked":["Slimebound:GrowthPunch+1","Slimebound:PressTheAttack","Slimebound:FinishingTackle+1"],"picked":"Slimebound:Gluttony","floor":100},{"not_picked":["Slimebound:PrepareCrush+1","Slimebound:DuplicatedForm","Slimebound:SelfFormingGoo"],"picked":"Slimebound:WasteNot+1","floor":101},{"not_picked":["animator:Curse_Greed","Languid","ReplayTheSpireMod:IOU"],"picked":"Clumsy","floor":102},{"not_picked":["Replay:Hysterical Blindness","Guardian:Aged","Doubt"],"picked":"CurseOfTheBell","floor":102},{"not_picked":["ReplayTheSpireMod:Splinters","hermit:ImpendingDoom","Regret"],"picked":"Clumsy","floor":102}],"player_experience":150421,"relics_obtained":[{"floor":7.0,"key":"Mercury Hourglass"},{"floor":10.0,"key":"Peace Pipe"},{"floor":14.0,"key":"Replay:Bandana"},{"floor":23.0,"key":"infinitespire:FocusingShard"},{"floor":24.0,"key":"Strawberry"},{"floor":27.0,"key":"HollowMod:PaleOreRelic"},{"floor":40.0,"key":"Bottled Lightning"},{"floor":41.0,"key":"infinitespire:Satchel"},{"floor":58,"key":"Happy Flower"},{"floor":61,"key":"Meat on the Bone"}],"event_choices":[{"damage_healed":0.0,"max_hp_gain":0.0,"max_hp_loss":0.0,"gold_gain":0.0,"cards_transformed":["Slimebound:Strike_Slimebound"],"event_name":"Transmorgrifier","player_choice":"Transformed","floor":5.0,"gold_loss":0.0,"damage_taken":0.0,"cards_obtained":["Slimebound:FlameTackle"]},{"cards_removed":["hermit:Gambit"],"damage_healed":0.0,"max_hp_gain":0.0,"max_hp_loss":0.0,"gold_gain":0.0,"event_name":"betterNote:BetterNote","player_choice":"Take \u0026 Give","floor":26.0,"gold_loss":0.0,"damage_taken":0.0,"cards_obtained":["HollowMod:PogoStrike"]},{"damage_healed":0.0,"max_hp_gain":0.0,"max_hp_loss":28.0,"gold_gain":3.0,"event_name":"betterStone:BetterStone","player_choice":"2","floor":48.0,"gold_loss":0.0,"damage_taken":0.0},{"damage_healed":0,"gold_gain":0,"player_choice":"Stole Relic","damage_taken":0,"relics_obtained":["Replay:Towering Pillar of Hats"],"max_hp_gain":0,"max_hp_loss":0,"event_name":"Addict","floor":72,"gold_loss":0,"cards_obtained":["Shame"]},{"damage_healed":0,"gold_gain":0,"player_choice":"Insight","damage_taken":0,"max_hp_gain":0,"max_hp_loss":0,"event_name":"betterThird:BetterWriting","floor":73,"gold_loss":0,"cards_obtained":["Insight"]},{"damage_healed":0,"gold_gain":0,"player_choice":" Idol ","damage_taken":128,"relics_obtained":["Bloody Idol"],"max_hp_gain":237,"max_hp_loss":109,"event_name":"betterAltar:BetterAltar","floor":74,"potions_obtained":[],"relics_lost":[],"gold_loss":0}],"is_beta":false,"boss_relics":[{"not_picked":["Runic Dome","Abe\u0027s Treasure"],"picked":"Honey Jar"},{"not_picked":["SlaversCollar","infinitespire:Cupcake"],"picked":"Coffee Dripper"},{"not_picked":["Fusion Hammer","Pandora\u0027s Box"],"picked":"REME_ChargedStone"},{"not_picked":["Snecko Eye","Busted Crown"],"picked":"Abe\u0027s Treasure"},{"not_picked":["Runic Pyramid","Pandora\u0027s Box"],"picked":"Ring of Chaos"},{"not_picked":["REME_LowDesire","Velvet Choker"],"picked":"Replay:Ancient Bell"},{"not_picked":["Regal Pillow","Simple Rune"],"picked":"infinitespire:PuzzleCube"},{"not_picked":["infinitespire:WardingShard","infinitespire:ShieldingShard"],"picked":"Chameleon Ring"},{"not_picked":["Unceasing Top","Girya"],"picked":"Counterbalance"}],"items_purged_floors":[20,44,79,82,82],"is_endless":true,"potions_floor_spawned":[4,10,12,14,21,22,28,30,32,37,40,45,46,49,50,54,59,63,65,67,70,71,76,77,87,95,100,101],"killed_by":"The Heart","ascension_level":0}}