{"host":"xlrfj7mv1s7y09pf","time":1609430850,"event":{"mods":["BaseMod","Minty Spire (QoL Compilation)","Rare Cards Sparkle"],"gold_per_floor":[360,360,29,42,0,33,33,53,53,63,63,74,86,96,96,168,168,180,193,62,79,89,114,114,114,114],"floor_reached":25,"playtime":714,"items_purged":[],"score":400,"play_id":"7c3b91ba-3f6a-4cfc-a975-0d6ed2e4c434","local_time":"20201231110730","is_ascension_mode":true,"campfire_choices":[{"data":"Infernal Blade","floor":7,"key":"SMITH"},{"floor":11,"key":"REST"},{"data":"Dual Wield","floor":15,"key":"SMITH"},{"floor":24,"key":"REST"}],"circlet_count":0,"master_deck":["AscendersBane","Strike_R","Strike_R","Strike_R+1","Strike_R","Strike_R","Defend_R","Defend_R","Defend_R+1","Defend_R","Bash","Infernal Blade+1","Perfected Strike","Flex+1","Dual Wield+1","Twin Strike","Shrug It Off+1","Twin Strike","Perfected Strike","Demon Form","Flex","Perfected Strike","Limit Break","Iron Wave","Perfected Strike"],"relics":["Burning Blood","Matryoshka","Shuriken","Regal Pillow","Ornamental Fan","Mark of Pain","War Paint"],"acts_visited":["Exordium","TheCity"],"potions_floor_usage":[6,13,16,23,23],"damage_taken":[{"damage":5,"enemies":"Small Slimes","floor":1,"turns":4},{"damage":2,"enemies":"Jaw Worm","floor":4,"turns":4},{"damage":22,"enemies":"3 Sentries","floor":6,"turns":6},{"damage":0,"enemies":"2 Louse","floor":8,"turns":2},{"damage":9,"enemies":"Blue Slaver","floor":10,"turns":2},{"damage":10,"enemies":"Red Slaver","floor":12,"turns":2},{"damage":11,"enemies":"Exordium Thugs","floor":13,"turns":3},{"damage":0,"enemies":"3 Louse","floor":14,"turns":2},{"damage":58,"enemies":"The Guardian","floor":16,"turns":9},{"damage":7,"enemies":"3 Byrds","floor":18,"turns":6},{"damage":0,"enemies":"Chosen","floor":19,"turns":3},{"damage":23,"enemies":"Snake Plant","floor":21,"turns":3},{"damage":5,"enemies":"Centurion and Healer","floor":22,"turns":5},{"damage":37,"enemies":"Slavers","floor":23,"turns":5},{"damage":70,"enemies":"Book of Stabbing","floor":25,"turns":5}],"seed_played":"5667261522637056346","potions_obtained":[{"floor":1,"key":"SneckoOil"},{"floor":6,"key":"Fire Potion"},{"floor":10,"key":"SkillPotion"},{"floor":12,"key":"Strength Potion"},{"floor":19,"key":"Fire Potion"}],"is_trial":false,"path_per_floor":["M","?","$","M","?","E","R","M","T","M","R","M","M","M","R","B",null,"M","M","$","M","M","E","R","E"],"character_chosen":"IRONCLAD","items_purchased":["Matryoshka","Infernal Blade","Limit Break","BloodPotion"],"campfire_rested":2,"item_purchase_floors":[3,3,20,20],"current_hp_per_floor":[72,58,58,62,62,46,46,52,52,49,72,68,63,69,69,17,58,57,63,63,46,47,30,66,0,0],"gold":114,"neow_bonus":"TWO_FIFTY_GOLD","is_daily":false,"chose_seed":false,"campfire_upgraded":2,"win_rate":0.0,"timestamp":1609430850,"path_taken":["M","?","$","M","?","E","R","M","T","M","R","M","M","M","R","BOSS","M","M","$","M","M","E","R","E"],"items_purchased_type":["Relic","Card","Card","Potion"],"build_version":"2020-12-22","purchased_purges":0,"victory":false,"max_hp_per_floor":[72,72,72,72,72,72,72,72,72,72,72,72,72,72,72,72,72,72,72,72,72,72,72,72,72,72],"card_choices":[{"not_picked":["Uppercut","Iron Wave","Clothesline"],"picked":"SKIP","floor":1},{"not_picked":["Clothesline","Thunderclap"],"picked":"Perfected Strike","floor":4},{"not_picked":["Inflame","Impervious"],"picked":"Flex","floor":6},{"not_picked":["Shrug It Off","Sword Boomerang"],"picked":"Dual Wield","floor":8},{"not_picked":["Shockwave","Sword Boomerang"],"picked":"Twin Strike","floor":10},{"not_picked":["Anger","Bludgeon"],"picked":"Shrug It Off","floor":12},{"not_picked":["Thunderclap","Hemokinesis"],"picked":"Twin Strike","floor":13},{"not_picked":["Pommel Strike","Battle Trance"],"picked":"Perfected Strike","floor":14},{"not_picked":["Corruption","Barricade"],"picked":"Demon Form","floor":16},{"not_picked":["Entrench","Havoc"],"picked":"Flex","floor":18},{"not_picked":["Dark Embrace","Whirlwind"],"picked":"Perfected Strike","floor":19},{"not_picked":["Shrug It Off","Headbutt+1"],"picked":"Iron Wave","floor":21},{"not_picked":["Iron Wave","Combust"],"picked":"Perfected Strike","floor":22},{"not_picked":["Blood for Blood","True Grit","Intimidate+1"],"picked":"SKIP","floor":23}],"player_experience":277308,"relics_obtained":[{"floor":6,"key":"Shuriken"},{"floor":9,"key":"Regal Pillow"},{"floor":9,"key":"Ornamental Fan"},{"floor":23,"key":"War Paint"}],"event_choices":[{"damage_healed":0,"gold_gain":0,"player_choice":"Entered Light","damage_taken":14,"max_hp_gain":0,"max_hp_loss":0,"event_name":"Shining Light","floor":2,"gold_loss":0,"cards_upgraded":["Strike_R","Defend_R"]},{"damage_healed":0,"gold_gain":0,"player_choice":"Left Gold","damage_taken":0,"max_hp_gain":0,"max_hp_loss":0,"event_name":"World of Goop","floor":5,"gold_loss":42}],"is_beta":false,"boss_relics":[{"not_picked":["Coffee Dripper","Runic Dome"],"picked":"Mark of Pain"}],"items_purged_floors":[],"is_endless":false,"potions_floor_spawned":[1,6,10,12,19,21],"killed_by":"Book of Stabbing","ascension_level":13}}