{"host":"6l14a1yoo52x3x71","time":1609416531,"event":{"mods":["2.2 Compatiblity","AchievementEnabler","Act Like it!","BaseMod","Bestiary","Better Third Choice","Colored Map","Googly Eyes","Minty Spire (QoL Compilation)","Permanent Neow","Quick Restart","StSLib","The Marked","The Poker Player"],"gold_per_floor":[110,60,0,19,30,30,42,42,89,126,138,182,194,206,218,333,345,369,391,16,16,16,16],"floor_reached":22,"playtime":912,"items_purged":["theMarked:Strike"],"score":192,"play_id":"c3d3d164-1375-4903-bd7d-b76f83f54fea","local_time":"20201231140851","is_ascension_mode":false,"campfire_choices":[{"data":"theMarked:MaelstromOfLightning","floor":6,"key":"SMITH"},{"data":"theMarked:SoldierOfQuellstein","floor":8,"key":"SMITH"},{"floor":13,"key":"REST"},{"data":"theMarked:Parry","floor":15,"key":"SMITH"}],"circlet_count":0,"master_deck":["theMarked:Strike","theMarked:Strike","theMarked:Strike","theMarked:Defend","theMarked:Defend","theMarked:Defend","theMarked:Defend","theMarked:SoldierOfQuellstein+1","Panache","theMarked:RogueSparks","Enlightenment","theMarked:ChainLightning+1","theMarked:MaelstromOfLightning+1","theMarked:Parry+1","theMarked:Challenge+1","theMarked:SummonStrength","CurseOfTheBell","theMarked:Reabsorb+1","theMarked:EmpowerWeapon+1","theMarked:EmpowerWeapon+1"],"relics":["theMarked:ArtifactOfAir","MawBank","Bronze Scales","Toxic Egg 2","Calling Bell","Anchor","Matryoshka","Incense Burner","Ginger"],"acts_visited":["Exordium","TheCity"],"potions_floor_usage":[10,11],"damage_taken":[{"damage":2,"enemies":"Jaw Worm","floor":1,"turns":5},{"damage":1,"enemies":"2 Louse","floor":4,"turns":3},{"damage":0,"enemies":"Small Slimes","floor":5,"turns":4},{"damage":13,"enemies":"2 Fungi Beasts","floor":7,"turns":3},{"damage":13,"enemies":"Gremlin Nob","floor":10,"turns":4},{"damage":0,"enemies":"Gremlin Nob","floor":11,"turns":1},{"damage":16,"enemies":"Lagavulin","floor":12,"turns":5},{"damage":41,"enemies":"Slime Boss","floor":16,"turns":10},{"damage":22,"enemies":"Spheric Guardian","floor":18,"turns":5},{"damage":25,"enemies":"3 Byrds","floor":19,"turns":4},{"damage":24,"enemies":"3 Cultists","floor":22,"turns":4}],"seed_played":"-9145970988555196613","potions_obtained":[{"floor":1,"key":"SmokeBomb"},{"floor":7,"key":"Explosive Potion"},{"floor":19,"key":"Energy Potion"}],"is_trial":false,"path_per_floor":["M","?","?","M","M","R","M","R","T","E","?","E","R","?","R","B",null,"M","M","$","?","M"],"character_chosen":"THE_DEFAULT","items_purchased":["Ginger"],"campfire_rested":1,"item_purchase_floors":[20],"current_hp_per_floor":[61,61,67,66,66,66,53,53,53,40,40,24,44,44,44,3,69,47,22,22,22,0,0],"gold":16,"neow_bonus":"RANDOM_COLORLESS_2","is_daily":false,"chose_seed":false,"campfire_upgraded":3,"win_rate":0.0,"timestamp":1609416531,"path_taken":["M","?","?","?","M","R","M","R","T","E","?","E","R","?","R","BOSS","M","M","$","?","?"],"items_purchased_type":["Relic"],"build_version":"2020-12-22","purchased_purges":1,"victory":false,"max_hp_per_floor":[63,63,69,69,69,69,69,69,69,69,69,69,69,69,69,69,69,69,69,69,69,69,69],"card_choices":[{"not_picked":["Transmutation","Master of Strategy"],"picked":"Panache","floor":0},{"not_picked":["theMarked:Parry","theMarked:BanishingStrike"],"picked":"theMarked:RogueSparks","floor":1},{"not_picked":["theMarked:HeightenedSenses","theMarked:TunnelVision"],"picked":"theMarked:ChainLightning","floor":4},{"not_picked":["theMarked:RepellingDischarge","theMarked:Improvise"],"picked":"theMarked:MaelstromOfLightning","floor":5},{"not_picked":["theMarked:BanishingWave","theMarked:WastefulAttack"],"picked":"theMarked:Parry","floor":7},{"not_picked":["theMarked:ChainLightning","theMarked:HeightenedSenses","theMarked:Seal"],"picked":"SKIP","floor":10},{"not_picked":["theMarked:Improvise+1","theMarked:BanishingStrike"],"picked":"theMarked:Challenge+1","floor":12},{"not_picked":["theMarked:Vacuum","theMarked:TurnInvisible+1"],"picked":"theMarked:SummonStrength","floor":16},{"not_picked":["theMarked:Static+1","theMarked:DeterminationOfTheMarked"],"picked":"theMarked:Reabsorb+1","floor":18},{"not_picked":["theMarked:ElectricStrings+1","theMarked:ChainLightning"],"picked":"theMarked:EmpowerWeapon+1","floor":19}],"player_experience":154456,"relics_obtained":[{"floor":9,"key":"MawBank"},{"floor":10,"key":"Bronze Scales"},{"floor":12,"key":"Toxic Egg 2"},{"floor":17,"key":"Anchor"},{"floor":17,"key":"Matryoshka"},{"floor":17,"key":"Incense Burner"}],"event_choices":[{"cards_removed":["theMarked:Strike"],"damage_healed":0,"gold_gain":0,"player_choice":"Card Removal","damage_taken":0,"max_hp_gain":0,"max_hp_loss":0,"event_name":"The Cleric","floor":2,"gold_loss":50},{"damage_healed":0,"gold_gain":0,"player_choice":"RENOUNCE","damage_taken":60,"max_hp_gain":0,"max_hp_loss":0,"event_name":"betterThird:BetterSerpent","floor":3,"gold_loss":60,"cards_obtained":["Enlightenment"]},{"damage_healed":0,"gold_gain":0,"player_choice":"Searched \u00271\u0027 times","damage_taken":0,"max_hp_gain":0,"max_hp_loss":0,"event_name":"Dead Adventurer","floor":11,"gold_loss":0},{"damage_healed":0,"gold_gain":0,"player_choice":"Grow","damage_taken":0,"max_hp_gain":0,"max_hp_loss":0,"event_name":"Living Wall","floor":14,"gold_loss":0,"cards_upgraded":["theMarked:ChainLightning"]},{"damage_healed":0,"gold_gain":0,"player_choice":"Copied","damage_taken":0,"max_hp_gain":0,"max_hp_loss":0,"event_name":"Duplicator","floor":21,"gold_loss":0,"cards_obtained":["theMarked:EmpowerWeapon"]}],"is_beta":false,"boss_relics":[{"not_picked":["Pandora\u0027s Box","Runic Dome"],"picked":"Calling Bell"}],"items_purged_floors":[20],"is_endless":false,"potions_floor_spawned":[1,7,11,19],"killed_by":"3 Cultists","ascension_level":0}}