{"host":"bjzqjr1ycgj8gt55","time":1609400098,"event":{"mods":["BaseMod","Better Altar","Better Match","Better Sensory Stone","Better Skull","Better Third Choice","Better Vampires","Block Reminder","Colored Map","Colored Powertips","GifTheSpireLib","Infinite Spire","Minty Spire (QoL Compilation)","Rare Cards Sparkle","Red Circlet Mod","Spicy Shops","StSLib","Waifu the Spire","everything is the same but u backflip on backflip","slay the spire mod where everything is the same but ironclad has a cowboy hat"],"gold_per_floor":[114,186,204,39,39,39,50,50,101,101,134,148,73,102,102,206,206,218,229,229,229,229,257,257,288,288,288,311,311,330,133,133,139,139],"floor_reached":33,"playtime":1032,"items_purged":[],"score":409,"play_id":"dd3235ab-d809-42d3-9759-35c844f09a02","local_time":"20201231013458","is_ascension_mode":true,"campfire_choices":[{"data":"Storm of Steel","floor":6.0,"key":"SMITH"},{"data":"Adrenaline","floor":8.0,"key":"SMITH"},{"data":"Deflect","floor":10.0,"key":"SMITH"},{"floor":15,"key":"REST"},{"floor":24,"key":"REST"},{"floor":27,"key":"REST"},{"floor":32,"key":"REST"}],"circlet_count":0,"master_deck":["Strike_G","Strike_G","Strike_G","Defend_G","Defend_G","Defend_G","Defend_G","Defend_G","Survivor","Neutralize","Storm of Steel+1","PiercingWail","Deflect+1","Corpse Explosion","Burn","Adrenaline+1","Footwork","Caltrops","Cloak And Dagger","Corpse Explosion","Deflect","Cloak And Dagger+1","Endless Agony","Concentrate","Reflex","Blur","Reflex","infinitespire:Menacing","Poisoned Stab+1","Backflip"],"relics":["Ring of the Snake","infinitespire:CheckeredPen","Regal Pillow","Smiling Mask","White Beast Statue","infinitespire:Cupcake","Nilry\u0027s Codex","Juzu Bracelet","Bag of Marbles","infinitespire:Midas Blood","Oddly Smooth Stone"],"acts_visited":["Exordium","TheCity"],"potions_floor_usage":[11,25,25,30,33],"damage_taken":[{"damage":6.0,"enemies":"Cultist","floor":1.0,"turns":3.0},{"damage":0.0,"enemies":"Small Slimes","floor":3.0,"turns":3.0},{"damage":3.0,"enemies":"Jaw Worm","floor":7.0,"turns":2.0},{"damage":0,"enemies":"Gremlin Nob","floor":11,"turns":2},{"damage":2,"enemies":"Exordium Wildlife","floor":12,"turns":3},{"damage":3,"enemies":"3 Sentries","floor":14,"turns":4},{"damage":60,"enemies":"Slime Boss","floor":16,"turns":11},{"damage":0,"enemies":"3 Byrds","floor":18,"turns":2},{"damage":7,"enemies":"Spheric Guardian","floor":19,"turns":4},{"damage":22,"enemies":"Slavers","floor":23,"turns":4},{"damage":30,"enemies":"Gremlin Leader","floor":25,"turns":6},{"damage":25,"enemies":"Centurion and Healer","floor":28,"turns":7},{"damage":35,"enemies":"Cultist and Chosen","floor":30,"turns":5},{"damage":22,"enemies":"Champ","floor":33,"turns":6}],"seed_played":"5963130358135667545","potions_obtained":[{"floor":7.0,"key":"FearPotion"},{"floor":11,"key":"BlessingOfTheForge"},{"floor":14,"key":"PowerPotion"},{"floor":16,"key":"Weak Potion"},{"floor":18,"key":"DuplicationPotion"},{"floor":19,"key":"Energy Potion"},{"floor":25,"key":"SteroidPotion"},{"floor":28,"key":"Explosive Potion"},{"floor":30,"key":"ColorlessPotion"}],"is_trial":false,"path_per_floor":["M","T","M","$","?","R","M","R","T","R","E","M","$","E","R","B",null,"M","M","?","?","?","E","R","E","T","R","M","AVR","M","$","R","B"],"character_chosen":"THE_SILENT","items_purchased":["Corpse Explosion","Caltrops","Oddly Smooth Stone","Backflip"],"campfire_rested":4,"item_purchase_floors":[4,13,31,31],"current_hp_per_floor":[64,64,64,64,64,64,61,61,61,61,61,59,59,56,70,10,70,70,63,63,47,70,48,70,40,40,70,45,45,10,10,46,24,24],"gold":139,"neow_bonus":"ONE_RANDOM_RARE_CARD","is_daily":false,"chose_seed":false,"campfire_upgraded":3,"win_rate":0.0,"timestamp":1609400098,"path_taken":["M","?","M","$","?","R","M","R","T","R","E","M","?","E","R","BOSS","M","M","?","?","?","E","R","E","T","R","M","AVR","M","$","R","BOSS"],"items_purchased_type":["Card","Card","Relic","Card"],"build_version":"2020-12-22","purchased_purges":0,"victory":false,"max_hp_per_floor":[70,70,70,70,70,70,70,70,70,70,70,70,70,70,70,70,70,70,70,70,70,70,70,70,70,70,70,70,70,70,70,70,70,70],"card_choices":[{"not_picked":["Underhanded Strike","Endless Agony"],"picked":"PiercingWail","floor":1.0},{"not_picked":["Dagger Throw","Acrobatics"],"picked":"Deflect","floor":3.0},{"not_picked":["Bouncing Flask","Dodge and Roll"],"picked":"Adrenaline","floor":7.0},{"not_picked":["Dagger Throw","Infinite Blades"],"picked":"Footwork","floor":11},{"not_picked":["Bouncing Flask","Dagger Throw","Poisoned Stab"],"picked":"SKIP","floor":12},{"not_picked":["Deadly Poison","Skewer"],"picked":"Cloak And Dagger","floor":14},{"not_picked":["Burst","Phantasmal Killer"],"picked":"Corpse Explosion","floor":16},{"not_picked":["Flying Knee+1","Eviscerate"],"picked":"Deflect","floor":18},{"not_picked":["All Out Attack","Backflip"],"picked":"Cloak And Dagger+1","floor":19},{"not_picked":["Tactician","Deadly Poison"],"picked":"Reflex","floor":23},{"not_picked":["Poisoned Stab","Endless Agony"],"picked":"Blur","floor":25},{"not_picked":["PiercingWail","Tactician"],"picked":"Reflex","floor":28},{"not_picked":["Outmaneuver","Bane+1"],"picked":"Poisoned Stab+1","floor":30}],"player_experience":93545,"relics_obtained":[{"floor":2.0,"key":"infinitespire:CheckeredPen"},{"floor":9.0,"key":"Regal Pillow"},{"floor":11,"key":"Smiling Mask"},{"floor":14,"key":"White Beast Statue"},{"floor":21,"key":"Nilry\u0027s Codex"},{"floor":23,"key":"Juzu Bracelet"},{"floor":25,"key":"Bag of Marbles"},{"floor":26,"key":"infinitespire:Midas Blood"}],"event_choices":[{"damage_healed":64.0,"max_hp_gain":0.0,"max_hp_loss":70.0,"gold_gain":0.0,"event_name":"betterThird:BetterShining","player_choice":"Embrace Burn","floor":5.0,"gold_loss":0.0,"damage_taken":0.0},{"damage_healed":0,"gold_gain":0,"cards_transformed":["Strike_G","Strike_G"],"player_choice":"Became Test Subject","damage_taken":0,"max_hp_gain":0,"max_hp_loss":0,"event_name":"Drug Dealer","floor":20,"gold_loss":0,"cards_obtained":["Endless Agony","Concentrate"]},{"damage_healed":0,"gold_gain":0,"player_choice":"Obtained Book","damage_taken":16,"max_hp_gain":0,"max_hp_loss":0,"event_name":"Cursed Tome","floor":21,"gold_loss":0},{"damage_healed":23,"gold_gain":0,"player_choice":"Heal","damage_taken":0,"max_hp_gain":0,"max_hp_loss":0,"event_name":"The Library","floor":22,"gold_loss":0}],"is_beta":false,"boss_relics":[{"not_picked":["Runic Dome","Fusion Hammer"],"picked":"infinitespire:Cupcake"}],"items_purged_floors":[],"is_endless":false,"potions_floor_spawned":[7,11,14,16,18,19,23,25,28,30],"killed_by":"Champ","ascension_level":4}}