{"host":"dntw6kil9p09eemm","time":1609445092,"event":{"mods":["Alarm Clock","Aspiration","BaseMod","Downfall","Hermit","Hubris","Minty Spire (QoL Compilation)","Permanent Neow","Replay The Spire","Shop Mod","StSLib"],"gold_per_floor":[210,222,232,154,329,364,364,192,192,204,220,237,253,268,268,365,365,376,396,298,315,315,315,315,315],"floor_reached":23,"playtime":1686,"items_purged":["Doubt"],"score":197,"play_id":"ff94e556-c7c5-4b4b-b469-099d142b6125","local_time":"20210101050452","is_ascension_mode":false,"campfire_choices":[{"data":"hexamod:Float","floor":7.0,"key":"SMITH"},{"data":"hexamod:SoulSteal","floor":15.0,"key":"SMITH"}],"circlet_count":0,"master_deck":["hexamod:Strike","hexamod:Strike","hexamod:Strike","hexamod:Strike","hexamod:Defend","hexamod:Defend","hexamod:Defend","hexamod:Sear","hexamod:Float+1","hexamod:FastForward","hexamod:BurningTouch","hexamod:SearingWound","hexamod:Incineration","Bandage Up","hexamod:FastForward","hexamod:ThermalTransfer","hexamod:RadiantFlame","hexamod:SoulSteal+1","hexamod:ThermalTransfer","hexamod:Toasty","hexamod:CatchUp","hexamod:FastForward+1"],"relics":["hexamod:SpiritBrand","hubris:GlazedTorus","Blue Doll","Black Star","MerchantsRug"],"acts_visited":["Exordium","TheCity"],"potions_floor_usage":[],"damage_taken":[{"damage":0.0,"enemies":"Cultist","floor":1.0,"turns":3.0},{"damage":2.0,"enemies":"Small Slimes","floor":2.0,"turns":4.0},{"damage":0.0,"enemies":"2 Louse","floor":3.0,"turns":4.0},{"damage":8.0,"enemies":"Gremlin Nob","floor":6.0,"turns":3.0},{"damage":8.0,"enemies":"Blue Slaver","floor":10.0,"turns":4.0},{"damage":2.0,"enemies":"3 Louse","floor":11.0,"turns":4.0},{"damage":9.0,"enemies":"Lots of Slimes","floor":12.0,"turns":5.0},{"damage":0.0,"enemies":"Looter","floor":13.0,"turns":3.0},{"damage":1.0,"enemies":"Blue Slaver","floor":14.0,"turns":3.0},{"damage":21.0,"enemies":"The Guardian","floor":16.0,"turns":7.0},{"damage":18,"enemies":"2 Thieves","floor":18,"turns":3},{"damage":0,"enemies":"Chosen","floor":19,"turns":4},{"damage":7,"enemies":"3 Cultists","floor":21,"turns":3},{"damage":71,"enemies":"Gremlin Leader","floor":23,"turns":6}],"seed_played":"4146398760213639324","potions_obtained":[{"floor":2.0,"key":"Fruit Juice"},{"floor":10.0,"key":"champ:CounterPotion"},{"floor":11.0,"key":"Energy Potion"},{"floor":12.0,"key":"BlessingOfTheForge"},{"floor":19,"key":"LiquidMemories"}],"is_trial":false,"path_per_floor":["M","M","M","$","?","E","R","$","T","M","M","M","M","M","R","B",null,"M","M","$","M","?","E"],"character_chosen":"THE_SPIRIT","items_purchased":["hexamod:SearingWound","Bandage Up","MerchantsRug"],"campfire_rested":0,"item_purchase_floors":[4,8,20],"current_hp_per_floor":[70,73,73,73,73,65,65,65,65,61,63,58,62,65,65,48,75,57,61,61,58,58,0,0,0],"gold":315,"neow_bonus":"HUNDRED_GOLD","is_daily":false,"chose_seed":false,"campfire_upgraded":2,"win_rate":0.0,"timestamp":1609445092,"path_taken":["M","M","?","$","?","E","R","$","T","M","M","M","M","M","R","BOSS","M","M","$","M","?","E"],"items_purchased_type":["Card","Card","Relic"],"build_version":"2020-12-22","purchased_purges":1,"victory":false,"max_hp_per_floor":[70,75,75,75,75,75,75,75,75,75,75,75,75,75,75,75,75,75,75,75,75,75,75,75,75],"card_choices":[{"not_picked":["hexamod:SwordOfDarkness","hexamod:HauntingEcho"],"picked":"hexamod:FastForward","floor":1.0},{"not_picked":["hexamod:RainOfEmbers","hexamod:AdvancingGuard"],"picked":"hexamod:BurningTouch","floor":2.0},{"not_picked":["hexamod:NightmareStrike","hexamod:InspiringFlames","hexamod:Hexaguard"],"picked":"SKIP","floor":3.0},{"not_picked":["hexamod:BurningTouch","hexamod:TurnItUp"],"picked":"hexamod:Incineration","floor":6.0},{"not_picked":["hexamod:SpectersWail","hexamod:GhostLash"],"picked":"hexamod:FastForward","floor":10.0},{"not_picked":["hexamod:SwordOfDarkness","hexamod:BurningTouch"],"picked":"hexamod:ThermalTransfer","floor":11.0},{"not_picked":["hexamod:FastForward","hexamod:NightmareGuise"],"picked":"hexamod:RadiantFlame","floor":12.0},{"not_picked":["hexamod:HauntingEcho","hexamod:NightmareGuise"],"picked":"hexamod:SoulSteal","floor":13.0},{"not_picked":["hexamod:HauntingEcho","hexamod:Rewind"],"picked":"hexamod:ThermalTransfer","floor":14.0},{"not_picked":["hexamod:ParanormalForm","hexamod:ApocalypseNow"],"picked":"hexamod:Toasty","floor":16.0},{"not_picked":["hexamod:HeatMetal","hexamod:SwordOfDarkness"],"picked":"hexamod:CatchUp","floor":18},{"not_picked":["hexamod:GhostLash","hexamod:Firestarter","hexamod:SpectersWail"],"picked":"SKIP","floor":19},{"not_picked":["hexamod:DynamicBlow","hexamod:HauntingEcho"],"picked":"hexamod:FastForward+1","floor":21}],"player_experience":502744,"relics_obtained":[{"floor":6.0,"key":"hubris:GlazedTorus"},{"floor":9.0,"key":"Blue Doll"}],"event_choices":[{"damage_healed":0.0,"max_hp_gain":0.0,"max_hp_loss":0.0,"gold_gain":175.0,"event_name":"Liars Game","player_choice":"AGREE","floor":5.0,"gold_loss":0.0,"damage_taken":0.0,"cards_obtained":["Doubt"]},{"cards_removed":["hexamod:Defend"],"damage_healed":0,"gold_gain":0,"player_choice":"Elegance","damage_taken":0,"max_hp_gain":0,"max_hp_loss":0,"event_name":"Back to Basics","floor":22,"gold_loss":0}],"is_beta":false,"boss_relics":[{"not_picked":["Replay:Ancient Bell","Tiny House"],"picked":"Black Star"}],"items_purged_floors":[8],"is_endless":false,"potions_floor_spawned":[2,10,11,12,19],"killed_by":"Gremlin Leader","ascension_level":0}}