{"host":"dftyqn972q7tuon4","time":1609375637,"event":{"mods":["AchievementEnabler","BaseMod","Better Altar","Better Match","Better Note","Better Sensory Stone","Better Skull","Better Third Choice","Colored Powertips","Highlight Path","Minty Spire (QoL Compilation)","Permanent Neow","Quick Restart","StSLib"],"gold_per_floor":[114,129,144,159,174,174,189,189,489,519,549,564,564,594,594,694,694,709,184,184,84,99,99,114,129,129,129,159,159,174,189,189,289,289,304,307,32,32,47,47,0,0,0,0,15,45,75,105,105,105],"floor_reached":51,"playtime":3462,"items_purged":["Strike_B","Defend_B","Defend_B"],"score":927,"play_id":"92a8c754-14ff-4bf8-853b-1f10b0ee749e","local_time":"20201231014717","daily_mods":["Cursed Run","Diverse","DeadlyEvents"],"is_ascension_mode":false,"campfire_choices":[{"data":"Zap","floor":6.0,"key":"SMITH"},{"floor":8.0,"key":"REST"},{"data":"Fire Breathing","floor":15.0,"key":"SMITH"},{"data":"1","floor":23.0,"key":"LIFT"},{"data":"2","floor":27.0,"key":"LIFT"},{"data":"3","floor":32.0,"key":"LIFT"},{"data":"Heavy Blade","floor":40.0,"key":"SMITH"},{"data":"Mayhem","floor":42.0,"key":"SMITH"},{"data":"Coolheaded","floor":44.0,"key":"SMITH"},{"data":"Loop","floor":49.0,"key":"SMITH"}],"circlet_count":0,"master_deck":["Defend_B+1","Zap+1","Dualcast","Compile Driver+1","Doom and Gloom","Fire Breathing+1","Genetic Algorithm","Headbutt","Normality","Malaise+1","Heavy Blade+1","Flying Knee","Writhe","Feed","CurseOfTheBell","Coolheaded+1","Mayhem+1","Shrug It Off+1","Deflect+1","Genetic Algorithm+1","Cold Snap","Parasite","Wallop+1","Doubt","Loop+1","Writhe","LessonLearned","Tantrum+1","Melter+1","Skewer+1","JustLucky","Battle Trance+1","Fire Breathing+1","Flechettes+1","Clumsy","Flex+1","Vault+1","Normality"],"relics":["Cursed Key","Darkstone Periapt","Du-Vu Doll","Old Coin","Meat on the Bone","Bottled Flame","Bottled Tornado","Calling Bell","Lantern","Pear","Girya","Toxic Egg 2","Eternal Feather","Letter Opener","StrikeDummy","Astrolabe","Ice Cream","DollysMirror","Red Mask","HornCleat","Singing Bowl","Anchor","Vajra"],"acts_visited":["Exordium","TheCity","TheBeyond"],"potions_floor_usage":[],"damage_taken":[{"damage":1.0,"enemies":"Cultist","floor":1.0,"turns":4.0},{"damage":5.0,"enemies":"Small Slimes","floor":2.0,"turns":2.0},{"damage":1.0,"enemies":"Jaw Worm","floor":3.0,"turns":2.0},{"damage":13.0,"enemies":"Exordium Thugs","floor":4.0,"turns":4.0},{"damage":13.0,"enemies":"2 Fungi Beasts","floor":5.0,"turns":3.0},{"damage":5.0,"enemies":"Looter","floor":7.0,"turns":3.0},{"damage":22.0,"enemies":"3 Sentries","floor":10.0,"turns":5.0},{"damage":14.0,"enemies":"Gremlin Nob","floor":11.0,"turns":5.0},{"damage":7.0,"enemies":"Blue Slaver","floor":12.0,"turns":2.0},{"damage":5.0,"enemies":"Lagavulin","floor":14.0,"turns":7.0},{"damage":1.0,"enemies":"Hexaghost","floor":16.0,"turns":9.0},{"damage":17.0,"enemies":"Shell Parasite","floor":18.0,"turns":5.0},{"damage":5.0,"enemies":"3 Byrds","floor":22.0,"turns":3.0},{"damage":2.0,"enemies":"Snecko","floor":24.0,"turns":6.0},{"damage":20.0,"enemies":"Sentry and Sphere","floor":25.0,"turns":4.0},{"damage":23.0,"enemies":"Book of Stabbing","floor":28.0,"turns":6.0},{"damage":2.0,"enemies":"Snake Plant","floor":30.0,"turns":4.0},{"damage":0.0,"enemies":"Snecko","floor":31.0,"turns":3.0},{"damage":36.0,"enemies":"Collector","floor":33.0,"turns":8.0},{"damage":5.0,"enemies":"3 Shapes","floor":35.0,"turns":3.0},{"damage":50.0,"enemies":"2 Orb Walkers","floor":36.0,"turns":4.0},{"damage":0.0,"enemies":"Orb Walker","floor":39.0,"turns":3.0},{"damage":7.0,"enemies":"Writhing Mass","floor":45.0,"turns":5.0},{"damage":3.0,"enemies":"Nemesis","floor":46.0,"turns":6.0},{"damage":12.0,"enemies":"Reptomancer","floor":47.0,"turns":4.0},{"damage":1.0,"enemies":"Giant Head","floor":48.0,"turns":5.0},{"damage":54,"enemies":"Donu and Deca","floor":50,"turns":7}],"seed_played":"9091901603564859836","potions_obtained":[{"floor":4.0,"key":"DuplicationPotion"},{"floor":5.0,"key":"PotionOfCapacity"},{"floor":7.0,"key":"FocusPotion"},{"floor":11.0,"key":"DistilledChaos"},{"floor":18.0,"key":"AttackPotion"},{"floor":28.0,"key":"PotionOfCapacity"},{"floor":30.0,"key":"Fire Potion"},{"floor":33.0,"key":"Regen Potion"},{"floor":46.0,"key":"Explosive Potion"},{"floor":47.0,"key":"Fire Potion"}],"is_trial":false,"path_per_floor":["M","M","M","M","M","R","M","R","T","E","E","M","?","E","R","B",null,"M","$","?","$","M","R","M","M","T","R","E","T","M","M","R","B",null,"M","?","$","?","M","R","?","R","T","R","M","E","E","E","R","B",null],"character_chosen":"DEFECT","items_purchased":["Mayhem","Toxic Egg 2","Shrug It Off+1","DollysMirror"],"campfire_rested":1,"item_purchase_floors":[19,19,19,37],"current_hp_per_floor":[74,69,68,55,42,42,37,59,65,43,41,46,46,41,41,58,103,89,89,89,89,84,84,82,65,71,86,66,72,73,73,91,73,133,128,93,93,93,93,111,111,129,135,142,135,137,125,126,147,102],"gold":105,"neow_bonus":"","is_daily":true,"chose_seed":false,"campfire_upgraded":6,"win_rate":0.0,"timestamp":1609375637,"path_taken":["M","M","?","?","M","R","M","R","T","?","E","M","?","?","R","BOSS","M","$","?","$","M","R","M","M","T","R","E","?","M","M","R","BOSS","M","?","$","?","M","R","?","R","T","R","?","E","?","E","R","BOSS"],"items_purchased_type":["Card","Relic","Card","Relic"],"build_version":"2020-12-22","purchased_purges":3,"victory":true,"max_hp_per_floor":[75,75,75,75,75,75,75,75,81,81,81,81,81,81,81,87,103,106,106,106,106,106,106,106,109,115,115,118,124,127,127,127,133,133,133,136,136,136,136,136,136,136,142,142,142,147,147,149,149,158],"card_choices":[{"not_picked":["PiercingWail","Poisoned Stab"],"picked":"Compile Driver","floor":1.0},{"not_picked":["EmptyFist","Havoc"],"picked":"Doom and Gloom","floor":2.0},{"not_picked":["Outmaneuver","Melter"],"picked":"Fire Breathing","floor":3.0},{"not_picked":["Redo","PathToVictory","FlyingSleeves"],"picked":"SKIP","floor":4.0},{"not_picked":["CrushJoints","Second Wind"],"picked":"Genetic Algorithm","floor":5.0},{"not_picked":["Poisoned Stab","Barrage"],"picked":"Headbutt","floor":7.0},{"not_picked":["LikeWater","Quick Slash"],"picked":"Malaise","floor":10.0},{"not_picked":["Acrobatics","Dual Wield"],"picked":"Heavy Blade","floor":11.0},{"not_picked":["Tactician","Undo"],"picked":"Backflip","floor":12.0},{"not_picked":["Cleave","EmptyMind"],"picked":"Flying Knee","floor":14.0},{"not_picked":["Die Die Die","Doppelganger"],"picked":"Feed","floor":16.0},{"not_picked":["Prostrate","Carnage+1"],"picked":"Coolheaded","floor":18.0},{"not_picked":["Melter","Compile Driver"],"picked":"Deflect+1","floor":22.0},{"not_picked":["MentalFortress","Noxious Fumes"],"picked":"Genetic Algorithm+1","floor":24.0},{"not_picked":["Rebound","Fasting2"],"picked":"Cold Snap","floor":25.0},{"not_picked":["Go for the Eyes","Electrodynamics"],"picked":"Wallop+1","floor":28.0},{"not_picked":["Deflect+1","Clash"],"picked":"Loop","floor":30.0},{"not_picked":["True Grit+1","Dash","Poisoned Stab"],"picked":"SKIP","floor":31.0},{"not_picked":["Rainbow+1","Venomology+1"],"picked":"LessonLearned","floor":33.0},{"not_picked":["Clothesline","Warcry+1"],"picked":"JustLucky","floor":35.0},{"not_picked":["Bane+1","Sucker Punch+1"],"picked":"Battle Trance+1","floor":36.0},{"not_picked":["PiercingWail+1","Barrage"],"picked":"Flechettes+1","floor":39.0},{"not_picked":["SignatureMove+1","Noxious Fumes+1"],"picked":"Flex+1","floor":45.0},{"not_picked":["Flame Barrier+1","All Out Attack+1","Stack+1"],"picked":"Singing Bowl","floor":46.0},{"not_picked":["Cold Snap","Fusion+1"],"picked":"Vault+1","floor":47.0},{"not_picked":["Backstab","True Grit+1","ThirdEye+1"],"picked":"Singing Bowl","floor":48.0}],"player_experience":564064,"relics_obtained":[{"floor":9.0,"key":"Old Coin"},{"floor":10.0,"key":"Meat on the Bone"},{"floor":11.0,"key":"Bottled Flame"},{"floor":14.0,"key":"Bottled Tornado"},{"floor":17.0,"key":"Lantern"},{"floor":17.0,"key":"Pear"},{"floor":17.0,"key":"Girya"},{"floor":26.0,"key":"Eternal Feather"},{"floor":28.0,"key":"Letter Opener"},{"floor":29.0,"key":"StrikeDummy"},{"floor":36.0,"key":"Ice Cream"},{"floor":43.0,"key":"HornCleat"},{"floor":46.0,"key":"Singing Bowl"},{"floor":47.0,"key":"Anchor"},{"floor":48.0,"key":"Vajra"}],"event_choices":[{"cards_removed":["Strike_B"],"damage_healed":0.0,"max_hp_gain":0.0,"max_hp_loss":0.0,"gold_gain":0.0,"event_name":"Purifier","player_choice":"Purged","floor":13.0,"gold_loss":0.0,"damage_taken":0.0},{"damage_healed":0.0,"max_hp_gain":0.0,"max_hp_loss":0.0,"gold_gain":0.0,"event_name":"Vampires","player_choice":"Ignored","floor":20.0,"gold_loss":0.0,"damage_taken":0.0},{"damage_healed":0.0,"max_hp_gain":0.0,"max_hp_loss":0.0,"gold_gain":0.0,"event_name":"Mysterious Sphere","player_choice":"Fight","floor":36.0,"gold_loss":0.0,"damage_taken":0.0},{"cards_removed":["Backflip"],"damage_healed":0.0,"max_hp_gain":0.0,"max_hp_loss":0.0,"gold_gain":0.0,"event_name":"Falling","player_choice":"Removed Skill","floor":38.0,"gold_loss":0.0,"damage_taken":0.0},{"damage_healed":0.0,"max_hp_gain":0.0,"max_hp_loss":0.0,"gold_gain":0.0,"event_name":"Tomb of Lord Red Mask","player_choice":"Paid","floor":41.0,"gold_loss":47.0,"damage_taken":0.0,"relics_obtained":["Red Mask"]}],"is_beta":false,"boss_relics":[{"not_picked":["Philosopher\u0027s Stone","Empty Cage"],"picked":"Calling Bell"},{"not_picked":["Runic Dome","Inserter"],"picked":"Astrolabe"}],"items_purged_floors":[19,21,37],"is_endless":false,"potions_floor_spawned":[4,5,7,11,14,18,28,30,33,46,47],"ascension_level":0}}