{"host":"jm9833yuloeli2yd","time":1609382338,"event":{"mods":["AchievementEnabler","BaseMod","Better Altar","Better Match","Better Note","Better Sensory Stone","Better Skull","Better Third Choice","Better Vampires","BetterRewards","Colored Map","Colored Powertips","DeckTracker","Marked Mod","Minty Spire (QoL Compilation)","Permanent Neow","Quick Restart","StSLib","SuperFastMode"],"gold_per_floor":[17,17,29,29,29,29,60,60,60,60,60],"floor_reached":10,"playtime":244,"items_purged":[],"score":128,"play_id":"184b37f4-b8df-4813-8ed3-d917a9fd4120","local_time":"20201230213858","is_ascension_mode":true,"campfire_choices":[{"data":"Seek","floor":6.0,"key":"SMITH"}],"circlet_count":0,"master_deck":["AscendersBane","Strike_B","Strike_B","Strike_B","Defend_B","Defend_B","Defend_B","Zap","Dualcast","Seek+1","Static Discharge","Coolheaded","Chrysalis+1","Coolheaded","Skim"],"relics":["Cracked Core","Gremlin Horn","Bronze Scales","Question Card"],"acts_visited":["Exordium"],"potions_floor_usage":[10],"damage_taken":[{"damage":9.0,"enemies":"Jaw Worm","floor":1.0,"turns":4.0},{"damage":12.0,"enemies":"Small Slimes","floor":3.0,"turns":4.0},{"damage":20.0,"enemies":"Lagavulin","floor":7.0,"turns":12.0},{"damage":62,"enemies":"Gremlin Nob","floor":10,"turns":3}],"seed_played":"-8808636220168570866","potions_obtained":[{"floor":7.0,"key":"SkillPotion"}],"is_trial":false,"path_per_floor":["M","?","M","T","?","R","E","?","T","E"],"character_chosen":"DEFECT","items_purchased":[],"campfire_rested":0,"item_purchase_floors":[],"current_hp_per_floor":[55,55,43,43,48,48,28,28,28,0,0],"gold":60,"neow_bonus":"TRANSFORM_TWO_CARDS","is_daily":false,"chose_seed":false,"campfire_upgraded":1,"win_rate":0.0,"timestamp":1609382338,"path_taken":["M","?","M","?","?","R","E","?","T","E"],"items_purchased_type":[],"build_version":"2020-12-22","purchased_purges":0,"victory":false,"max_hp_per_floor":[71,71,71,71,76,76,76,76,76,76,76],"card_choices":[{"not_picked":["Beam Cell","Storm"],"picked":"Coolheaded","floor":1.0},{"not_picked":["Enlightenment","Dark Shackles"],"picked":"Chrysalis","floor":2.0},{"not_picked":["Conserve Battery","Beam Cell"],"picked":"Coolheaded","floor":3.0},{"not_picked":["Rip and Tear","Steam"],"picked":"Skim","floor":7.0}],"player_experience":1200588,"relics_obtained":[{"floor":4.0,"key":"Gremlin Horn"},{"floor":7.0,"key":"Bronze Scales"},{"floor":9.0,"key":"Question Card"}],"event_choices":[{"damage_healed":0.0,"max_hp_gain":0.0,"max_hp_loss":0.0,"gold_gain":1.0,"event_name":"betterStone:BetterStone","player_choice":"1","floor":2.0,"gold_loss":0.0,"damage_taken":0.0},{"damage_healed":0.0,"max_hp_gain":5.0,"max_hp_loss":0.0,"gold_gain":0.0,"event_name":"Big Fish","player_choice":"Donut","floor":5.0,"gold_loss":0.0,"damage_taken":0.0},{"damage_healed":0.0,"max_hp_gain":0.0,"max_hp_loss":0.0,"gold_gain":0.0,"event_name":"Upgrade Shrine","player_choice":"Upgraded","floor":8.0,"gold_loss":0.0,"damage_taken":0.0,"cards_upgraded":["Chrysalis"]}],"is_beta":false,"boss_relics":[],"items_purged_floors":[],"is_endless":false,"potions_floor_spawned":[7],"killed_by":"Gremlin Nob","ascension_level":20}}