{"host":"t574sm73kex1j5cr","time":1609413729,"event":{"mods":["BaseMod","Downfall","Duelist Mod","Hubris","Infinite Spire","Minty Spire (QoL Compilation)","Replay The Spire","StSLib","Td1madao Mod","The Animator","The Bug Knight","The Cursed"],"gold_per_floor":[109,36,361,134,164,164,215,215,240,515,515,515,515],"floor_reached":12,"playtime":1163,"items_purged":["animator:Defend_HitsugiNoChaika"],"score":81,"play_id":"4f9053fd-7be9-46ca-92a1-d1464f163b8c","local_time":"20201231062209","is_ascension_mode":true,"campfire_choices":[{"data":"animator:Rider","floor":6,"key":"SMITH"},{"data":"animator:Albedo","floor":8,"key":"SMITH"},{"data":"animator:Strike_Fate","floor":11,"key":"SMITH"}],"circlet_count":0,"master_deck":["animator:Strike_Fate","animator:Defend_Fate","animator:Alexander","animator:Rider+1","animator:Gilgamesh+4","animator:Priestess","animator:Strike_Fate+1","animator:Strike_OwariNoSeraph","animator:Strike_MadokaMagica","animator:Defend_Elsword","animator:Defend_OnePunchMan","animator:Shigure","animator:Albedo+1","Regret"],"relics":["animator:LivingPicture","animator:TheMissingPiece","animator:PurgingStone","Old Coin","Blue Doll","infinitespire:WardingShard","Mummified Hand"],"acts_visited":["Exordium"],"potions_floor_usage":[7],"damage_taken":[{"damage":5,"enemies":"Small Slimes","floor":1,"turns":3},{"damage":0,"enemies":"Cultist","floor":5,"turns":3},{"damage":42,"enemies":"Lagavulin","floor":7,"turns":13},{"damage":13,"enemies":"3 Sentries","floor":12,"turns":7}],"seed_played":"4173957219003581428","potions_obtained":[{"floor":5,"key":"Adrenaline Potion"}],"is_trial":false,"path_per_floor":["M","?","T","$","M","R","E","R","T","?","R","E"],"character_chosen":"THE_ANIMATOR","items_purchased":["Blue Doll"],"campfire_rested":0,"item_purchase_floors":[4],"current_hp_per_floor":[55,55,55,55,55,55,13,13,13,13,13,0,0],"gold":515,"neow_bonus":"THREE_RARE_CARDS","is_daily":false,"chose_seed":false,"campfire_upgraded":3,"win_rate":0.0,"timestamp":1609413729,"path_taken":["M","?","?","$","M","R","E","R","T","?","R","E"],"items_purchased_type":["Relic"],"build_version":"2020-12-22","purchased_purges":1,"victory":false,"max_hp_per_floor":[60,60,60,60,60,60,60,60,60,60,60,60,60],"card_choices":[{"not_picked":["animator:Hans","animator:Kyubey"],"picked":"animator:Gilgamesh","floor":0},{"not_picked":["animator:Yoichi","animator:Tyuule"],"picked":"animator:Priestess","floor":1},{"not_picked":["animator:YunYun","animator:Tet"],"picked":"animator:Shigure","floor":5},{"not_picked":["animator:IzunaHatsuse","animator:Hitei"],"picked":"animator:Albedo","floor":7}],"player_experience":135790,"relics_obtained":[{"floor":3,"key":"Old Coin"},{"floor":7,"key":"infinitespire:WardingShard"},{"floor":9,"key":"Mummified Hand"}],"event_choices":[{"damage_healed":0,"gold_gain":275,"player_choice":"Desecrate","damage_taken":0,"max_hp_gain":0,"max_hp_loss":0,"event_name":"Golden Shrine","floor":10,"gold_loss":0,"cards_obtained":["Regret"]}],"is_beta":false,"boss_relics":[],"items_purged_floors":[4],"is_endless":false,"potions_floor_spawned":[5],"killed_by":"3 Sentries","ascension_level":2}}