{"host":"kmq7aw60w430zvtx","time":1609375371,"event":{"mods":["BaseMod","Downfall","GifTheSpireLib","Hermit","Hubris","Minty Spire (QoL Compilation)","Replay The Spire","StSLib","The Construct","The Cursed","The Hierophant","The Jungle","The Necromancer","The Runesmith"],"gold_per_floor":[119,134,209,221,25,25,55,73,96,151,151,179,190,201,201,299,299,317,333,62,62,75,75,104,6,6,6,35,49,65,96,96,197,197,212,212,232,77,87,87,87],"floor_reached":40,"playtime":3172,"items_purged":["Defend_R"],"score":660,"play_id":"a3cd80da-81a6-411c-88a0-c316de7bcabb","local_time":"20201231014251","is_ascension_mode":true,"campfire_choices":[{"data":"expansioncontent:DashGenerateEvil","floor":6,"key":"SMITH"},{"floor":11,"key":"RECALL"},{"data":"expansioncontent:ChargeUp","floor":15,"key":"SMITH"},{"data":"Armaments","floor":23,"key":"SMITH"},{"data":"Rage","floor":27,"key":"SMITH"},{"floor":32,"key":"REST"}],"circlet_count":0,"master_deck":["Strike_R","Strike_R","Strike_R","Strike_R","Defend_R","Defend_R","Defend_R","Bash","expansioncontent:DashGenerateEvil+1","Flex","Shrug It Off","Armaments+1","Cleave+1","expansioncontent:ChargeUp+1","Inflame","Anger","hubris:ReadiedAction","Run Through","ReplayReversal","Heavy Blade","Feed+1","Headbutt","Spot Weakness","Armaments+1","Rage+1","hubris:SharpeningStone","expansioncontent:Flail","Replay:Undeath\u0027s Touch","Cleave","Shrug It Off","Reaper+1","Headbutt+1","Thunderclap+1"],"relics":["Burning Blood","Replay:Ringing Soul","Bag of Preparation","hubris:DeckOfHolding","Oddly Smooth Stone","Replay:Bronze Core","Snack Pack","hubris:PeanutButter","hubris:MysteriousPyramids","Counterbalance","construct:WeddingRing","Guide Book"],"acts_visited":["Exordium","TheCity","TheBeyond"],"potions_floor_usage":[7,12,16,16,16,24,28,29,37],"damage_taken":[{"damage":0,"enemies":"Jaw Worm","floor":1,"turns":2},{"damage":3,"enemies":"Small Slimes","floor":2,"turns":3},{"damage":0,"enemies":"2 Louse","floor":4,"turns":3},{"damage":6,"enemies":"Replay:BlueRogue","floor":7,"turns":4},{"damage":1,"enemies":"Red Slaver","floor":8,"turns":3},{"damage":0,"enemies":"3 Sentries","floor":12,"turns":4},{"damage":0,"enemies":"Exordium Wildlife","floor":13,"turns":2},{"damage":0,"enemies":"Lots of Slimes","floor":14,"turns":2},{"damage":17,"enemies":"Hexaghost","floor":16,"turns":9},{"damage":6,"enemies":"2 Thieves","floor":18,"turns":4},{"damage":14,"enemies":"Shell Parasite","floor":19,"turns":4},{"damage":42,"enemies":"3 Cultists","floor":22,"turns":6},{"damage":11,"enemies":"Book of Stabbing","floor":24,"turns":5},{"damage":0,"enemies":"Gremlin Leader","floor":28,"turns":5},{"damage":29,"enemies":"Chosen and Byrds","floor":29,"turns":7},{"damage":6,"enemies":"Shelled Parasite and Fungi","floor":30,"turns":6},{"damage":40,"enemies":"Book of Stabbing","floor":31,"turns":6},{"damage":16,"enemies":"Automaton","floor":33,"turns":9},{"damage":0,"enemies":"Orb Walker","floor":35,"turns":3},{"damage":9,"enemies":"3 Shapes","floor":37,"turns":3},{"damage":42,"enemies":"Spire Growth","floor":39,"turns":4},{"damage":136,"enemies":"Giant Head","floor":40,"turns":9}],"seed_played":"-2902002548274661200","potions_obtained":[{"floor":1,"key":"DistilledChaos"},{"floor":7,"key":"PowerPotion"},{"floor":8,"key":"DistilledChaos"},{"floor":10,"key":"SpeedPotion"},{"floor":13,"key":"SpeedPotion"},{"floor":18,"key":"construct:ShiftPotion"},{"floor":22,"key":"SteroidPotion"},{"floor":24,"key":"SpeedPotion"},{"floor":36,"key":"Elixir"},{"floor":36,"key":"Doom Potion"},{"floor":36,"key":"LifebloodPotion"}],"is_trial":false,"path_per_floor":["M","M","?","M","$","R","E","M","T","?","R","E","M","M","R","B",null,"M","M","$","?","M","R","E","$","T","R","E","M","M","E","R","B",null,"M","?","M","$","M","E"],"character_chosen":"IRONCLAD","items_purchased":["Cleave+1","expansioncontent:ChargeUp","Armaments+1","Snack Pack","expansioncontent:Flail","Guide Book"],"campfire_rested":1,"item_purchase_floors":[5,5,20,20,25,38],"current_hp_per_floor":[72,72,61,67,67,67,70,78,78,50,50,59,68,77,77,69,93,96,91,94,94,61,61,61,64,64,64,73,56,61,36,72,74,126,129,129,132,132,100,0,0],"gold":87,"neow_bonus":"RANDOM_COLORLESS_2","is_daily":false,"chose_seed":false,"campfire_upgraded":4,"win_rate":0.0,"timestamp":1609375371,"path_taken":["M","M","?","M","$","R","E","M","T","?","R","E","M","?","R","BOSS","M","M","$","?","?","R","E","$","T","R","E","M","M","E","R","BOSS","M","?","M","$","M","E"],"items_purchased_type":["Card","Card","Card","Relic","Card","Relic"],"build_version":"2020-12-22","purchased_purges":1,"victory":false,"max_hp_per_floor":[72,72,72,72,72,72,75,78,78,81,81,84,87,90,90,93,93,96,99,102,102,105,105,108,111,111,111,114,114,117,120,120,126,126,129,129,132,132,132,132,132],"card_choices":[{"not_picked":["The Bomb","Crow Ritual"],"picked":"expansioncontent:DashGenerateEvil","floor":0},{"not_picked":["ReplayTheSpireMod:Stacked","Run Through"],"picked":"Flex","floor":1},{"not_picked":["Warcry","Run Through"],"picked":"Shrug It Off","floor":2},{"not_picked":["Headbutt","Warcry"],"picked":"Armaments","floor":4},{"not_picked":["hubris:StunningStrike","Pommel Strike"],"picked":"Inflame","floor":7},{"not_picked":["Replay:Undeath\u0027s Touch","Burning Pact"],"picked":"Anger","floor":8},{"not_picked":["True Grit","Replay:Undeath\u0027s Touch"],"picked":"hubris:ReadiedAction","floor":10},{"not_picked":["ReplayTheSpireMod:Limb From Limb","Warcry"],"picked":"Run Through","floor":12},{"not_picked":["Demon Form","Flex"],"picked":"ReplayReversal","floor":13},{"not_picked":["Wild Strike","Shrug It Off"],"picked":"Heavy Blade","floor":14},{"not_picked":["Offering","Double Tap"],"picked":"Feed","floor":16},{"not_picked":["True Grit","Massacre"],"picked":"Headbutt","floor":18},{"not_picked":["Feel No Pain","Power Through+1"],"picked":"Spot Weakness","floor":19},{"not_picked":["Heavy Blade","Armaments"],"picked":"Rage","floor":22},{"not_picked":["hubris:ReadiedAction","Cleave+1"],"picked":"hubris:SharpeningStone","floor":24},{"not_picked":["Twin Strike","Pommel Strike"],"picked":"Replay:Undeath\u0027s Touch","floor":28},{"not_picked":["Warcry","Sever Soul","Anger"],"picked":"SKIP","floor":29},{"not_picked":["Headbutt","Sever Soul"],"picked":"Cleave","floor":30},{"not_picked":["Havoc","Offering"],"picked":"Shrug It Off","floor":31},{"not_picked":["Demon Form","hubris:StunningStrike"],"picked":"Reaper","floor":33},{"not_picked":["Clash","Anger+1"],"picked":"Headbutt+1","floor":35},{"not_picked":["Flex","Shrug It Off"],"picked":"Thunderclap+1","floor":37},{"not_picked":["Wild Strike","Perfected Strike","Feel No Pain+1"],"picked":"SKIP","floor":39}],"player_experience":265579,"relics_obtained":[{"floor":7,"key":"Replay:Ringing Soul"},{"floor":9,"key":"Bag of Preparation"},{"floor":10,"key":"hubris:DeckOfHolding"},{"floor":12,"key":"Oddly Smooth Stone"},{"floor":24,"key":"hubris:PeanutButter"},{"floor":28,"key":"hubris:MysteriousPyramids"},{"floor":31,"key":"Counterbalance"}],"event_choices":[{"damage_healed":0,"gold_gain":75,"player_choice":"Gather Gold","damage_taken":11,"max_hp_gain":0,"max_hp_loss":0,"event_name":"World of Goop","floor":3,"gold_loss":0},{"cards_removed":["Strike_R"],"damage_healed":0,"gold_gain":0,"player_choice":"Purged","damage_taken":0,"max_hp_gain":0,"max_hp_loss":0,"event_name":"Purifier","floor":21,"gold_loss":0},{"damage_healed":0,"gold_gain":0,"player_choice":"Got Potions","damage_taken":0,"max_hp_gain":0,"max_hp_loss":0,"event_name":"Lab","floor":36,"gold_loss":0}],"is_beta":false,"boss_relics":[{"not_picked":["Runic Dome","Astrolabe"],"picked":"Replay:Bronze Core"},{"not_picked":["Busted Crown","Runic Pyramid"],"picked":"construct:WeddingRing"}],"items_purged_floors":[5],"is_endless":false,"potions_floor_spawned":[1,7,8,13,18,22,24],"killed_by":"Giant Head","ascension_level":4}}