{"host":"rmxeoilydwnfa1ap","time":1609411796,"event":{"mods":["2.2 Compatiblity","BaseMod","Better Third Choice","BetterRewards","Defuse TimeMaze Blight","HololiveMod","Hubris","Humility","Minty Spire (QoL Compilation)","Rare Cards Sparkle","Remove Card Discount Mod","Shop Mod","Spicy Shops","StSLib","¡¾ÒÅÎï¿¨ÅÆ¡¿REMEMod"],"gold_per_floor":[84,84,84,62,62,62,62,62,85,85,85,85,85,111,111,216,216,227,117,128,140,140,140,140,156,156,205,205,228,228,244,244,342,342,361,361,361,215,215,215,225,225,250,250,250,263,263,277,277,382,382,402,421,285,285,303,303,303,303,374,404,404,404,479,523,523,651,651,676,692,692,692,692,701,701,701,754,769,769,278,278,301,301,448,448,467,467,350,422,391,391,391,391,391],"floor_reached":93,"playtime":2190,"items_purged":["Hololive_DiamondStrike","Hololive_WolfAndLamb","Hololive_FlareMind","Hololive_DurableLive","Hololive_Recruit","Hololive_ScarfAndHalo","Hololive_AWSL","Hololive_ASMR","Hololive_BeCareful","Hololive_OpenUp","Hololive_StarCraft"],"score":1718,"play_id":"6f5835a1-e0d0-424d-89d1-a55e278ed212","local_time":"20201231184956","daily_mods":["SealedDeck","Shiny","Vintage","Heirloom","Time Dilation","Flight","Elite Swarm"],"is_ascension_mode":false,"campfire_choices":[{"data":"Hololive_Nanodesu","floor":6.0,"key":"SMITH"},{"data":"Hololive_CallHoushouMarine","floor":7.0,"key":"SMITH"},{"data":"Hololive_Thief","floor":8.0,"key":"SMITH"},{"data":"Hololive_CallFriendA","floor":10.0,"key":"SMITH"},{"data":"Hololive_CocoNews","floor":11.0,"key":"SMITH"},{"data":"Hololive_HighAtkLowDef","floor":13.0,"key":"SMITH"},{"data":"Hololive_MaximGun","floor":15.0,"key":"SMITH"},{"data":"Hololive_IdolExercise","floor":23.0,"key":"SMITH"},{"data":"Hololive_Nanodesu","floor":24.0,"key":"SMITH"},{"data":"Hololive_CallUruhaRushia","floor":28.0,"key":"SMITH"},{"data":"Hololive_CallTokinoSora","floor":32.0,"key":"SMITH"},{"data":"Hololive_IdolExercise","floor":45,"key":"SMITH"},{"data":"Hololive_CocoNews","floor":47,"key":"SMITH"},{"floor":49,"key":"REST"},{"data":"Hololive_Thief","floor":57,"key":"SMITH"},{"data":"Hololive_FlyingPonyTail","floor":58,"key":"SMITH"},{"data":"Hololive_CallTsunomakiWatame","floor":59,"key":"SMITH"},{"data":"Hololive_CallMurasakiShion","floor":62,"key":"SMITH"},{"data":"Hololive_Rebound","floor":66,"key":"SMITH"},{"floor":74,"key":"REST"},{"floor":75,"key":"REST"},{"data":"Hololive_Nanodesu","floor":79,"key":"SMITH"},{"floor":81,"key":"REST"},{"floor":83,"key":"REST"},{"floor":91,"key":"REST"},{"floor":92,"key":"REST"},{"floor":93,"key":"REST"}],"circlet_count":0,"master_deck":["Hololive_Thief+1","Hololive_DDD+1","Hololive_Rebirth+1","Hololive_MaximGun+1","Hololive_IdolExercise+1","Hololive_Nanodesu+1","Hololive_CocoNews+1","Hololive_CallKiryuuCoco","Hololive_CallHoushouMarine+1","Hololive_FlyingPonyTail+1","Hololive_CocoNews+1","Hololive_CallUruhaRushia+1","Hololive_CallMomosuzuNene+10","Hololive_CallAyundaRisu","Hololive_CallTokinoSora+1","Hololive_CallFriendA+1","Hololive_Nanodesu+1","Hololive_Rebound+1","Hololive_CallHoshimachiSuisei","Hololive_IdolExercise+1","Hololive_CallRoboco","Hololive_Thief+1","Hololive_CallMurasakiShion+1","Hololive_CallTsunomakiWatame+1","Hololive_Nanodesu+1","Hololive_CallUsadaPekora","Hololive_CallHimemoriLuna+1","Clumsy"],"relics":["Hololive_TheStar","REME_ComplimentaryCards","Ginger","Bottled Tornado","Prayer Wheel","Toy Ornithopter","hubris:Teleporter","hubris:SlimyHat","Thread and Needle","Hololive_FriedShrimpLion","hubris:Towel","Hololive_LightStick","Bag of Preparation","Incense Burner","Akabeko","hubris:ScarierMask","Meat on the Bone","Lantern","Regal Pillow","Turnip","CeramicFish","Bottled Flame","War Paint","The Courier","Pantograph","Blood Vial","Toxic Egg 2","hubris:SphereOfDissonance","Ice Cream","Golden Idol","Dream Catcher","Happy Flower","Pear","hubris:CrystalStatue","Anchor","Vajra","Whetstone","hubris:Backtick","Membership Card","Oddly Smooth Stone","Girya","Shovel","Bottled Lightning"],"acts_visited":["TheCity","TheBeyond","Exordium","TheCity","TheBeyond"],"potions_floor_usage":[50,77],"damage_taken":[{"damage":0.0,"enemies":"Jaw Worm","floor":1.0,"turns":3.0},{"damage":0.0,"enemies":"3 Sentries","floor":14.0,"turns":4.0},{"damage":0.0,"enemies":"Hexaghost","floor":16.0,"turns":2.0},{"damage":0.0,"enemies":"Shell Parasite","floor":18.0,"turns":2.0},{"damage":0.0,"enemies":"Chosen","floor":20.0,"turns":3.0},{"damage":0.0,"enemies":"Shelled Parasite and Fungi","floor":21.0,"turns":2.0},{"damage":0.0,"enemies":"Snake Plant","floor":25.0,"turns":2.0},{"damage":0.0,"enemies":"Centurion and Healer","floor":29.0,"turns":2.0},{"damage":0.0,"enemies":"3 Cultists","floor":31.0,"turns":2.0},{"damage":0.0,"enemies":"hubris:MusketHawk","floor":33.0,"turns":3.0},{"damage":0.0,"enemies":"Orb Walker","floor":35.0,"turns":1.0},{"damage":0.0,"enemies":"3 Shapes","floor":41.0,"turns":2.0},{"damage":0,"enemies":"Transient","floor":46,"turns":6},{"damage":0,"enemies":"Sphere and 2 Shapes","floor":48,"turns":2},{"damage":0,"enemies":"Awakened One","floor":50,"turns":6},{"damage":0,"enemies":"Jaw Worm","floor":52,"turns":1},{"damage":0,"enemies":"2 Louse","floor":53,"turns":1},{"damage":0,"enemies":"Cultist","floor":56,"turns":1},{"damage":0,"enemies":"Gremlin Nob","floor":65,"turns":1},{"damage":0,"enemies":"The Guardian","floor":67,"turns":3},{"damage":0,"enemies":"2 Thieves","floor":69,"turns":1},{"damage":0,"enemies":"Chosen","floor":70,"turns":1},{"damage":0,"enemies":"Gremlin Leader","floor":77,"turns":2},{"damage":0,"enemies":"Centurion and Healer","floor":78,"turns":2},{"damage":0,"enemies":"Sentry and Sphere","floor":82,"turns":1},{"damage":0,"enemies":"Champ","floor":84,"turns":3},{"damage":0,"enemies":"3 Darklings","floor":86,"turns":2},{"damage":0,"enemies":"Mind Bloom Boss Battle","floor":89,"turns":3},{"damage":0,"enemies":"Mind Bloom Boss Battle","floor":89,"turns":2}],"seed_played":"8063912157381577436","potions_obtained":[{"floor":12.0,"key":"GamblersBrew"},{"floor":14.0,"key":"Explosive Potion"},{"floor":16.0,"key":"FairyPotion"},{"floor":46,"key":"Energy Potion"},{"floor":56,"key":"Energy Potion"},{"floor":77,"key":"Fruit Juice"},{"floor":78,"key":"DistilledChaos"}],"is_trial":true,"path_per_floor":["M","?","T","$","?","R","R","R","T","R","R","?","R","E","R","B",null,"M","$","M","M","?","R","R","M","T","T","R","M","?","M","R","B",null,"M","?","?","$","T","?","M","?","T","$","R","M","R","M","R","B",null,"M","M","$","?","M","R","R","R","T","?","R","?","?","E","R","B",null,"M","M","?","$","$","R","R","?","E","M","R","$","R","M","R","B",null,"M","?","$","?","$","R","R","R"],"character_chosen":"Hololive_HololiveCharacter","items_purchased":["Hololive_Rebound","Hololive_CallHoshimachiSuisei","Lantern","Bottled Flame","Hololive_CallMurasakiShion","Hololive_CallTsunomakiWatame","Hololive_CallUsadaPekora","hubris:CrystalStatue","Anchor","Vajra","Girya","Bottled Lightning"],"campfire_rested":8,"item_purchase_floors":[19,19,38,44,54,54,80,80,80,80,88,90],"current_hp_per_floor":[36,36,36,36,41,41,41,41,41,41,41,41,41,41,41,41,41,41,41,41,41,41,41,41,41,41,41,41,41,41,41,41,41,41,41,41,41,41,41,38,38,38,38,22,22,22,22,22,41,41,41,41,41,41,51,51,51,51,51,51,51,51,47,36,38,38,47,47,47,47,40,40,40,52,52,52,57,67,67,67,67,67,67,67,67,67,67,67,67,67,67,67,67,67],"gold":391,"neow_bonus":"","is_daily":false,"chose_seed":false,"campfire_upgraded":19,"win_rate":0.0,"timestamp":1609411796,"path_taken":["M","?","?","$","?","R","R","R","T","R","R","?","R","E","R","BOSS","M","$","?","?","?","R","R","M","T","?","R","M","?","?","R","BOSS","M","?","?","$","?","?","?","?","T","?","R","?","R","M","R","BOSS","M","M","$","?","?","R","R","R","T","?","R","?","?","?","R","BOSS","M","M","?","$","$","R","R","?","E","?","R","$","R","M","R","BOSS","M","?","$","?","$","R","R","R"],"items_purchased_type":["Card","Card","Relic","Relic","Card","Card","Card","Relic","Relic","Relic","Relic","Relic"],"build_version":"2020-12-22","purchased_purges":11,"victory":false,"max_hp_per_floor":[36,36,36,36,41,41,41,41,41,41,41,41,41,41,41,41,41,41,41,41,41,41,41,41,41,41,41,41,41,41,41,41,41,41,41,41,41,41,41,41,41,41,41,41,41,41,41,41,41,41,41,41,41,41,51,51,51,51,51,51,51,51,47,47,47,47,47,47,47,47,52,52,52,52,52,52,57,67,67,67,67,67,67,67,67,67,67,67,67,67,67,67,67,67],"card_choices":[{"not_picked":["Hololive_AWSL","Hololive_DDD","Hololive_StarCraft","Hololive_Rebirth"],"picked":"SKIP","floor":14.0},{"not_picked":["Hololive_WolfAndLamb","Hololive_OpenUp","Hololive_BeCareful"],"picked":"Hololive_Nanodesu","floor":16.0},{"not_picked":["Hololive_DDD","Hololive_DiamondStrike","Hololive_AWSL"],"picked":"Hololive_IdolExercise","floor":33.0},{"not_picked":["Hololive_MaximGun","Hololive_AWSL","Hololive_DurableLive"],"picked":"Hololive_Thief","floor":50},{"not_picked":["Hololive_Rebirth+1","Hololive_Recruit+1","Hololive_DurableLive+1","Hololive_StarCraft+1"],"picked":"SKIP","floor":65},{"not_picked":["Hololive_HuntDinosaur+1","Hololive_Psychosis+1","Hololive_Drill"],"picked":"Hololive_StrengthChampion","floor":74},{"not_picked":["Hololive_HighAtkLowDef+1","Hololive_FlareMind+1","Hololive_BeCareful+1"],"picked":"Hololive_Nanodesu","floor":77},{"not_picked":["Hololive_Drill","Hololive_CallNatsuiroMatsuri+1","Hololive_CallYogiri"],"picked":"Hololive_CallHimemoriLuna+1","floor":89}],"player_experience":59806,"relics_obtained":[{"floor":1.0,"key":"Bottled Tornado"},{"floor":3.0,"key":"Prayer Wheel"},{"floor":9.0,"key":"Toy Ornithopter"},{"floor":14.0,"key":"hubris:Teleporter"},{"floor":18.0,"key":"hubris:SlimyHat"},{"floor":20.0,"key":"Thread and Needle"},{"floor":21.0,"key":"Hololive_FriedShrimpLion"},{"floor":25.0,"key":"Hololive_LightStick"},{"floor":27.0,"key":"Bag of Preparation"},{"floor":29.0,"key":"Incense Burner"},{"floor":31.0,"key":"Akabeko"},{"floor":35.0,"key":"Meat on the Bone"},{"floor":39.0,"key":"Regal Pillow"},{"floor":41.0,"key":"Turnip"},{"floor":43.0,"key":"CeramicFish"},{"floor":46,"key":"War Paint"},{"floor":48,"key":"The Courier"},{"floor":52,"key":"Pantograph"},{"floor":53,"key":"Blood Vial"},{"floor":56,"key":"Toxic Egg 2"},{"floor":60,"key":"hubris:SphereOfDissonance"},{"floor":69,"key":"Dream Catcher"},{"floor":70,"key":"Happy Flower"},{"floor":78,"key":"Pear"},{"floor":82,"key":"Whetstone"},{"floor":86,"key":"Oddly Smooth Stone"},{"floor":89,"key":"Shovel"}],"event_choices":[{"damage_healed":0.0,"max_hp_gain":0.0,"max_hp_loss":0.0,"gold_gain":0.0,"event_name":"The Cleric","player_choice":"Leave","floor":2.0,"gold_loss":0.0,"damage_taken":0.0},{"damage_healed":0.0,"max_hp_gain":5.0,"max_hp_loss":0.0,"gold_gain":0.0,"event_name":"Big Fish","player_choice":"Donut","floor":5.0,"gold_loss":0.0,"damage_taken":0.0},{"damage_healed":0.0,"max_hp_gain":0.0,"max_hp_loss":0.0,"gold_gain":0.0,"event_name":"Lab","player_choice":"Got Potions","floor":12.0,"gold_loss":0.0,"damage_taken":0.0},{"damage_healed":0.0,"max_hp_gain":0.0,"max_hp_loss":0.0,"gold_gain":0.0,"event_name":"Purifier","player_choice":"Ignored","floor":30.0,"gold_loss":0.0,"damage_taken":0.0},{"damage_healed":0.0,"max_hp_gain":0.0,"max_hp_loss":0.0,"gold_gain":0.0,"event_name":"SensoryStone","player_choice":"Memory 1","floor":36.0,"gold_loss":0.0,"damage_taken":0.0},{"damage_healed":0.0,"max_hp_gain":0.0,"max_hp_loss":0.0,"gold_gain":0.0,"event_name":"Designer","player_choice":"Punched","floor":40.0,"gold_loss":0.0,"damage_taken":3.0},{"damage_healed":0.0,"max_hp_gain":0.0,"max_hp_loss":0.0,"gold_gain":0.0,"event_name":"Duplicator","player_choice":"Ignored","floor":42.0,"gold_loss":0.0,"damage_taken":0.0},{"cards_removed":["Hololive_HighAtkLowDef"],"damage_healed":0,"gold_gain":0,"player_choice":"Offered Rare","damage_taken":0,"max_hp_gain":10,"max_hp_loss":0,"event_name":"Bonfire Elementals","floor":55,"gold_loss":0},{"damage_healed":0,"gold_gain":30,"player_choice":"Searched \u00273\u0027 times","damage_taken":0,"relics_obtained":["Ice Cream"],"max_hp_gain":0,"max_hp_loss":0,"event_name":"Dead Adventurer","floor":61,"gold_loss":0},{"damage_healed":0,"gold_gain":0,"player_choice":"Lose Max HP","damage_taken":0,"relics_obtained":["Golden Idol"],"max_hp_gain":0,"max_hp_loss":4,"event_name":"Golden Idol","floor":63,"gold_loss":0},{"damage_healed":0,"gold_gain":75,"player_choice":"Gold","damage_taken":11,"max_hp_gain":1,"max_hp_loss":0,"event_name":"betterThird:BetterGoop","floor":64,"gold_loss":0},{"damage_healed":0,"gold_gain":0,"player_choice":"Shed Blood","damage_taken":12,"max_hp_gain":5,"max_hp_loss":0,"event_name":"Forgotten Altar","floor":71,"gold_loss":0},{"damage_healed":0,"gold_gain":0,"player_choice":"Ignored","damage_taken":0,"max_hp_gain":0,"max_hp_loss":0,"event_name":"WeMeetAgain","floor":76,"gold_loss":0},{"cards_removed":["Hololive_StrengthChampion"],"damage_healed":0,"gold_gain":0,"player_choice":"Removed Attack","damage_taken":0,"max_hp_gain":0,"max_hp_loss":0,"event_name":"Falling","floor":87,"gold_loss":0},{"damage_healed":0,"gold_gain":0,"player_choice":"Fight","damage_taken":0,"max_hp_gain":0,"max_hp_loss":0,"event_name":"MindBloom","floor":89,"gold_loss":0}],"is_beta":false,"boss_relics":[{"not_picked":["Calling Bell","Snecko Eye","Coffee Dripper"]},{"not_picked":["Astrolabe","REME_DuelDisc"],"picked":"hubris:ScarierMask"},{"not_picked":["REME_ChargedStone","hubris:VirtuousBlindfold","hubris:GrandSneckoEye"]},{"not_picked":["Hololive_ChaosS","hubris:BlackHole","REME_ChargedStone"]},{"not_picked":["hubris:RunicObelisk","hubris:GrandSneckoEye"],"picked":"hubris:Backtick"}],"items_purged_floors":[4,4,4,4,4,4,4,4,4,4,4],"is_endless":true,"potions_floor_spawned":[14,16,18,21,29,31,33,46,50,52,56,65,70,77,78,84,89],"ascension_level":0}}