{"host":"w3x3n9s6mrz4xpf0","time":1609423402,"event":{"mods":["BaseMod","Minty Spire (QoL Compilation)","StSLib","SuperFastMode"],"gold_per_floor":[117,117,129,143,143,143,173,16,66,66,78,95,95,10,10,106,106,125,125,140,140,152,182,182,210,210,245,245,257,257,172,172,273,273,286,286,186,186,198,209,84,84,84,84,84,84,84,97,97,97],"floor_reached":51,"playtime":1660,"items_purged":["Strike_G","Strike_G+1","Strike_G+1"],"score":1223,"play_id":"4274b5e7-0ca9-4f56-8fa5-0c4ac077d99f","local_time":"20201231230322","is_ascension_mode":true,"campfire_choices":[{"data":"Poisoned Stab","floor":6.0,"key":"SMITH"},{"data":"Dash","floor":10.0,"key":"SMITH"},{"data":"Adrenaline","floor":13.0,"key":"SMITH"},{"data":"Neutralize","floor":15.0,"key":"SMITH"},{"floor":24,"key":"REST"},{"data":"Well Laid Plans","floor":28,"key":"SMITH"},{"data":"Corpse Explosion","floor":30,"key":"SMITH"},{"data":"PiercingWail","floor":32,"key":"SMITH"},{"data":"Night Terror","floor":42,"key":"SMITH"},{"data":"Flash of Steel","floor":44,"key":"SMITH"},{"data":"Deflect","floor":46,"key":"SMITH"},{"data":"Survivor","floor":49,"key":"SMITH"}],"circlet_count":0,"master_deck":["AscendersBane","Defend_G","Defend_G","Defend_G","Defend_G","Survivor+1","Neutralize+1","Deflect+1","Poisoned Stab+1","Adrenaline+1","PiercingWail+1","Dash+1","Flash of Steel+1","Corpse Explosion+1","Dagger Throw+1","Crippling Poison+1","Well Laid Plans+1","Night Terror+1"],"relics":["SacredBark","Orichalcum","Potion Belt","Astrolabe","InkBottle","PreservedInsect","Whetstone","Ginger","Strawberry","HornCleat","Runic Dome","Pear","The Courier"],"acts_visited":["Exordium","TheCity","TheBeyond"],"potions_floor_usage":[16,16,23,25,33,33,33,50],"damage_taken":[{"damage":5.0,"enemies":"Small Slimes","floor":1.0,"turns":3.0},{"damage":19.0,"enemies":"Jaw Worm","floor":3.0,"turns":12.0},{"damage":0.0,"enemies":"Cultist","floor":4.0,"turns":4.0},{"damage":35.0,"enemies":"3 Sentries","floor":7.0,"turns":12.0},{"damage":0.0,"enemies":"Red Slaver","floor":11.0,"turns":4.0},{"damage":2.0,"enemies":"3 Louse","floor":12.0,"turns":5.0},{"damage":6,"enemies":"Slime Boss","floor":16,"turns":7},{"damage":4,"enemies":"Chosen","floor":18,"turns":5},{"damage":12,"enemies":"2 Thieves","floor":20,"turns":3},{"damage":1,"enemies":"Cultist and Chosen","floor":22,"turns":5},{"damage":18,"enemies":"Slavers","floor":23,"turns":3},{"damage":6,"enemies":"Book of Stabbing","floor":25,"turns":4},{"damage":9,"enemies":"Gremlin Leader","floor":27,"turns":6},{"damage":4,"enemies":"3 Cultists","floor":29,"turns":3},{"damage":13,"enemies":"Collector","floor":33,"turns":8},{"damage":6,"enemies":"3 Darklings","floor":35,"turns":3},{"damage":2,"enemies":"Orb Walker","floor":39,"turns":4},{"damage":18,"enemies":"Writhing Mass","floor":40,"turns":6},{"damage":9,"enemies":"Spire Growth","floor":48,"turns":4},{"damage":40,"enemies":"Donu and Deca","floor":50,"turns":7}],"seed_played":"-1332827173517375296","potions_obtained":[{"floor":7.0,"key":"Strength Potion"},{"floor":11.0,"key":"Poison Potion"},{"floor":16,"key":"BlessingOfTheForge"},{"floor":18,"key":"LiquidBronze"},{"floor":20,"key":"Weak Potion"},{"floor":23,"key":"Block Potion"},{"floor":29,"key":"CultistPotion"},{"floor":48,"key":"SpeedPotion"}],"is_trial":false,"path_per_floor":["M","?","M","M","?","R","E","$","T","R","M","M","R","$","R","B",null,"M","T","M","?","M","E","R","E","T","E","R","M","R","?","R","B",null,"M","?","$","?","M","M","$","R","T","R","?","R","$","M","R","B",null],"character_chosen":"THE_SILENT","items_purchased":["Dash","Flash of Steel"],"campfire_rested":1,"item_purchase_floors":[8,14],"current_hp_per_floor":[58,58,39,39,44,44,9,9,9,9,9,7,7,7,7,1,57,53,53,41,41,40,22,44,38,38,36,36,32,32,32,32,19,66,60,70,70,70,68,50,50,50,50,50,50,50,50,41,41,1],"gold":97,"neow_bonus":"BOSS_RELIC","is_daily":false,"chose_seed":false,"campfire_upgraded":11,"win_rate":0.0,"timestamp":1609423402,"path_taken":["M","?","M","M","?","R","E","?","T","R","M","?","R","$","R","BOSS","M","?","M","?","M","E","R","E","T","E","R","M","R","?","R","BOSS","M","?","?","?","M","M","$","R","T","R","?","R","?","M","R","BOSS"],"items_purchased_type":["Card","Card"],"build_version":"2020-12-22","purchased_purges":3,"victory":true,"max_hp_per_floor":[70,70,70,70,75,75,75,75,75,75,75,75,75,75,75,75,75,75,75,75,75,75,75,75,75,75,82,82,82,82,82,82,82,82,82,92,92,87,87,87,87,87,87,87,87,87,87,87,87,87],"card_choices":[{"not_picked":["Prepared","Dodge and Roll"],"picked":"Deflect","floor":1.0},{"not_picked":["Outmaneuver","Acrobatics"],"picked":"Poisoned Stab","floor":3.0},{"not_picked":["Escape Plan","Blade Dance"],"picked":"Adrenaline","floor":4.0},{"not_picked":["Skewer","Quick Slash"],"picked":"PiercingWail","floor":7.0},{"not_picked":["Dagger Spray","Concentrate","Acrobatics"],"picked":"SKIP","floor":11.0},{"not_picked":["Infinite Blades","Flying Knee","Sucker Punch"],"picked":"SKIP","floor":12.0},{"not_picked":["Envenom","Grand Finale"],"picked":"Corpse Explosion","floor":16},{"not_picked":["Dagger Spray","Cloak And Dagger"],"picked":"Backflip+1","floor":18},{"not_picked":["Flechettes","Poisoned Stab","Choke"],"picked":"SKIP","floor":20},{"not_picked":["Slice","Dagger Throw+1","Masterful Stab+1"],"picked":"SKIP","floor":22},{"not_picked":["Doppelganger","Quick Slash","Distraction"],"picked":"SKIP","floor":23},{"not_picked":["Dagger Throw+1","Underhanded Strike","Dodge and Roll"],"picked":"SKIP","floor":25},{"not_picked":["Expertise","A Thousand Cuts","PiercingWail"],"picked":"SKIP","floor":27},{"not_picked":["Caltrops","Bane","Calculated Gamble"],"picked":"SKIP","floor":29},{"not_picked":["Wraith Form v2","Corpse Explosion"],"picked":"Night Terror","floor":33},{"not_picked":["Bane+1","Poisoned Stab+1","Sucker Punch"],"picked":"SKIP","floor":35},{"not_picked":["Quick Slash","All Out Attack+1","Acrobatics"],"picked":"SKIP","floor":39},{"not_picked":["Blade Dance","Deflect+1","Underhanded Strike"],"picked":"SKIP","floor":40},{"not_picked":["Slice+1","Sucker Punch+1","Dagger Throw"],"picked":"SKIP","floor":48}],"player_experience":85517,"relics_obtained":[{"floor":7.0,"key":"Orichalcum"},{"floor":9.0,"key":"Potion Belt"},{"floor":19,"key":"InkBottle"},{"floor":23,"key":"PreservedInsect"},{"floor":25,"key":"Whetstone"},{"floor":26,"key":"Ginger"},{"floor":27,"key":"Strawberry"},{"floor":43,"key":"The Courier"}],"event_choices":[{"damage_healed":0.0,"max_hp_gain":0.0,"max_hp_loss":0.0,"gold_gain":0.0,"event_name":"Liars Game","player_choice":"Ignored","floor":2.0,"gold_loss":0.0,"damage_taken":0.0},{"damage_healed":0.0,"max_hp_gain":5.0,"max_hp_loss":0.0,"gold_gain":0.0,"event_name":"Big Fish","player_choice":"Donut","floor":5.0,"gold_loss":0.0,"damage_taken":0.0},{"damage_healed":0,"gold_gain":0,"player_choice":"Read","damage_taken":0,"max_hp_gain":0,"max_hp_loss":0,"event_name":"The Library","floor":21,"gold_loss":0,"cards_obtained":["Well Laid Plans"]},{"damage_healed":0,"gold_gain":0,"player_choice":"Obtained Relic","damage_taken":0,"relics_obtained":["HornCleat"],"max_hp_gain":0,"max_hp_loss":0,"event_name":"Addict","floor":31,"gold_loss":85},{"cards_removed":["Escape Plan"],"damage_healed":0,"gold_gain":0,"player_choice":"Gave Card","damage_taken":0,"relics_obtained":["Pear"],"max_hp_gain":0,"max_hp_loss":0,"event_name":"WeMeetAgain","floor":36,"gold_loss":0},{"damage_healed":0,"gold_gain":0,"player_choice":"Max HP","damage_taken":0,"max_hp_gain":0,"max_hp_loss":5,"event_name":"Winding Halls","floor":38,"gold_loss":0},{"cards_removed":["Backflip"],"damage_healed":0,"gold_gain":0,"player_choice":"Removed Skill","damage_taken":0,"max_hp_gain":0,"max_hp_loss":0,"event_name":"Falling","floor":45,"gold_loss":0}],"is_beta":false,"boss_relics":[{"not_picked":["WristBlade","Snecko Eye"],"picked":"Astrolabe"},{"not_picked":["SlaversCollar","Runic Pyramid"],"picked":"Runic Dome"}],"items_purged_floors":[8,37,41],"is_endless":false,"potions_floor_spawned":[7,11,16,18,20,23,29,48],"ascension_level":11}}