{"host":"9kuc8qxv67wkis18","time":1609447658,"event":{"mods":["2.2 Compatiblity","AchievementEnabler","Aspiration","Astrologer","Bard","BaseMod","Beaked The Cultist","Bestiary","Better Note","Better Third Choice","Block Reminder","Challenge The Spire","ChefMod","Conspire","Curses Come First","GifTheSpireLib","Glutton Mod","Halation","Hermit","Highlight Path","Hubris","Infinite Spire","Jorbs\u0027s Wanderer Trilogy","Marked Mod","Melee Mod","Minty Spire (QoL Compilation)","Permanent Neow","Potionbrewer","Random Character Button","Rare Cards Sparkle","Replay The Spire","Shade Mod","Somnambulant","Spikes Relics","StSLib","Stuff the Spire","The Accelerator","The Blue Laboratory","The Caster","The Construct","The Cursed","The Disciple","The Florist","The Forsaken","The Hierophant","The Judge","The Juggle","The Jungle","The Marked","The Necromancer","The Showman","The Wild Card","TheArtist","Thieving Mod","everything is the same but u backflip on backflip","thorton","vexMod"],"gold_per_floor":[119,135,66,77,77,105,105,137,137,165,183,183,39,73,73,205,205,230,230,230,262,291,291,334,334,361,394,394,394,224,244,244,262,262],"floor_reached":33,"playtime":2942,"items_purged":["hermit:TakeCover","hermit:Maintenance+1"],"score":344,"play_id":"37daab79-f6bd-46fe-8f4f-a0f3080205d3","local_time":"20201231154738","is_ascension_mode":true,"campfire_choices":[{"data":"hermit:CursedWeapon","floor":7.0,"key":"SMITH"},{"floor":12,"key":"REST"},{"data":"hermit:HighCaliber","floor":15,"key":"SMITH"},{"floor":23,"key":"REST"},{"data":"hermit:Maintenance","floor":25,"key":"SMITH"},{"data":"RitualDagger","floor":32,"key":"SMITH"}],"circlet_count":0,"master_deck":["hermit:Strike_Hermit+1","hermit:Strike_Hermit+1","hermit:Strike_Hermit+1","hermit:Strike_Hermit+1","hermit:Defend_Hermit+1","hermit:Defend_Hermit+1","hermit:Defend_Hermit+1","hermit:Defend_Hermit+1","hermit:Snapshot","hermit:Covet","hermit:HighCaliber+1","hermit:CursedWeapon+1","hermit:Glare","hermit:Quickdraw","hermit:Shortfuse","hermit:CursedWeapon","hermit:BlackWind","RitualDagger+1","hermit:Shortfuse","hermit:Shortfuse"],"relics":["hermit:Momento","NeowsBlessing","infinitespire:Eraser","Bronze Scales","vexMod:ConsolationPrize","conspire:Flyswatter","halation:Toothbrush","halation:PromiseList","halation:KoshaPiece"],"acts_visited":["Exordium","TheCity"],"potions_floor_usage":[8,16,24,27,31],"damage_taken":[{"damage":0.0,"enemies":"Cultist","floor":1.0,"turns":1.0},{"damage":0.0,"enemies":"Jaw Worm","floor":2.0,"turns":1.0},{"damage":2.0,"enemies":"Small Slimes","floor":4.0,"turns":1.0},{"damage":14.0,"enemies":"3 Sentries","floor":6.0,"turns":15.0},{"damage":16,"enemies":"Lagavulin","floor":8,"turns":7},{"damage":10,"enemies":"Exordium Wildlife","floor":10,"turns":4},{"damage":2,"enemies":"Looter","floor":11,"turns":2},{"damage":8,"enemies":"3 Sentries","floor":14,"turns":4},{"damage":41,"enemies":"Hexaghost","floor":16,"turns":8},{"damage":14,"enemies":"Spheric Guardian","floor":18,"turns":3},{"damage":13,"enemies":"3 Byrds","floor":21,"turns":4},{"damage":12,"enemies":"Snecko","floor":22,"turns":3},{"damage":10,"enemies":"conspire:Head Lice","floor":24,"turns":5},{"damage":4,"enemies":"Replay:Snechameleon","floor":27,"turns":3},{"damage":4,"enemies":"Sentry and Sphere","floor":31,"turns":2},{"damage":68,"enemies":"hubris:MusketHawk","floor":33,"turns":6}],"seed_played":"9111227531212070538","potions_obtained":[{"floor":1.0,"key":"blueLaboratory:NullPotion"},{"floor":4.0,"key":"Swift Potion"},{"floor":8,"key":"DuplicationPotion"},{"floor":11,"key":"blueLaboratory:LouseDecoction"},{"floor":16,"key":"blueLaboratory:PolymorphPotion"},{"floor":21,"key":"hermit:Eclipse"},{"floor":24,"key":"Explosive Potion"}],"is_trial":false,"path_per_floor":["M","M","$","M","?","E","R","E","T","M","M","R","$","E","R","B",null,"M","?","?","M","M","R","E","R","T","E","?","?","$","M","R","B"],"character_chosen":"HERMIT","items_purchased":["hermit:TakeCover","hermit:CursedWeapon","hermit:Shortfuse"],"campfire_rested":2,"item_purchase_floors":[3,13,30],"current_hp_per_floor":[75,75,75,73,73,59,59,43,43,33,31,53,53,45,45,4,75,61,55,55,42,30,52,42,42,42,38,38,63,66,62,62,0,0],"gold":262,"neow_bonus":"THREE_ENEMY_KILL","is_daily":false,"chose_seed":false,"campfire_upgraded":4,"win_rate":0.0,"timestamp":1609447658,"path_taken":["M","M","?","?","?","E","R","E","T","M","M","R","$","E","R","BOSS","M","?","?","?","M","R","E","R","T","E","?","?","$","M","R","BOSS"],"items_purchased_type":["Card","Card","Card"],"build_version":"2020-12-22","purchased_purges":2,"victory":false,"max_hp_per_floor":[75,75,75,75,75,75,75,75,75,75,75,75,75,75,75,75,75,75,75,75,75,75,75,75,75,75,75,75,75,78,78,78,78,78],"card_choices":[{"not_picked":["hermit:LowProfile","hermit:Virtue"],"picked":"hermit:HighCaliber","floor":1.0},{"not_picked":["hermit:ItchyTrigger","hermit:HoleUp"],"picked":"hermit:CursedWeapon","floor":2.0},{"not_picked":["hermit:Misfire","hermit:Snipe"],"picked":"hermit:Glare","floor":4.0},{"not_picked":["hermit:Horror","hermit:HoleUp","hermit:TrackingShot"],"picked":"SKIP","floor":6.0},{"not_picked":["hermit:ItchyTrigger","hermit:Misfire","hermit:TrackingShot"],"picked":"SKIP","floor":8},{"not_picked":["hermit:LuckOfTheDraw","hermit:Desperado"],"picked":"hermit:Quickdraw","floor":10},{"not_picked":["hermit:Gestalt","hermit:Combo"],"picked":"hermit:Shortfuse","floor":11},{"not_picked":["hermit:Vantage","hermit:LowProfile","hermit:Determination"],"picked":"SKIP","floor":14},{"not_picked":["hermit:Adapt","hermit:RoundhouseKick"],"picked":"hermit:BlackWind","floor":16},{"not_picked":["hermit:Headshot","hermit:TrackingShot","hermit:DeadMansHand"],"picked":"SKIP","floor":18},{"not_picked":["hermit:Misfire","hermit:HighCaliber"],"picked":"hermit:Maintenance","floor":21},{"not_picked":["hermit:Headshot+1","hermit:Misfire","hermit:Midnight"],"picked":"SKIP","floor":22},{"not_picked":["hermit:BodyArmor","hermit:Snipe","hermit:Deadeye"],"picked":"SKIP","floor":24},{"not_picked":["hermit:LoneWolf","hermit:Brawl+1"],"picked":"hermit:Shortfuse","floor":27},{"not_picked":["hermit:FlashPowder+1","hermit:DeadOrAlive","hermit:Ricochet+1"],"picked":"SKIP","floor":31}],"player_experience":143636,"relics_obtained":[{"floor":6.0,"key":"infinitespire:Eraser"},{"floor":8,"key":"Bronze Scales"},{"floor":9,"key":"vexMod:ConsolationPrize"},{"floor":14,"key":"conspire:Flyswatter"},{"floor":24,"key":"halation:Toothbrush"},{"floor":26,"key":"halation:PromiseList"},{"floor":27,"key":"halation:KoshaPiece"}],"event_choices":[{"damage_healed":0,"gold_gain":0,"player_choice":"Dagger","damage_taken":6,"max_hp_gain":0,"max_hp_loss":0,"event_name":"betterThird:BetterNest","floor":19,"gold_loss":0,"cards_obtained":["RitualDagger"]},{"damage_healed":0,"gold_gain":0,"player_choice":"Leave","damage_taken":0,"max_hp_gain":0,"max_hp_loss":0,"event_name":"conspire:Investor","floor":20,"gold_loss":0},{"damage_healed":0,"gold_gain":0,"player_choice":"Simplicity","damage_taken":0,"max_hp_gain":0,"max_hp_loss":8,"event_name":"betterThird:BetterWriting","floor":28,"gold_loss":0},{"damage_healed":25,"gold_gain":0,"player_choice":"Heal","damage_taken":0,"max_hp_gain":0,"max_hp_loss":0,"event_name":"The Library","floor":29,"gold_loss":0}],"is_beta":false,"boss_relics":[{"not_picked":["Snecko Eye","hubris:VirtuousBlindfold","halation:ForbiddenBikini"]}],"items_purged_floors":[13,30],"is_endless":false,"potions_floor_spawned":[1,4,8,11,14,16,21,24],"killed_by":"hubris:MusketHawk","ascension_level":1}}