{"host":"ryuep8ewa00k39z9","time":1609386967,"event":{"mods":["AchievementEnabler","BaseMod","Best Route Mod","Colored Map","Colored Powertips","Displayed Cursed Tome","Highlight Path","Minty Spire (QoL Compilation)","Quick Restart","SuperFastMode"],"gold_per_floor":[112,112,287,306,306,306,329,345,345,379,379,90,115,150,150,273,273,294,274,151,151,9,42,42,66,93,137,161,161,180,232,232,364,364,378,52,76,121,145,166,166,181,253,286,40,40,109,125,125,125,125,125,1,35,35,35],"floor_reached":55,"playtime":32163,"items_purged":["Doubt","Strike_B","Defend_B","Strike_B","Defend_B"],"score":969,"play_id":"7eb6e995-07c0-408f-a88b-9fbeabf57b1d","local_time":"20201230215607","is_ascension_mode":true,"campfire_choices":[{"data":"Defragment","floor":6.0,"key":"SMITH"},{"floor":11.0,"key":"REST"},{"floor":15.0,"key":"REST"},{"data":"Fission","floor":24.0,"key":"SMITH"},{"data":"Meteor Strike","floor":29.0,"key":"SMITH"},{"data":"Multi-Cast","floor":32.0,"key":"SMITH"},{"floor":41.0,"key":"RECALL"},{"data":"Meteor Strike","floor":46.0,"key":"SMITH"},{"data":"Defragment","floor":49.0,"key":"SMITH"},{"data":"Apotheosis","floor":52.0,"key":"SMITH"}],"circlet_count":0,"master_deck":["Strike_B","Strike_B","Defend_B","Defend_B","Zap","Dualcast","Glacier","Defragment+1","Melter","Fusion","Meteor Strike+1","Melter","Multi-Cast+1","Fission+1","Loop+1","Self Repair","Undo","Meteor Strike+1","Defragment+1","Compile Driver","Apotheosis+1"],"relics":["Snecko Eye","Pocketwatch","Golden Idol","Letter Opener","Akabeko","Membership Card","Strawberry","Inserter","Lee\u0027s Waffle","White Beast Statue","Omamori","Matryoshka","CeramicFish","Toy Ornithopter","Boot","Blood Vial","Nuclear Battery","Medical Kit","Torii","Ancient Tea Set","Bottled Tornado","InkBottle","Chemical X","Calipers","Cables","Unceasing Top"],"acts_visited":["Exordium","TheCity","TheBeyond","TheEnding"],"potions_floor_usage":[55,55],"damage_taken":[{"damage":8.0,"enemies":"Small Slimes","floor":1.0,"turns":3.0},{"damage":2.0,"enemies":"Jaw Worm","floor":4.0,"turns":4.0},{"damage":0.0,"enemies":"Cultist","floor":7.0,"turns":3.0},{"damage":0.0,"enemies":"Large Slime","floor":8.0,"turns":5.0},{"damage":19.0,"enemies":"3 Sentries","floor":10.0,"turns":13.0},{"damage":0.0,"enemies":"Exordium Thugs","floor":13.0,"turns":3.0},{"damage":10.0,"enemies":"Gremlin Nob","floor":14.0,"turns":3.0},{"damage":46.0,"enemies":"The Guardian","floor":16.0,"turns":8.0},{"damage":2.0,"enemies":"2 Thieves","floor":18.0,"turns":4.0},{"damage":11.0,"enemies":"Slavers","floor":23.0,"turns":4.0},{"damage":6.0,"enemies":"3 Byrds","floor":25.0,"turns":4.0},{"damage":9.0,"enemies":"Book of Stabbing","floor":27.0,"turns":3.0},{"damage":3.0,"enemies":"Snake Plant","floor":28.0,"turns":3.0},{"damage":0.0,"enemies":"Sentry and Sphere","floor":30.0,"turns":2.0},{"damage":28.0,"enemies":"Slavers","floor":31.0,"turns":3.0},{"damage":37.0,"enemies":"Champ","floor":33.0,"turns":13.0},{"damage":0.0,"enemies":"Orb Walker","floor":35.0,"turns":3.0},{"damage":1.0,"enemies":"3 Darklings","floor":37.0,"turns":4.0},{"damage":1.0,"enemies":"Transient","floor":39.0,"turns":5.0},{"damage":0.0,"enemies":"Jaw Worm Horde","floor":40.0,"turns":3.0},{"damage":6.0,"enemies":"4 Shapes","floor":42.0,"turns":5.0},{"damage":6.0,"enemies":"Nemesis","floor":44.0,"turns":5.0},{"damage":0.0,"enemies":"2 Orb Walkers","floor":47.0,"turns":3.0},{"damage":18.0,"enemies":"Spire Growth","floor":48.0,"turns":4.0},{"damage":23.0,"enemies":"Time Eater","floor":50.0,"turns":9.0},{"damage":41.0,"enemies":"Shield and Spear","floor":54.0,"turns":5.0},{"damage":86,"enemies":"The Heart","floor":55,"turns":3}],"seed_played":"-831101125897024301","potions_obtained":[{"floor":7.0,"key":"Fire Potion"},{"floor":10.0,"key":"FocusPotion"},{"floor":14.0,"key":"LiquidBronze"},{"floor":16.0,"key":"SkillPotion"},{"floor":18.0,"key":"Ancient Potion"},{"floor":19.0,"key":"Strength Potion"},{"floor":23.0,"key":"FearPotion"},{"floor":25.0,"key":"SneckoOil"},{"floor":27.0,"key":"Explosive Potion"},{"floor":28.0,"key":"EssenceOfDarkness"},{"floor":30.0,"key":"SpeedPotion"},{"floor":31.0,"key":"SpeedPotion"},{"floor":33.0,"key":"Block Potion"},{"floor":35.0,"key":"PotionOfCapacity"},{"floor":37.0,"key":"Block Potion"},{"floor":39.0,"key":"Weak Potion"},{"floor":40.0,"key":"SpeedPotion"},{"floor":42.0,"key":"PowerPotion"},{"floor":44.0,"key":"Energy Potion"},{"floor":47.0,"key":"Regen Potion"},{"floor":48.0,"key":"AttackPotion"},{"floor":54.0,"key":"Dexterity Potion"}],"is_trial":false,"path_per_floor":["M","?","?","M","?","R","M","M","T","E","R","$","M","E","R","B",null,"M","?","$","?","$","E","R","M","T","E","M","R","M","E","R","B",null,"M","$","M","T","M","M","R","M","T","E","$","R","?","M","R","B",null,"R","$","E","B"],"character_chosen":"DEFECT","items_purchased":["Membership Card","Meteor Strike","Melter","Lee\u0027s Waffle","Omamori","Medical Kit","Torii","Defragment","Chemical X","Apotheosis","Cables"],"campfire_rested":2,"item_purchase_floors":[12,12,12,20,22,36,36,36,45,45,53],"current_hp_per_floor":[67,55,55,53,35,35,35,35,35,16,38,38,38,35,59,13,65,63,63,89,89,89,78,78,72,72,80,82,82,89,61,61,43,78,87,87,89,89,89,89,89,89,89,89,89,89,89,81,81,86,88,88,88,58,0,0],"gold":35,"neow_bonus":"BOSS_RELIC","is_daily":false,"chose_seed":false,"campfire_upgraded":7,"win_rate":0.0,"timestamp":1609386967,"path_taken":["M","?","?","?","?","R","M","M","T","E","R","$","M","E","R","BOSS","M","?","?","?","$","E","R","M","T","E","?","R","?","E","R","BOSS","M","$","?","?","M","M","R","?","T","E","$","R","?","M","R","BOSS","R","$","E","BOSS"],"items_purchased_type":["Relic","Card","Card","Relic","Relic","Relic","Relic","Card","Relic","Card","Relic"],"build_version":"2020-12-22","purchased_purges":5,"victory":false,"max_hp_per_floor":[75,75,75,75,75,75,75,75,75,75,75,75,75,82,82,82,82,82,82,89,89,89,89,89,89,89,89,89,89,89,89,89,89,89,89,89,89,89,89,89,89,89,89,89,89,89,89,89,89,89,89,89,89,89,89,89],"card_choices":[{"not_picked":["Stack","Genetic Algorithm"],"picked":"Glacier","floor":1.0},{"not_picked":["Beam Cell","Static Discharge"],"picked":"Defragment","floor":4.0},{"not_picked":["Fusion","Compile Driver"],"picked":"Melter","floor":7.0},{"not_picked":["Beam Cell","Turbo"],"picked":"Fusion","floor":8.0},{"not_picked":["Reprogram","Steam Power","Heatsinks"],"picked":"SKIP","floor":10.0},{"not_picked":["Skim","Glacier","Rebound"],"picked":"SKIP","floor":13.0},{"not_picked":["Streamline","Reinforced Body"],"picked":"Multi-Cast","floor":14.0},{"not_picked":["Multi-Cast","Creative AI"],"picked":"Fission","floor":16.0},{"not_picked":["Capacitor","Double Energy"],"picked":"Loop+1","floor":18.0},{"not_picked":["Skim","Creative AI","Genetic Algorithm"],"picked":"SKIP","floor":23.0},{"not_picked":["Hologram","Leap"],"picked":"Self Repair","floor":25.0},{"not_picked":["Conserve Battery","Genetic Algorithm","Hologram+1"],"picked":"SKIP","floor":27.0},{"not_picked":["Doom and Gloom","Conserve Battery","Turbo+1"],"picked":"SKIP","floor":28.0},{"not_picked":["Sweeping Beam","Cold Snap","Turbo"],"picked":"SKIP","floor":30.0},{"not_picked":["Melter+1","Hologram"],"picked":"Undo","floor":31.0},{"not_picked":["Buffer","Rainbow"],"picked":"Meteor Strike","floor":33.0},{"not_picked":["Rebound+1","Stack+1","Loop"],"picked":"SKIP","floor":35.0},{"not_picked":["Ball Lightning+1","Barrage","Go for the Eyes+1"],"picked":"SKIP","floor":37.0},{"not_picked":["Self Repair","BootSequence"],"picked":"Compile Driver","floor":39.0},{"not_picked":["Conserve Battery","Static Discharge+1","Gash+1"],"picked":"SKIP","floor":40.0},{"not_picked":["Skim+1","Beam Cell","Stack+1"],"picked":"SKIP","floor":42.0},{"not_picked":["Amplify","Sunder","Conserve Battery"],"picked":"SKIP","floor":44.0},{"not_picked":["Turbo+1","Beam Cell+1","Gash+1"],"picked":"SKIP","floor":48.0},{"not_picked":["Gash","Beam Cell","Storm"],"picked":"SKIP","floor":54.0}],"player_experience":3714623,"relics_obtained":[{"floor":9.0,"key":"Letter Opener"},{"floor":10.0,"key":"Akabeko"},{"floor":14.0,"key":"Strawberry"},{"floor":23.0,"key":"Matryoshka"},{"floor":26.0,"key":"CeramicFish"},{"floor":26.0,"key":"Toy Ornithopter"},{"floor":27.0,"key":"Boot"},{"floor":31.0,"key":"Blood Vial"},{"floor":38.0,"key":"Ancient Tea Set"},{"floor":43.0,"key":"Bottled Tornado"},{"floor":44.0,"key":"InkBottle"},{"floor":47.0,"key":"Calipers"},{"floor":54.0,"key":"Unceasing Top"}],"event_choices":[{"damage_healed":0.0,"max_hp_gain":0.0,"max_hp_loss":0.0,"gold_gain":0.0,"event_name":"Scrap Ooze","player_choice":"Success","floor":2.0,"gold_loss":0.0,"damage_taken":12.0,"relics_obtained":["Pocketwatch"]},{"damage_healed":0.0,"max_hp_gain":0.0,"max_hp_loss":0.0,"gold_gain":175.0,"event_name":"Liars Game","player_choice":"AGREE","floor":3.0,"gold_loss":0.0,"damage_taken":0.0,"cards_obtained":["Doubt"]},{"damage_healed":0.0,"max_hp_gain":0.0,"max_hp_loss":0.0,"gold_gain":0.0,"event_name":"Golden Idol","player_choice":"Take Damage","floor":5.0,"gold_loss":0.0,"damage_taken":18.0,"relics_obtained":["Golden Idol"]},{"damage_healed":0.0,"max_hp_gain":0.0,"max_hp_loss":0.0,"gold_gain":0.0,"event_name":"The Woman in Blue","player_choice":"Bought 1 Potion","floor":19.0,"gold_loss":0.0,"damage_taken":0.0},{"damage_healed":0.0,"max_hp_gain":0.0,"max_hp_loss":0.0,"gold_gain":0.0,"event_name":"WeMeetAgain","player_choice":"Gave Potion","floor":21.0,"gold_loss":0.0,"damage_taken":0.0,"relics_obtained":["White Beast Statue"]},{"damage_healed":0.0,"max_hp_gain":0.0,"max_hp_loss":0.0,"gold_gain":0.0,"event_name":"Mysterious Sphere","player_choice":"Fight","floor":47.0,"gold_loss":0.0,"damage_taken":0.0}],"is_beta":false,"boss_relics":[{"not_picked":["Cursed Key","Empty Cage"],"picked":"Inserter"},{"not_picked":["Velvet Choker","Fusion Hammer"],"picked":"Nuclear Battery"}],"items_purged_floors":[12,20,22,36,45],"is_endless":false,"potions_floor_spawned":[7,10,14,16,18,23,25,27,28,30,31,33,35,37,39,40,42,44,47,48,54],"killed_by":"The Heart","ascension_level":5}}