{"host":"wghdsg8ym2wc7ov9","time":1609378411,"event":{"mods":["AchievementEnabler","Astrologer","BaseMod","Beaked The Cultist","Better Altar","Better Note","Colored Map","Hermit","Highlight Path","Jorbs\u0027s Wanderer Trilogy","Minty Spire (QoL Compilation)","Random Character Button","Relic Stats","Shop Mod","StSLib","The Blackbeard","The Bladedancer","The Cursed","The Gatherer","The Hierophant","The Mystic","The Senshi","The Servant 0.9.4"],"gold_per_floor":[113,128,138,154,169,169,2,2,26,41,41,59,92,112,112,210,210,225,225,225,244,254,254,254,254],"floor_reached":24,"playtime":5135,"items_purged":[],"score":200,"play_id":"d6693c66-fa2f-42d1-a824-37ec742193d1","local_time":"20201230173331","is_ascension_mode":false,"campfire_choices":[{"data":"astrologer:Starfield","floor":6.0,"key":"SMITH"},{"floor":8.0,"key":"REST"},{"floor":15,"key":"REST"},{"floor":23,"key":"REST"}],"circlet_count":0,"master_deck":["astrologer:Strike","astrologer:Strike","astrologer:Strike","astrologer:Strike","astrologer:Defend","astrologer:Defend","astrologer:Defend","astrologer:Defend","astrologer:NorthStar","astrologer:TheFool","astrologer:Stardust","astrologer:ReadTheStars","astrologer:Confirmation","astrologer:Radiance","astrologer:Starfield+1","astrologer:MeteorShower","astrologer:FrozenStar","astrologer:FrozenStar","astrologer:Moonlight","astrologer:TheChariot","astrologer:TheMagician","astrologer:LonelyStar","astrologer:Prestidigitation","astrologer:Novile"],"relics":["astrologer:SkyMirror","HandDrill","Matryoshka","Bag of Marbles","Odd Mushroom","Black Star","Boot"],"acts_visited":["Exordium","TheCity"],"potions_floor_usage":[22,22,24],"damage_taken":[{"damage":2.0,"enemies":"Cultist","floor":1.0,"turns":5.0},{"damage":0.0,"enemies":"Jaw Worm","floor":2.0,"turns":4.0},{"damage":0.0,"enemies":"Small Slimes","floor":3.0,"turns":4.0},{"damage":16.0,"enemies":"3 Louse","floor":4.0,"turns":3.0},{"damage":6.0,"enemies":"Blue Slaver","floor":5.0,"turns":5.0},{"damage":0.0,"enemies":"Exordium Wildlife","floor":10.0,"turns":4.0},{"damage":0.0,"enemies":"Gremlin Gang","floor":12.0,"turns":4.0},{"damage":15.0,"enemies":"Lagavulin","floor":13.0,"turns":6.0},{"damage":12.0,"enemies":"The Mushroom Lair","floor":14.0,"turns":5.0},{"damage":36,"enemies":"The Guardian","floor":16,"turns":14},{"damage":18,"enemies":"Shell Parasite","floor":18,"turns":7},{"damage":25,"enemies":"Spheric Guardian","floor":21,"turns":8},{"damage":17,"enemies":"Snake Plant","floor":22,"turns":5},{"damage":44,"enemies":"Slavers","floor":24,"turns":4}],"seed_played":"-2056580012437200307","potions_obtained":[{"floor":3.0,"key":"LiquidBronze"},{"floor":10.0,"key":"GamblersBrew"},{"floor":12.0,"key":"FearPotion"},{"floor":16,"key":"SpeedPotion"},{"floor":21,"key":"ColorlessPotion"}],"is_trial":false,"path_per_floor":["M","M","M","M","M","R","$","R","T","M","T","M","E","?","R","B",null,"M","?","?","M","M","R","E"],"character_chosen":"ASTROLOGER","items_purchased":["HandDrill","astrologer:MeteorShower"],"campfire_rested":3,"item_purchase_floors":[7,7],"current_hp_per_floor":[75,75,75,59,53,53,53,76,76,76,76,76,61,49,72,36,77,59,59,59,34,17,40,0,0],"gold":254,"neow_bonus":"TEN_PERCENT_HP_BONUS","is_daily":false,"chose_seed":false,"campfire_upgraded":1,"win_rate":0.0,"timestamp":1609378411,"path_taken":["M","?","M","M","?","R","?","R","T","M","?","M","E","?","R","BOSS","M","?","?","M","M","R","E"],"items_purchased_type":["Relic","Card"],"build_version":"2020-12-22","purchased_purges":0,"victory":false,"max_hp_per_floor":[77,77,77,77,77,77,77,77,77,77,77,77,77,77,77,77,77,77,77,77,77,77,77,77,77],"relic_stats":{"counters":[14,78],"HandDrill":[24],"Black Star":0,"Boot":[5],"obtain_stats":[{"Matryoshka":11,"astrologer:SkyMirror":0,"HandDrill":7,"Bag of Marbles":13,"Black Star":17,"Odd Mushroom":14,"Boot":20},{"Matryoshka":6,"astrologer:SkyMirror":0,"HandDrill":5,"Bag of Marbles":8,"Black Star":10,"Odd Mushroom":9,"Boot":11},{"Matryoshka":25,"astrologer:SkyMirror":0,"HandDrill":21,"Bag of Marbles":35,"Black Star":54,"Odd Mushroom":40,"Boot":61}]},"card_choices":[{"not_picked":["astrologer:Eclipse","astrologer:Shine"],"picked":"astrologer:Stardust","floor":1.0},{"not_picked":["astrologer:Conjunction","astrologer:Still"],"picked":"astrologer:ReadTheStars","floor":2.0},{"not_picked":["astrologer:SpaceDust","astrologer:TheHangedMan"],"picked":"astrologer:Confirmation","floor":3.0},{"not_picked":["astrologer:Opposition","astrologer:Eclipse"],"picked":"astrologer:Radiance","floor":4.0},{"not_picked":["astrologer:Eclipse","astrologer:Divination"],"picked":"astrologer:Starfield","floor":5.0},{"not_picked":["astrologer:Radiance","astrologer:TheHierophant"],"picked":"astrologer:FrozenStar","floor":10.0},{"not_picked":["astrologer:MeteorShower","astrologer:Eclipse"],"picked":"astrologer:FrozenStar","floor":12.0},{"not_picked":["astrologer:Still","astrologer:Stardust"],"picked":"astrologer:Moonlight","floor":13.0},{"not_picked":["astrologer:MeteorShower","astrologer:Sunrise"],"picked":"astrologer:TheChariot","floor":14.0},{"not_picked":["astrologer:TheSun","astrologer:RejectReality"],"picked":"astrologer:TheMagician","floor":16},{"not_picked":["astrologer:StarOfCourage","astrologer:SolarFlare"],"picked":"astrologer:LonelyStar","floor":18},{"not_picked":["astrologer:TheHighPriestess","astrologer:Radiance"],"picked":"astrologer:Prestidigitation","floor":21},{"not_picked":["astrologer:TheTower+1","astrologer:Conjunction"],"picked":"astrologer:Novile","floor":22}],"player_experience":537696,"relics_obtained":[{"floor":11.0,"key":"Matryoshka"},{"floor":13.0,"key":"Bag of Marbles"},{"floor":14.0,"key":"Odd Mushroom"}],"event_choices":[{"damage_healed":0.0,"max_hp_gain":0.0,"max_hp_loss":0.0,"gold_gain":0.0,"event_name":"Mushrooms","player_choice":"Fought Mushrooms","floor":14.0,"gold_loss":0.0,"damage_taken":0.0},{"damage_healed":0,"gold_gain":0,"player_choice":"Ignored","damage_taken":0,"max_hp_gain":0,"max_hp_loss":0,"event_name":"Purifier","floor":19,"gold_loss":0},{"damage_healed":0,"gold_gain":0,"player_choice":"Gave Potion","damage_taken":0,"relics_obtained":["Boot"],"max_hp_gain":0,"max_hp_loss":0,"event_name":"WeMeetAgain","floor":20,"gold_loss":0}],"is_beta":false,"boss_relics":[{"not_picked":["Coffee Dripper","Empty Cage"],"picked":"Black Star"}],"items_purged_floors":[],"is_endless":false,"potions_floor_spawned":[3,10,12,16,21],"killed_by":"Slavers","ascension_level":0}}