{"host":"x1qj4d8ympd5jdqh","time":1609398070,"event":{"mods":["AchievementEnabler","AlwaysNeverKeys","BaseMod","Colored Map","Custom Start","DeckTracker","Highlight Path","Minty Spire (QoL Compilation)","StSLib","SuperFastMode"],"gold_per_floor":[111,36,48,66,81,107,107,107,107],"floor_reached":8,"playtime":250,"items_purged":[],"score":116,"play_id":"6796a440-47a1-4bff-98bd-f4640fe55909","local_time":"20201231160110","is_ascension_mode":true,"campfire_choices":[{"data":"Armaments","floor":7,"key":"SMITH"}],"circlet_count":0,"master_deck":["AscendersBane","Strike_R","Strike_R","Strike_R","Strike_R","Defend_R","Defend_R","Defend_R","Defend_R","Bash","Combust","Body Slam","Armaments+1","Pommel Strike"],"relics":["Burning Blood","Gremlin Horn"],"acts_visited":["Exordium"],"potions_floor_usage":[6,6],"damage_taken":[{"damage":2,"enemies":"Small Slimes","floor":1,"turns":2},{"damage":5,"enemies":"Jaw Worm","floor":3,"turns":5},{"damage":13,"enemies":"Cultist","floor":4,"turns":4},{"damage":17,"enemies":"Looter","floor":5,"turns":4},{"damage":26,"enemies":"Lagavulin","floor":6,"turns":6},{"damage":8,"enemies":"Gremlin Nob","floor":8,"turns":3}],"seed_played":"-6393454226173873829","potions_obtained":[{"floor":3,"key":"LiquidMemories"},{"floor":5,"key":"BlessingOfTheForge"}],"is_trial":false,"path_per_floor":["M","?","M","M","M","E","R","E"],"character_chosen":"IRONCLAD","items_purchased":[],"campfire_rested":0,"item_purchase_floors":[],"current_hp_per_floor":[72,72,73,66,55,35,35,27,27],"gold":107,"neow_bonus":"THREE_CARDS","is_daily":false,"chose_seed":false,"campfire_upgraded":1,"win_rate":0.0,"timestamp":1609398070,"path_taken":["M","?","M","M","M","E","R","E"],"items_purchased_type":[],"build_version":"2020-12-22","purchased_purges":0,"victory":false,"max_hp_per_floor":[75,75,75,75,75,75,75,75,75],"card_choices":[{"not_picked":["Battle Trance","Pummel"],"picked":"Combust","floor":0},{"not_picked":["Clash","Thunderclap","Clothesline"],"picked":"SKIP","floor":1},{"not_picked":["Limit Break","Perfected Strike"],"picked":"Body Slam","floor":3},{"not_picked":["Body Slam","Perfected Strike"],"picked":"Armaments","floor":4},{"not_picked":["Clash","Iron Wave","Double Tap"],"picked":"SKIP","floor":5},{"not_picked":["Perfected Strike","Pummel"],"picked":"Pommel Strike","floor":6}],"player_experience":1295167,"relics_obtained":[{"floor":6,"key":"Gremlin Horn"}],"event_choices":[{"cards_removed":["Strike_R"],"damage_healed":0,"gold_gain":0,"player_choice":"Card Removal","damage_taken":0,"max_hp_gain":0,"max_hp_loss":0,"event_name":"The Cleric","floor":2,"gold_loss":75}],"is_beta":false,"boss_relics":[],"items_purged_floors":[],"is_endless":false,"potions_floor_spawned":[3,5],"killed_by":"Gremlin Nob","ascension_level":20}}