{"host":"2xqcnyceei4ojw3j","time":1609436327,"event":{"mods":["2.2 Compatiblity","AchievementEnabler","AlwaysNeverKeys","BaseMod","Better Altar","Better Match","Better Note","Better Sensory Stone","Better Skull","BetterRewards","Custom Start","Evolution","Hubris","Jedi Mod","Marisa????????","Minty Spire (QoL Compilation)","Quick Restart","Rare Cards Sparkle","Spicy Shops","StSLib","The Servant 0.9.4","??????REMEMod"],"gold_per_floor":[111,127,138,157,82,82,101,119,143,153,78,139,139,149,149,149,149],"floor_reached":16,"playtime":996,"items_purged":["Strike_S"],"score":146,"play_id":"e64ae3ea-c1b5-44f7-b16d-53e6d0946734","local_time":"20201231153847","is_ascension_mode":false,"campfire_choices":[{"floor":6,"key":"REST"},{"floor":13,"key":"REST"},{"floor":15,"key":"REST"}],"circlet_count":0,"master_deck":["Strike_S","Strike_S","Strike_S","Defend_S","Defend_S","Defend_S","Defend_S","KidneyShot","Exchange","Defy","WasteNot","Spin","Spin","InstantArmor","SpecialFormula","Alleviate+1","ShiftingGears"],"relics":["Uniform","EVO:Axolotl","REME_ComplimentaryCards","Shovel","Ancient Tea Set","Gremlin Horn"],"acts_visited":["Exordium"],"potions_floor_usage":[4,4,8],"damage_taken":[{"damage":9,"enemies":"Cultist","floor":1,"turns":4},{"damage":5,"enemies":"Jaw Worm","floor":2,"turns":6},{"damage":6,"enemies":"2 Louse","floor":3,"turns":4},{"damage":2,"enemies":"Looter","floor":4,"turns":2},{"damage":14,"enemies":"Large Slime","floor":7,"turns":7},{"damage":1,"enemies":"Exordium Wildlife","floor":8,"turns":3},{"damage":4,"enemies":"2 Fungi Beasts","floor":10,"turns":3},{"damage":41,"enemies":"Gremlin Nob","floor":12,"turns":8},{"damage":1,"enemies":"Exordium Thugs","floor":14,"turns":5},{"damage":20,"enemies":"Hexaghost","floor":16,"turns":7}],"seed_played":"-8585728623255063419","potions_obtained":[{"floor":2,"key":"Energy Potion"},{"floor":3,"key":"SteroidPotion"},{"floor":7,"key":"jedi:StrikingPotion"}],"is_trial":false,"path_per_floor":["M","M","M","M","$","R","M","M","T","M","?","?","R","M","R","B"],"character_chosen":"THE_SERVANT","items_purchased":["Shovel"],"campfire_rested":3,"item_purchase_floors":[0],"current_hp_per_floor":[56,51,45,43,43,62,48,47,47,43,43,7,26,30,49,34,34],"gold":149,"neow_bonus":"","is_daily":false,"chose_seed":false,"campfire_upgraded":0,"win_rate":0.0,"timestamp":1609436327,"path_taken":["M","M","?","M","$","R","M","M","T","M","?","?","R","M","R","BOSS"],"items_purchased_type":["Relic"],"build_version":"2020-12-22","purchased_purges":1,"victory":false,"max_hp_per_floor":[65,65,65,65,65,65,65,65,65,65,65,65,65,65,65,65,65],"card_choices":[{"not_picked":["ShatteredReality","TimeWarp","Defy"],"picked":"SKIP","floor":1},{"not_picked":["ShatteredReality","TimeWarp"],"picked":"Defy","floor":1},{"not_picked":["Desolation","ShatteredReality"],"picked":"WasteNot","floor":2},{"not_picked":["Alleviate","Potential"],"picked":"Spin","floor":3},{"not_picked":["ReturningBlade","FanOfKnives"],"picked":"Spin","floor":4},{"not_picked":["Starlight","TimeWarp","Replace"],"picked":"SKIP","floor":7},{"not_picked":["Potential","Moonlight"],"picked":"InstantArmor","floor":8},{"not_picked":["Misdirection","Starlight"],"picked":"SpecialFormula","floor":10},{"not_picked":["Spin+1","Starlight+1"],"picked":"Alleviate+1","floor":11},{"not_picked":["WasteNot","Unruled"],"picked":"ShiftingGears","floor":14}],"player_experience":194239,"relics_obtained":[{"floor":9,"key":"Ancient Tea Set"},{"floor":12,"key":"Gremlin Horn"}],"event_choices":[{"damage_healed":0,"gold_gain":0,"player_choice":"2","damage_taken":0,"max_hp_gain":0,"max_hp_loss":0,"event_name":"betterMatch:BetterMatch","floor":11,"gold_loss":0,"cards_obtained":["betterMatch:CommonCard"]},{"damage_healed":0,"gold_gain":0,"player_choice":"Searched \u00271\u0027 times","damage_taken":0,"max_hp_gain":0,"max_hp_loss":0,"event_name":"Dead Adventurer","floor":12,"gold_loss":0}],"is_beta":false,"boss_relics":[],"items_purged_floors":[5],"is_endless":false,"potions_floor_spawned":[2,3,7],"killed_by":"Hexaghost","ascension_level":0}}