{"host":"g7trc0x2teqyd8ye","time":1609436214,"event":{"mods":["BaseMod","Key Reminder","Minty Spire (QoL Compilation)","Relic Stats"],"gold_per_floor":[109,109,74,87,12,12,41,57,109,109,129,129,129],"floor_reached":12,"playtime":400,"items_purged":[],"score":152,"play_id":"29361321-dc3d-491e-b347-93170e595164","local_time":"20201231183654","is_ascension_mode":true,"campfire_choices":[{"floor":6,"key":"REST"}],"circlet_count":0,"master_deck":["AscendersBane","Strike_R","Strike_R","Strike_R","Strike_R","Strike_R","Defend_R","Defend_R","Defend_R+1","Defend_R+1","Bash","Fire Breathing","Reckless Charge","Evolve","Feel No Pain","Berserk","Cleave","Injury","Disarm"],"relics":["Burning Blood","War Paint","Orichalcum","Nunchaku","Golden Idol"],"acts_visited":["Exordium"],"potions_floor_usage":[12],"damage_taken":[{"damage":20,"enemies":"Small Slimes","floor":1,"turns":4},{"damage":7,"enemies":"Jaw Worm","floor":4,"turns":2},{"damage":17,"enemies":"3 Sentries","floor":7,"turns":4},{"damage":0,"enemies":"2 Louse","floor":8,"turns":2},{"damage":26,"enemies":"Large Slime","floor":11,"turns":6},{"damage":49,"enemies":"Gremlin Nob","floor":12,"turns":4}],"seed_played":"-3633994529541622736","potions_obtained":[{"floor":11,"key":"Explosive Potion"}],"is_trial":false,"path_per_floor":["M","?","?","M","$","R","E","M","T","?","M","E"],"character_chosen":"IRONCLAD","items_purchased":["Feel No Pain"],"campfire_rested":1,"item_purchase_floors":[5],"current_hp_per_floor":[54,9,27,26,26,48,37,43,43,43,23,0,0],"gold":129,"neow_bonus":"THREE_CARDS","is_daily":false,"chose_seed":false,"campfire_upgraded":0,"win_rate":0.0,"timestamp":1609436214,"path_taken":["M","?","?","M","$","R","E","M","T","?","M","E"],"items_purchased_type":["Card"],"build_version":"2020-12-22","purchased_purges":0,"victory":false,"max_hp_per_floor":[75,75,75,75,75,75,75,75,75,75,75,75,75],"relic_stats":{"Nunchaku":[1],"counters":[6,22],"Golden Idol":4,"War Paint":["Defend_R","Defend_R"],"Orichalcum":[30],"obtain_stats":[{"Nunchaku":9,"Golden Idol":10,"War Paint":2,"Orichalcum":7,"Burning Blood":0},{"Nunchaku":4,"Golden Idol":4,"War Paint":1,"Orichalcum":3,"Burning Blood":0},{"Nunchaku":12,"Golden Idol":12,"War Paint":4,"Orichalcum":10,"Burning Blood":0}],"Burning Blood":30},"card_choices":[{"not_picked":["Battle Trance","Perfected Strike"],"picked":"Fire Breathing","floor":0},{"not_picked":["Armaments","Warcry"],"picked":"Reckless Charge","floor":1},{"not_picked":["Perfected Strike","Rage"],"picked":"Evolve","floor":4},{"not_picked":["Pommel Strike","Headbutt"],"picked":"Berserk","floor":7},{"not_picked":["Combust","Fire Breathing"],"picked":"Cleave","floor":8},{"not_picked":["Twin Strike","Armaments"],"picked":"Disarm","floor":11}],"player_experience":847276,"relics_obtained":[{"floor":7,"key":"Orichalcum"},{"floor":9,"key":"Nunchaku"}],"event_choices":[{"damage_healed":0,"gold_gain":0,"player_choice":"Success","damage_taken":45,"relics_obtained":["War Paint"],"max_hp_gain":0,"max_hp_loss":0,"event_name":"Scrap Ooze","floor":2,"gold_loss":0},{"damage_healed":18,"gold_gain":0,"player_choice":"Healed","damage_taken":0,"max_hp_gain":0,"max_hp_loss":0,"event_name":"The Cleric","floor":3,"gold_loss":35},{"damage_healed":0,"gold_gain":0,"player_choice":"Take Wound","damage_taken":0,"relics_obtained":["Golden Idol"],"max_hp_gain":0,"max_hp_loss":0,"event_name":"Golden Idol","floor":10,"gold_loss":0,"cards_obtained":["Injury"]}],"is_beta":false,"boss_relics":[],"items_purged_floors":[],"is_endless":false,"potions_floor_spawned":[11],"killed_by":"Gremlin Nob","ascension_level":19}}