{"host":"f5ezd1v29dtbwkzo","time":1609426826,"event":{"mods":["2.2 Compatiblity","BaseMod","Hermit","Hubris","Infinite Spire","Minty Spire (QoL Compilation)","Rare Cards Sparkle","Replay The Spire","StSLib"],"gold_per_floor":[117,135,135,135,147,147,2,2,2,152,152,165,165,200,200,303,303,321,95,108,108,108,138,138,63,63,80,95,95,95,105,105,201,201,221,236,251,269,118,118,118,118,172,190,190,190,204,219,219,219],"floor_reached":49,"playtime":2026,"items_purged":["Delirium"],"score":607,"play_id":"67f7f099-27b3-48c4-ba8e-8db364a4d041","local_time":"20201231180026","is_ascension_mode":false,"campfire_choices":[{"data":"Sever Soul","floor":6,"key":"SMITH"},{"floor":8,"key":"REST"},{"floor":11,"key":"REST"},{"data":"Anger","floor":13,"key":"SMITH"},{"floor":15,"key":"DIG"},{"floor":24,"key":"REST"},{"floor":29,"key":"REST"},{"floor":40,"key":"REST"},{"data":"Seeing Red","floor":45,"key":"SMITH"}],"circlet_count":0,"master_deck":["Strike_R","Defend_R","Bash+1","Shame","Clumsy","Pommel Strike","Sever Soul+1","Whirlwind+1","Pot Of Greed","Anger+1","Headbutt","Pot Of Greed","Pommel Strike","Seeing Red+1","Iron Wave+1","Armaments+1","Burning Pact+1","Warcry+1","AbeCurse","Headbutt+1","Amnesia","Run Through+1","Headbutt+1"],"relics":["Kintsugi","Grinning Jar","Happy Flower","hubris:MysteriousPyramids","ReplayTheSpireMod:CursedCoin","Replay:WaspNest","hubris:TenFootPole","Blue Candle","infinitespire:Broken Mirror","hubris:ScarierMask","Orichalcum","hubris:Towel","Replay:Bottled Flurry","Lantern","Eternal Feather","Replay:Grab Bag","Abe\u0027s Treasure","Sozu","Ring of Chaos","Black Star","Juzu Bracelet","Sling","Strawberry"],"acts_visited":["Exordium","TheCity","TheBeyond"],"potions_floor_usage":[16,23,23,33,33],"damage_taken":[{"damage":5,"enemies":"2 Louse","floor":1,"turns":3},{"damage":17,"enemies":"Small Slimes","floor":2,"turns":3},{"damage":6,"enemies":"Jaw Worm","floor":5,"turns":3},{"damage":0,"enemies":"Gremlin Gang","floor":12,"turns":1},{"damage":9,"enemies":"3 Sentries","floor":14,"turns":3},{"damage":31,"enemies":"Hexaghost","floor":16,"turns":4},{"damage":5,"enemies":"2 Thieves","floor":18,"turns":2},{"damage":0,"enemies":"3 Byrds","floor":20,"turns":3},{"damage":36,"enemies":"Book of Stabbing","floor":23,"turns":4},{"damage":17,"enemies":"Centurion and Healer","floor":27,"turns":2},{"damage":13,"enemies":"Snake Plant","floor":28,"turns":3},{"damage":12,"enemies":"Shelled Parasite and Fungi","floor":31,"turns":4},{"damage":36,"enemies":"Pondfish","floor":33,"turns":8},{"damage":12,"enemies":"3 Darklings","floor":35,"turns":2},{"damage":7,"enemies":"Orb Walker","floor":36,"turns":3},{"damage":0,"enemies":"Jaw Worm Horde","floor":37,"turns":1},{"damage":14,"enemies":"3 Darklings","floor":38,"turns":2},{"damage":26,"enemies":"Maw","floor":44,"turns":6},{"damage":21,"enemies":"4 Shapes","floor":47,"turns":4},{"damage":0,"enemies":"Sphere and 2 Shapes","floor":48,"turns":2},{"damage":11,"enemies":"infinitespire:Three Voidlings","floor":49,"turns":3},{"damage":59,"enemies":"Nightmare_Alpha","floor":49,"turns":5}],"seed_played":"-6528721426690942474","potions_obtained":[{"floor":1,"key":"Flashbang"},{"floor":12,"key":"SpeedPotion"},{"floor":16,"key":"Venom Potion"},{"floor":18,"key":"Venom Potion"},{"floor":28,"key":"Block Potion"}],"is_trial":false,"path_per_floor":["M","M","?","?","M","R","$","R","T","$","R","M","R","E","R","B",null,"M","$","M","?","T","E","R","?","T","M","M","R","?","M","R","B",null,"M","M","M","M","$","R","AVR","?","T","M","R","?","M","M","R"],"character_chosen":"IRONCLAD","items_purchased":["Happy Flower","ReplayTheSpireMod:CursedCoin","Replay:WaspNest","hubris:TenFootPole","Orichalcum","Juzu Bracelet"],"campfire_rested":5,"item_purchase_floors":[7,10,10,10,19,39],"current_hp_per_floor":[75,58,58,51,45,45,45,69,69,43,67,67,67,58,58,27,80,75,75,75,75,75,39,63,63,63,46,33,66,50,38,47,11,80,68,61,61,47,47,80,80,80,87,61,73,73,52,52,0,0],"gold":219,"neow_bonus":"BOSS_RELIC","is_daily":false,"chose_seed":false,"campfire_upgraded":3,"win_rate":0.0,"timestamp":1609426826,"path_taken":["M","M","?","?","M","R","$","R","T","?","R","?","R","E","R","BOSS","M","$","M","?","?","E","R","?","T","M","M","R","?","M","R","BOSS","M","M","M","M","$","R","AVR","?","T","M","R","?","M","M","R"],"items_purchased_type":["Relic","Relic","Relic","Relic","Relic","Relic"],"build_version":"2020-12-22","purchased_purges":1,"victory":false,"max_hp_per_floor":[80,80,80,80,80,80,80,80,80,80,80,80,80,80,80,80,80,80,80,80,80,80,80,80,80,80,80,80,80,80,80,80,80,80,80,80,80,80,80,80,80,80,87,87,87,87,87,87,87,87],"card_choices":[{"not_picked":["Feel No Pain","ReplayTheSpireMod:LeadingStrike"],"picked":"Pommel Strike","floor":1},{"not_picked":["Clash","Battle Trance"],"picked":"Sever Soul","floor":2},{"not_picked":["Wild Strike","Limit Break"],"picked":"Anger","floor":5},{"not_picked":["ReplayTheSpireMod:LeadingStrike","Combust"],"picked":"Headbutt","floor":12},{"not_picked":["Shockwave","Iron Wave","Replay:Undeath\u0027s Touch"],"picked":"SKIP","floor":14},{"not_picked":["Clothesline","hubris:ReadiedAction"],"picked":"Pommel Strike","floor":18},{"not_picked":["Perfected Strike","Heavy Blade+1"],"picked":"Seeing Red","floor":20},{"not_picked":["Anger","Shrug It Off"],"picked":"Iron Wave+1","floor":23},{"not_picked":["ReplayTheSpireMod:LeadingStrike+1","Anger"],"picked":"Armaments+1","floor":27},{"not_picked":["Dark Embrace+1","Replay:Undeath\u0027s Touch"],"picked":"Burning Pact+1","floor":28},{"not_picked":["Anger","Impervious"],"picked":"Warcry+1","floor":31},{"not_picked":["hubris:ReadiedAction","Body Slam","Rupture+1"],"picked":"SKIP","floor":35},{"not_picked":["Battle Trance","Carnage"],"picked":"Headbutt+1","floor":36},{"not_picked":["Barricade","Hemokinesis","Clash"],"picked":"SKIP","floor":37},{"not_picked":["True Grit","Twin Strike","Disarm"],"picked":"SKIP","floor":38},{"not_picked":["Heavy Blade","Body Slam"],"picked":"Run Through+1","floor":44},{"not_picked":["Rupture","ReplayTheSpireMod:Strike From Hell"],"picked":"Headbutt+1","floor":47},{"not_picked":["Reckless Charge","Rampage","Body Slam+1"],"picked":"SKIP","floor":48}],"player_experience":336893,"relics_obtained":[{"floor":9,"key":"hubris:MysteriousPyramids"},{"floor":14,"key":"Blue Candle"},{"floor":15,"key":"infinitespire:Broken Mirror"},{"floor":22,"key":"Replay:Bottled Flurry"},{"floor":23,"key":"Lantern"},{"floor":26,"key":"Eternal Feather"},{"floor":43,"key":"Strawberry"}],"event_choices":[{"damage_healed":0,"gold_gain":0,"player_choice":"Success","damage_taken":7,"relics_obtained":["Grinning Jar"],"max_hp_gain":0,"max_hp_loss":0,"event_name":"Scrap Ooze","floor":4,"gold_loss":0},{"cards_removed":["Strike_R"],"damage_healed":0,"gold_gain":0,"player_choice":"Gave Gold","damage_taken":0,"max_hp_gain":0,"max_hp_loss":0,"event_name":"Beggar","floor":25,"gold_loss":75},{"damage_healed":0,"gold_gain":0,"player_choice":"Ignored","damage_taken":0,"max_hp_gain":0,"max_hp_loss":0,"event_name":"Ghosts","floor":32,"gold_loss":0}],"is_beta":false,"boss_relics":[{"not_picked":["Mark of Pain","Calling Bell"],"picked":"hubris:ScarierMask"},{"not_picked":["Replay:Wanted Poster","hubris:TerracottaHorce"],"picked":"Replay:Grab Bag"},{"not_picked":["hubris:CrackedHourglass","ReplayTheSpireMod:Onyx Gauntlets"],"picked":"Abe\u0027s Treasure"},{"not_picked":["hubris:GrandSneckoEye","Replay:Bronze Core"],"picked":"Sozu"},{"not_picked":["hubris:Stopwatch","SacredBark"],"picked":"Ring of Chaos"},{"not_picked":["Runic Pyramid","Pandora\u0027s Box"],"picked":"Black Star"}],"items_purged_floors":[19],"is_endless":false,"potions_floor_spawned":[1,12,16,18,28,35,37,44,47],"killed_by":"Nightmare_Alpha","ascension_level":0}}