{"host":"2qv44oxt58ptq59r","time":1609447244,"event":{"mods":["AchievementEnabler","BaseMod","Colored Powertips","Highlight Path","Minty Spire (QoL Compilation)","Permanent Neow","StSLib"],"gold_per_floor":[119,130,48,48,59,59,7,7,53,53,89,2,23,39,39,165,165,183,199,199,219,4,4,25,38,64,104,35,35,68,19,19,148,148,163,53,116,0,0,0,18,31,31,364,7,7,27,58,58,58,58],"floor_reached":50,"playtime":12056,"items_purged":[],"score":583,"play_id":"dc5513f2-c818-43fa-aa2b-b6e027514b39","local_time":"20201231204044","is_ascension_mode":false,"campfire_choices":[{"data":"Metallicize","floor":6.0,"key":"SMITH"},{"data":"Bash","floor":8.0,"key":"SMITH"},{"data":"Uppercut","floor":15.0,"key":"SMITH"},{"floor":23.0,"key":"RECALL"},{"floor":29.0,"key":"REST"},{"floor":32.0,"key":"REST"},{"data":"Juggernaut","floor":40.0,"key":"SMITH"},{"floor":49.0,"key":"REST"}],"circlet_count":0,"master_deck":["Strike_R","Strike_R","Strike_R+1","Strike_R","Strike_R+1","Defend_R+1","Defend_R","Defend_R","Defend_R","Bash+1","Metallicize+1","Disarm","Swift Strike+1","Disarm","Heavy Blade","Panacea+1","Uppercut+1","Rage","Spot Weakness+1","Inflame","Reaper","Inflame","Searing Blow","Clothesline","Juggernaut+1","Headbutt+1","Inflame","Perfected Strike","Sword Boomerang+1","Shockwave","Inflame","Sword Boomerang","Battle Trance","Madness","Madness"],"relics":["Burning Blood","Orichalcum","Matryoshka","Black Star","Membership Card","Whetstone","Strawberry","StrikeDummy","Bottled Lightning","Boot","Mercury Hourglass","Runic Pyramid","War Paint","Thread and Needle","Red Mask","Shuriken","Blood Vial","HandDrill","Art of War","Red Skull","Bird Faced Urn"],"acts_visited":["Exordium","TheCity","TheBeyond"],"potions_floor_usage":[],"damage_taken":[{"damage":1.0,"enemies":"Cultist","floor":1.0,"turns":4.0},{"damage":5.0,"enemies":"Jaw Worm","floor":2.0,"turns":4.0},{"damage":0.0,"enemies":"2 Louse","floor":5.0,"turns":4.0},{"damage":4.0,"enemies":"Lagavulin","floor":11.0,"turns":5.0},{"damage":0.0,"enemies":"Blue Slaver","floor":13.0,"turns":4.0},{"damage":8.0,"enemies":"Lots of Slimes","floor":14.0,"turns":5.0},{"damage":44.0,"enemies":"Slime Boss","floor":16.0,"turns":19.0},{"damage":0.0,"enemies":"Chosen","floor":18.0,"turns":5.0},{"damage":11.0,"enemies":"Shell Parasite","floor":19.0,"turns":5.0},{"damage":10.0,"enemies":"Cultist and Chosen","floor":21.0,"turns":7.0},{"damage":11.0,"enemies":"Chosen and Byrds","floor":24.0,"turns":6.0},{"damage":0.0,"enemies":"Centurion and Healer","floor":25.0,"turns":4.0},{"damage":81.0,"enemies":"Gremlin Leader","floor":27.0,"turns":9.0},{"damage":17.0,"enemies":"Book of Stabbing","floor":30.0,"turns":4.0},{"damage":60.0,"enemies":"Automaton","floor":33.0,"turns":9.0},{"damage":38.0,"enemies":"3 Darklings","floor":35.0,"turns":5.0},{"damage":26.0,"enemies":"Mind Bloom Boss Battle","floor":37.0,"turns":6.0},{"damage":10.0,"enemies":"Orb Walker","floor":41.0,"turns":4.0},{"damage":27.0,"enemies":"Spire Growth","floor":42.0,"turns":4.0},{"damage":8.0,"enemies":"Transient","floor":47.0,"turns":5.0},{"damage":79.0,"enemies":"Reptomancer","floor":48.0,"turns":7.0},{"damage":115,"enemies":"Awakened One","floor":50,"turns":10}],"seed_played":"2480759633365541483","potions_obtained":[{"floor":1.0,"key":"ColorlessPotion"},{"floor":5.0,"key":"BloodPotion"},{"floor":19.0,"key":"Explosive Potion"},{"floor":20.0,"key":"Fire Potion"},{"floor":20.0,"key":"CultistPotion"},{"floor":25.0,"key":"BlessingOfTheForge"},{"floor":33.0,"key":"PowerPotion"},{"floor":37.0,"key":"Ancient Potion"},{"floor":41.0,"key":"FairyPotion"},{"floor":42.0,"key":"Swift Potion"}],"is_trial":false,"path_per_floor":["M","M","$","?","M","R","$","R","T","?","E","$","M","M","R","B",null,"M","M","?","M","$","R","M","M","T","E","$","R","E","$","R","B",null,"M","$","?","?","?","R","M","M","T","?","$","?","M","E","R","B"],"character_chosen":"IRONCLAD","items_purchased":["Swift Strike","SkillPotion","Panacea","Membership Card","Inflame","AttackPotion","Energy Potion","AttackPotion","Inflame","Clothesline","AttackPotion","War Paint","Inflame","Blood Vial","HandDrill","Strength Potion","Inflame","Art of War","Sword Boomerang","Battle Trance"],"campfire_rested":3,"item_purchase_floors":[3,7,12,22,22,22,28,28,28,31,31,36,36,45,45,45,45,45,45,45],"current_hp_per_floor":[80,80,80,64,70,70,70,70,70,50,52,52,58,56,56,34,80,80,75,75,71,71,71,66,72,79,22,22,48,55,55,81,51,87,87,87,81,81,81,81,79,58,58,58,58,47,47,37,63,0,0],"gold":58,"neow_bonus":"THREE_CARDS","is_daily":false,"chose_seed":false,"campfire_upgraded":4,"win_rate":0.0,"timestamp":1609447244,"path_taken":["M","?","$","?","M","R","$","R","T","?","E","?","M","M","R","BOSS","M","M","?","M","$","R","?","M","T","E","$","R","E","?","R","BOSS","M","$","?","?","?","R","M","M","T","?","$","?","M","E","R","BOSS"],"items_purchased_type":["Card","Potion","Card","Relic","Card","Potion","Potion","Potion","Card","Card","Potion","Relic","Card","Relic","Relic","Potion","Card","Relic","Card","Card"],"build_version":"2020-12-22","purchased_purges":0,"victory":false,"max_hp_per_floor":[80,80,80,80,80,80,80,80,80,80,80,80,80,80,80,80,80,80,80,80,80,80,80,80,80,87,87,87,87,87,87,87,87,87,87,87,87,87,87,87,87,87,87,87,87,87,87,87,87,87,87],"card_choices":[{"not_picked":["Havoc","Clash"],"picked":"Metallicize","floor":0.0},{"not_picked":["Disarm","Evolve"],"picked":"Shockwave","floor":1.0},{"not_picked":["Rupture","Iron Wave"],"picked":"Disarm","floor":2.0},{"not_picked":["Rupture","Iron Wave"],"picked":"Disarm","floor":5.0},{"not_picked":["Infernal Blade","Anger"],"picked":"Heavy Blade","floor":11.0},{"not_picked":["Twin Strike","True Grit","Clash"],"picked":"SKIP","floor":13.0},{"not_picked":["Clothesline","Cleave"],"picked":"Uppercut","floor":14.0},{"not_picked":["Thunderclap","Cleave","Warcry"],"picked":"SKIP","floor":18.0},{"not_picked":["Evolve","Clash"],"picked":"Rage","floor":19.0},{"not_picked":["Rupture+1","Flex"],"picked":"Spot Weakness+1","floor":21.0},{"not_picked":["Rupture","Wild Strike+1","Perfected Strike"],"picked":"SKIP","floor":24.0},{"not_picked":["Armaments","Clash"],"picked":"Reaper","floor":25.0},{"not_picked":["Cleave","Entrench","Combust"],"picked":"SKIP","floor":27.0},{"not_picked":["Body Slam","Wild Strike"],"picked":"Searing Blow","floor":30.0},{"not_picked":["Berserk","Impervious"],"picked":"Juggernaut","floor":33.0},{"not_picked":["Cleave","Body Slam"],"picked":"Headbutt+1","floor":35.0},{"not_picked":["Flex","Clash+1"],"picked":"Perfected Strike","floor":37.0},{"not_picked":["Pummel+1","Entrench+1"],"picked":"Sword Boomerang+1","floor":41.0},{"not_picked":["Infernal Blade+1","Hemokinesis"],"picked":"Shockwave","floor":42.0},{"not_picked":["Dual Wield+1","Burning Pact+1","Power Through"],"picked":"SKIP","floor":47.0},{"not_picked":["Brutality","Clothesline","Iron Wave"],"picked":"SKIP","floor":48.0}],"player_experience":5118761,"relics_obtained":[{"floor":9.0,"key":"Orichalcum"},{"floor":11.0,"key":"Matryoshka"},{"floor":26.0,"key":"Whetstone"},{"floor":26.0,"key":"Strawberry"},{"floor":27.0,"key":"StrikeDummy"},{"floor":27.0,"key":"Bottled Lightning"},{"floor":30.0,"key":"Boot"},{"floor":30.0,"key":"Mercury Hourglass"},{"floor":37.0,"key":"Thread and Needle"},{"floor":43.0,"key":"Shuriken"},{"floor":48.0,"key":"Red Skull"},{"floor":48.0,"key":"Bird Faced Urn"}],"event_choices":[{"damage_healed":0.0,"max_hp_gain":0.0,"max_hp_loss":0.0,"gold_gain":0.0,"event_name":"Shining Light","player_choice":"Entered Light","floor":4.0,"gold_loss":0.0,"damage_taken":16.0,"cards_upgraded":["Swift Strike","Shockwave"]},{"damage_healed":0.0,"max_hp_gain":0.0,"max_hp_loss":0.0,"gold_gain":0.0,"event_name":"Golden Idol","player_choice":"Take Damage","floor":10.0,"gold_loss":0.0,"damage_taken":20.0,"relics_obtained":["Golden Idol"]},{"damage_healed":0.0,"max_hp_gain":0.0,"max_hp_loss":0.0,"gold_gain":0.0,"event_name":"Lab","player_choice":"Got Potions","floor":20.0,"gold_loss":0.0,"damage_taken":0.0},{"damage_healed":0.0,"max_hp_gain":0.0,"max_hp_loss":0.0,"gold_gain":0.0,"event_name":"MindBloom","player_choice":"Fight","floor":37.0,"gold_loss":0.0,"damage_taken":0.0},{"damage_healed":0.0,"max_hp_gain":0.0,"max_hp_loss":0.0,"gold_gain":0.0,"event_name":"Tomb of Lord Red Mask","player_choice":"Paid","floor":38.0,"gold_loss":116.0,"damage_taken":0.0,"relics_obtained":["Red Mask"]},{"cards_removed":["Shockwave"],"damage_healed":0.0,"max_hp_gain":0.0,"max_hp_loss":0.0,"gold_gain":0.0,"event_name":"Falling","player_choice":"Removed Skill","floor":39.0,"gold_loss":0.0,"damage_taken":0.0},{"damage_healed":0.0,"max_hp_gain":0.0,"max_hp_loss":0.0,"gold_gain":333.0,"event_name":"The Moai Head","player_choice":"Gave Idol","floor":44.0,"relics_lost":["Golden Idol"],"gold_loss":0.0,"damage_taken":0.0},{"damage_healed":0.0,"max_hp_gain":0.0,"max_hp_loss":0.0,"gold_gain":0.0,"event_name":"Winding Halls","player_choice":"Embrace Madness","floor":46.0,"gold_loss":0.0,"damage_taken":11.0,"cards_obtained":["Madness","Madness"]}],"is_beta":false,"boss_relics":[{"not_picked":["Runic Dome","Cursed Key"],"picked":"Black Star"},{"not_picked":["Velvet Choker","Runic Cube"],"picked":"Runic Pyramid"}],"items_purged_floors":[],"is_endless":false,"potions_floor_spawned":[1,5,19,25,33,37,41,42],"killed_by":"Awakened One","ascension_level":0}}