{"host":"ipcfr4ajj2jkxvg7","time":1609418270,"event":{"mods":["BaseMod","Colored Powertips","GifTheSpireLib","Marisa（F雨　魔理沙）","Minty Spire (QoL Compilation)","Quick Restart","Remilia（蕾米莉亚）","Replay The Spire","RumiaBox-露米娅的神秘盒子","StSLib"],"gold_per_floor":[116,135,154,154,171,202,202,228,255,255,287,287,54,66,66,141,141,141],"floor_reached":17,"playtime":537,"items_purged":["Defend_B"],"score":400,"play_id":"fad89710-2bc0-45aa-91c0-09d5ea4c1eec","local_time":"20201231203750","is_ascension_mode":true,"campfire_choices":[{"data":"VampireClaw","floor":7,"key":"SMITH"},{"data":"BloodHunter","floor":10,"key":"SMITH"},{"data":"TransientEternity","floor":15,"key":"SMITH"}],"circlet_count":0,"master_deck":["AscendersBane","Strike_RM","Strike_RM","Strike_RM","Strike_RM","Defend_RM","Defend_RM","Defend_RM","Defend_RM","RedMoon","ScarletShoot","Defend_P","BloodHunter+1","VampireClaw+1","NightDance","Regret","VampireKiss","VampireKiss","DiffusionOfMisfortune","DevilSight","TransientEternity+1","BloodySeventeenLaser"],"relics":["ScarletHat","Du-Vu Doll","AddBug","SecretRecord","SecretRecord"],"acts_visited":["Exordium","TheCity"],"potions_floor_usage":[11,11],"damage_taken":[{"damage":0.0,"enemies":"2 Louse","floor":1.0,"turns":3.0},{"damage":0.0,"enemies":"Small Slimes","floor":2.0,"turns":4.0},{"damage":5.0,"enemies":"Jaw Worm","floor":3.0,"turns":6.0},{"damage":12.0,"enemies":"Large Slime","floor":5.0,"turns":10.0},{"damage":17,"enemies":"3 Sentries","floor":6,"turns":8},{"damage":33,"enemies":"Lagavulin","floor":8,"turns":7},{"damage":0,"enemies":"Gremlin Nob","floor":11,"turns":2},{"damage":2,"enemies":"Exordium Wildlife","floor":14,"turns":3},{"damage":17,"enemies":"Hexaghost","floor":16,"turns":10}],"seed_played":"-1679555499552873996","potions_obtained":[{"floor":6,"key":"DuplicationPotion"},{"floor":8,"key":"SteroidPotion"},{"floor":11,"key":"Energy Potion"},{"floor":14,"key":"BlessingOfTheForge"}],"is_trial":false,"path_per_floor":["M","M","M","?","M","E","R","E","T","R","E","?","$","M","R","B",null],"character_chosen":"REMILIA","items_purchased":["TransientEternity"],"campfire_rested":0,"item_purchase_floors":[13],"current_hp_per_floor":[63,63,59,59,51,39,39,18,18,18,28,28,28,31,31,25,69,69],"gold":141,"neow_bonus":"ONE_RARE_RELIC","is_daily":false,"chose_seed":false,"campfire_upgraded":3,"win_rate":0.0,"timestamp":1609418270,"path_taken":["M","M","M","?","M","E","R","E","T","R","E","?","$","M","R","BOSS"],"items_purchased_type":["Card"],"build_version":"2020-12-22","purchased_purges":1,"victory":false,"max_hp_per_floor":[70,70,70,70,70,74,74,79,79,79,83,83,83,83,83,83,83,83],"card_choices":[{"not_picked":["FavorOfDestiny","VampireKiss"],"picked":"BloodHunter","floor":1.0},{"not_picked":["VampireSweep","BombardNight"],"picked":"VampireClaw","floor":2.0},{"not_picked":["DiffusionOfMisfortune","BombardNight"],"picked":"NightDance","floor":3.0},{"not_picked":["UnderTheZenith","EmergencyRegeneration"],"picked":"VampireKiss","floor":5.0},{"not_picked":["FitfulNightmare","BlasphemousPunishment"],"picked":"VampireKiss","floor":6},{"not_picked":["EndlessAdversity","EmergencyRegeneration"],"picked":"DiffusionOfMisfortune","floor":8},{"not_picked":["Ultimatum","NightDance"],"picked":"DevilSight","floor":11},{"not_picked":["ScarletSymphony","Ultimatum","StarOfDavid"],"picked":"SKIP","floor":14},{"not_picked":["HellCatastrophe","ChaoticDestiny"],"picked":"BloodySeventeenLaser","floor":16}],"player_experience":419163,"relics_obtained":[{"floor":1.0,"key":"AddBug"},{"floor":6,"key":"PreservedInsect"},{"floor":8,"key":"SecretRecord"},{"floor":8,"key":"Strawberry"},{"floor":11,"key":"War Paint"}],"event_choices":[{"damage_healed":0.0,"max_hp_gain":0.0,"max_hp_loss":0.0,"gold_gain":0.0,"event_name":"Big Fish","player_choice":"Box","floor":4.0,"gold_loss":0.0,"damage_taken":0.0,"relics_obtained":["MagicDraw2"],"cards_obtained":["Regret"]},{"damage_healed":0,"gold_gain":0,"player_choice":"Ignored","damage_taken":0,"max_hp_gain":0,"max_hp_loss":0,"event_name":"Golden Idol","floor":12,"gold_loss":0}],"is_beta":false,"boss_relics":[{"not_picked":["Replay:Ancient Bell","Tiny House"],"picked":"Philosopher\u0027s Stone"}],"items_purged_floors":[13],"is_endless":false,"potions_floor_spawned":[6,8,11,14],"ascension_level":20}}