{"host":"r0e4s450fexxrjel","time":1609431346,"event":{"mods":["AchievementEnabler","Act Like it!","AlwaysNeverKeys","BaseMod","Better Third Choice","Colored Map","Conspire","Dota2Spire","Downfall","Energized Spire","Evolution","Friendly Minions","GifTheSpireLib","Gold Saver","Hubris","Infinite Spire","Minty Spire (QoL Compilation)","RRrroohrrRGHHhhh!!","Replay The Spire","Shop Mod","StSLib","The Dragon Tamer","??????REMEMod"],"gold_per_floor":[117,117,117,142,167,207,221,221,294,294,64,89,125,125,125,244,244,262,12,12,12,27,61,80,105,105,105,124,160,185,37,128,261,261,261,261,261],"floor_reached":35,"playtime":2138,"items_purged":[],"score":607,"play_id":"bcf36550-b707-4ef0-bbce-bdffc55b149d","local_time":"20201231171546","is_ascension_mode":false,"metric_token":1498,"campfire_choices":[{"floor":8,"key":"REST"},{"data":"DTMod:Threaten","floor":15,"key":"SMITH"},{"floor":27,"key":"REST"}],"dtmod_dragon_data":[50,50,1,3,12,7],"circlet_count":0,"master_deck":["DTMod:Strike+1","DTMod:Strike+1","DTMod:Strike","DTMod:Strike","DTMod:DoubleHit","DTMod:TargetDefense","DTMod:TargetDefense","DTMod:TargetDefense","DTMod:TargetDefense","DTMod:SwitchingTactic","champ:HoldFirm","DTMod:Threaten","DTMod:DragonDance","DTMod:BalancedStrike","DTMod:FlameSlash","DTMod:Threaten+1","DTMod:Conduct","DTMod:Feint","DTMod:DragonDance","DTMod:TauntingStrike","DTMod:BalancedStrike","DTMod:DeepFocus","DTMod:TriAttack","DTMod:GearUp","DTMod:Inferno","DTMod:Hide","DTMod:BalancedStrike","DTMod:BizarreTactic","GremboGang","DTMod:Adaptation","DTMod:CleansingStrike","DTMod:TriAttack","DTMod:BlueScale","DTMod:Training","DTMod:BlazingStrike+1","DTMod:CalculatedDefense","DTMod:MagicField","champ:FanOfKnives","DTMod:Safeguard","DTMod:BreakAttack","DTMod:TauntingStrike","champ:FlashCut","DTMod:InvisibleFlame","DTMod:HeadStart","DTMod:HeadStart","DTMod:TriAttack","DTMod:StunTrap","champ:DancingMaster"],"relics":["DTMod:MagicStone","EVO:Axolotl","REME_ComplimentaryCards","Golden Idol","REME_IWantAll","Kunai","REME_CardOfGreed","infinitespire:Joker Card","DTMod:TheChair","hubris:Towel","hubris:DisguiseKit","Dota2Spire:BattleFury","Replay:Baseball","Ancient Tea Set","infinitespire:EvilPickle"],"acts_visited":["Exordium","TheCity","TheBeyond"],"potions_floor_usage":[12,16,16,24,24,24,33,33,33,35],"damage_taken":[{"damage":0,"enemies":"Jaw Worm","floor":1,"turns":5},{"damage":0,"enemies":"conspire:RoseBush","floor":4,"turns":3},{"damage":0,"enemies":"Small Slimes","floor":5,"turns":3},{"damage":1,"enemies":"Replay:BlueRogue","floor":6,"turns":7},{"damage":0,"enemies":"Exordium Wildlife","floor":7,"turns":2},{"damage":1,"enemies":"2 Fungi Beasts","floor":12,"turns":3},{"damage":0,"enemies":"Gremlin Nob","floor":13,"turns":4},{"damage":0,"enemies":"The Guardian","floor":16,"turns":11},{"damage":0,"enemies":"conspire:FuzzyDice","floor":18,"turns":5},{"damage":0,"enemies":"Spheric Guardian","floor":22,"turns":4},{"damage":0,"enemies":"Replay:Snechameleon","floor":23,"turns":7},{"damage":0,"enemies":"Chosen and Byrds","floor":24,"turns":7},{"damage":0,"enemies":"Snecko","floor":25,"turns":4},{"damage":0,"enemies":"3 Cultists","floor":28,"turns":4},{"damage":0,"enemies":"Book of Stabbing","floor":29,"turns":7},{"damage":0,"enemies":"Chosen and Byrds","floor":30,"turns":4},{"damage":3,"enemies":"Pondfish","floor":33,"turns":11},{"damage":0,"enemies":"3 Shapes","floor":35,"turns":2}],"seed_played":"-8727362282077080625","potions_obtained":[{"floor":1,"key":"Strength Potion"},{"floor":7,"key":"FearPotion"},{"floor":13,"key":"Strength Potion"},{"floor":22,"key":"Dota2Spire:Clarity"},{"floor":23,"key":"EntropicBrew"},{"floor":24,"key":"Dexterity Potion"},{"floor":33,"key":"PowerPotion"}],"is_trial":false,"path_per_floor":["M","?","?","M","M","E","M","R","T","?","$","M","E","?","R","B",null,"M","?","?","$","M","E","M","M","T","R","M","E","M","$","R_BF","B",null,"M"],"character_chosen":"THE_DT","items_purchased":["REME_CardOfGreed","DTMod:DragonDance","Ancient Tea Set"],"campfire_rested":2,"item_purchase_floors":[11,11,31],"current_hp_per_floor":[49,37,27,27,27,29,29,44,44,44,44,46,46,46,46,49,58,61,61,61,61,61,61,64,68,68,68,68,72,72,72,72,69,72,76,76,76],"gold":261,"neow_bonus":"TEN_PERCENT_HP_BONUS","is_daily":false,"chose_seed":false,"campfire_upgraded":1,"win_rate":0.0,"timestamp":1609431346,"path_taken":["M","?","?","M","M","E","M","R","T","?","$","?","E","?","R","BOSS","M","?","?","?","M","E","?","M","T","R","M","E","M","?","R_BF","BOSS","M"],"items_purchased_type":["Relic","Card","Relic"],"build_version":"2020-12-22","purchased_purges":0,"victory":false,"max_hp_per_floor":[49,49,49,49,49,52,52,52,52,52,52,55,55,55,55,58,58,61,61,61,61,61,61,64,68,68,68,68,72,72,72,72,72,72,76,76,76],"card_choices":[{"not_picked":["DTMod:StarRain","DTMod:MagicField"],"picked":"DTMod:Threaten","floor":1},{"not_picked":["DTMod:Conduct","DTMod:CrossStep"],"picked":"DTMod:DragonDance","floor":4},{"not_picked":["DTMod:BreakAttack","DTMod:Haste"],"picked":"DTMod:BalancedStrike","floor":5},{"not_picked":["DTMod:FlameSlash","DTMod:Threaten","DTMod:Conduct"],"picked":"Singing Bowl","floor":6},{"not_picked":["DTMod:LowKick","DTMod:Punisher"],"picked":"DTMod:Feint","floor":7},{"not_picked":["DTMod:TauntingStrike","DTMod:BalancedStrike","DTMod:DeepFocus"],"picked":"Singing Bowl","floor":12},{"not_picked":["DTMod:BreakAttack","DTMod:Conduct","DTMod:Weaken"],"picked":"SKIP","floor":13},{"not_picked":["DTMod:TriAttack","DTMod:GearUp","DTMod:Inferno"],"picked":"Singing Bowl","floor":16},{"not_picked":["DTMod:Hide","DTMod:BalancedStrike","DTMod:BizarreTactic"],"picked":"Singing Bowl","floor":18},{"not_picked":["DTMod:MagicField","DTMod:LastStand"],"picked":"DTMod:Adaptation","floor":22},{"not_picked":["DTMod:CleansingStrike","DTMod:TriAttack","DTMod:BlueScale"],"picked":"SKIP","floor":23},{"not_picked":["DTMod:WarmUp","DTMod:ShadowImage","DTMod:CrossStep"],"picked":"Singing Bowl","floor":24},{"not_picked":["DTMod:Astonish","DTMod:TauntingStrike","champ:BringItOn"],"picked":"DTMod:Training","floor":24},{"not_picked":["DTMod:BlazingStrike+1","DTMod:CalculatedDefense","DTMod:MagicField","champ:FanOfKnives"],"picked":"Singing Bowl","floor":25},{"not_picked":["DTMod:Feint","DTMod:SneakAttack","DTMod:StarRain","champ:ViciousMockery"],"picked":"SKIP","floor":28},{"not_picked":["DTMod:Safeguard","DTMod:BreakAttack","DTMod:TauntingStrike","champ:FlashCut"],"picked":"Singing Bowl","floor":29},{"not_picked":["DTMod:BuildUp","DTMod:Punisher+1","champ:Backstep"],"picked":"DTMod:InvisibleFlame","floor":30},{"not_picked":["DTMod:TriAttack","DTMod:StunTrap","champ:DancingMaster"],"picked":"DTMod:HeadStart","floor":33},{"not_picked":["DTMod:ExcessFootwork","DTMod:Adaptation","DTMod:InvisibleFlame"],"picked":"Singing Bowl","floor":35}],"player_experience":40338,"relics_obtained":[{"floor":6,"key":"REME_IWantAll"},{"floor":9,"key":"Kunai"},{"floor":13,"key":"infinitespire:Joker Card"},{"floor":23,"key":"hubris:DisguiseKit"},{"floor":26,"key":"Dota2Spire:BattleFury"},{"floor":29,"key":"Replay:Baseball"}],"event_choices":[{"damage_healed":0,"gold_gain":0,"player_choice":"Take Damage","damage_taken":12,"relics_obtained":["Golden Idol"],"max_hp_gain":0,"max_hp_loss":0,"event_name":"Golden Idol","floor":2,"gold_loss":0},{"damage_healed":37,"gold_gain":0,"player_choice":"Upgrade","damage_taken":10,"max_hp_gain":0,"max_hp_loss":49,"event_name":"betterThird:BetterShining","floor":3,"gold_loss":0,"cards_upgraded":["DTMod:Strike","DTMod:Strike"]},{"damage_healed":0,"gold_gain":0,"player_choice":"Leave","damage_taken":0,"max_hp_gain":0,"max_hp_loss":0,"event_name":"conspire:Investor","floor":14,"gold_loss":0}],"is_beta":false,"boss_relics":[{"not_picked":["conspire:RoyalGoblet","expansioncontent:StudyCardRelic"],"picked":"DTMod:TheChair"},{"not_picked":["Coffee Dripper","ChewingGum"],"picked":"DTMod:MagicStone"}],"items_purged_floors":[],"is_endless":false,"potions_floor_spawned":[1,7,13,22,23,24,28,33],"killed_by":"3 Shapes","ascension_level":0}}