{"host":"37dk0reb6x0du8wx","time":1609403544,"event":{"mods":["BaseMod","Colored Map","DeckTracker","Minty Spire (QoL Compilation)","Quick Restart","StSLib","SuperFastMode","The Dragon Tamer"],"gold_per_floor":[115,115,67,67,44,73,73,90,90,110,110,129,148,148,148,253,253,269,287,137,153,170,170,170,170],"floor_reached":24,"playtime":689,"items_purged":["Strike_B"],"score":208,"play_id":"df6e9528-a4d2-4070-a016-916ad02bd789","local_time":"20201231173224","is_ascension_mode":true,"campfire_choices":[{"data":"Zap","floor":7,"key":"SMITH"},{"data":"Defragment","floor":11,"key":"SMITH"},{"floor":15,"key":"REST"},{"floor":23,"key":"REST"}],"circlet_count":0,"master_deck":["Strike_B","Strike_B","Defend_B","Defend_B","Defend_B","Defend_B","Zap+1","Dualcast","Defragment+1","Ball Lightning","Leap","Ball Lightning","Compile Driver","Loop","Conserve Battery","Redo+1","Defragment","Defragment"],"relics":["Cracked Core","Regal Pillow","White Beast Statue","Tiny Chest","InkBottle","Inserter"],"acts_visited":["Exordium","TheCity"],"potions_floor_usage":[22],"damage_taken":[{"damage":6,"enemies":"Small Slimes","floor":1,"turns":4},{"damage":30,"enemies":"3 Sentries","floor":6,"turns":7},{"damage":1,"enemies":"Jaw Worm","floor":8,"turns":3},{"damage":0,"enemies":"Cultist","floor":10,"turns":3},{"damage":7,"enemies":"Lots of Slimes","floor":12,"turns":3},{"damage":6,"enemies":"Large Slime","floor":13,"turns":3},{"damage":20,"enemies":"The Guardian","floor":16,"turns":8},{"damage":13,"enemies":"3 Byrds","floor":18,"turns":4},{"damage":24,"enemies":"Shell Parasite","floor":19,"turns":5},{"damage":16,"enemies":"Snake Plant","floor":21,"turns":4},{"damage":10,"enemies":"Snecko","floor":22,"turns":4},{"damage":91,"enemies":"Gremlin Leader","floor":24,"turns":4}],"seed_played":"-3810624533018066033","potions_obtained":[{"floor":1,"key":"Fire Potion"},{"floor":6,"key":"EssenceOfDarkness"},{"floor":8,"key":"BlessingOfTheForge"},{"floor":18,"key":"FairyPotion"},{"floor":22,"key":"Energy Potion"}],"is_trial":false,"path_per_floor":["M","?","$","?","$","E","R","M","T","M","R","M","M","?","R","B",null,"M","M","$","M","M","R","E"],"character_chosen":"DEFECT","items_purchased":["Ball Lightning","Leap","Defragment"],"campfire_rested":2,"item_purchase_floors":[3,5,20],"current_hp_per_floor":[69,62,62,67,67,37,37,36,36,36,36,29,23,23,62,42,80,67,43,43,27,17,56,0,0],"gold":170,"neow_bonus":"RANDOM_COMMON_RELIC","is_daily":false,"chose_seed":false,"campfire_upgraded":2,"win_rate":0.0,"timestamp":1609403544,"path_taken":["M","?","$","?","$","E","R","M","T","M","R","M","M","?","R","BOSS","M","?","$","M","M","R","E"],"items_purchased_type":["Card","Card","Card"],"build_version":"2020-12-22","purchased_purges":1,"victory":false,"max_hp_per_floor":[75,75,75,80,80,80,80,80,80,80,80,80,80,80,80,80,80,80,80,80,80,80,80,80,80],"card_choices":[{"not_picked":["Rip and Tear","Compile Driver"],"picked":"Defragment","floor":1},{"not_picked":["Blizzard","Darkness","Force Field"],"picked":"SKIP","floor":6},{"not_picked":["Steam","Lockon"],"picked":"Ball Lightning","floor":8},{"not_picked":["Lockon","Chaos"],"picked":"Compile Driver","floor":10},{"not_picked":["Cold Snap","Conserve Battery"],"picked":"Loop","floor":12},{"not_picked":["Chill","Beam Cell"],"picked":"Conserve Battery","floor":13},{"not_picked":["Rebound+1","BootSequence","Beam Cell"],"picked":"SKIP","floor":18},{"not_picked":["Ball Lightning","Glacier+1"],"picked":"Redo+1","floor":19},{"not_picked":["Hello World","Scrape","Coolheaded"],"picked":"SKIP","floor":21},{"not_picked":["Sunder","Stack"],"picked":"Defragment","floor":22}],"player_experience":96862,"relics_obtained":[{"floor":6,"key":"Tiny Chest"},{"floor":9,"key":"InkBottle"}],"event_choices":[{"damage_healed":0,"gold_gain":0,"player_choice":"Success","damage_taken":7,"relics_obtained":["White Beast Statue"],"max_hp_gain":0,"max_hp_loss":0,"event_name":"Scrap Ooze","floor":2,"gold_loss":0},{"damage_healed":0,"gold_gain":0,"player_choice":"Donut","damage_taken":0,"max_hp_gain":5,"max_hp_loss":0,"event_name":"Big Fish","floor":4,"gold_loss":0},{"cards_removed":["Strike_B"],"damage_healed":0,"gold_gain":0,"player_choice":"Card Removal","damage_taken":0,"max_hp_gain":0,"max_hp_loss":0,"event_name":"Wheel of Change","floor":14,"gold_loss":0}],"is_beta":false,"boss_relics":[{"not_picked":["Fusion Hammer","Pandora\u0027s Box"],"picked":"Inserter"}],"items_purged_floors":[20],"is_endless":false,"potions_floor_spawned":[1,6,8,10,12,13,16,18,19,21,22],"killed_by":"Gremlin Leader","ascension_level":1}}