{"host":"qgru5siit3fz0wh9","time":1609438922,"event":{"mods":["AchievementEnabler","BaseMod","Highlight Path","Minty Spire (QoL Compilation)"],"gold_per_floor":[359,375,180,197,21,46,46,66,120,164,164,192,213,236,236,347,356,375,300,300,322,165,165,205,205,205,248,286,316,316,316,316,428,428,438,447,504,515,406,446,465,490,499,532,544,568,568,6,6,6],"floor_reached":51,"playtime":3417,"items_purged":["Defend_B","Normality"],"score":941,"play_id":"46dce0e0-0198-49ee-9df4-6f3a6989ef1f","local_time":"20201231192202","is_ascension_mode":true,"campfire_choices":[{"data":"Apotheosis","floor":7,"key":"SMITH"},{"floor":15,"key":"REST"},{"floor":23,"key":"REST"},{"floor":25,"key":"REST"},{"floor":30,"key":"REST"},{"floor":32,"key":"REST"},{"floor":47,"key":"REST"},{"floor":49,"key":"REST"}],"circlet_count":0,"master_deck":["Strike_B","Strike_B","Strike_B","Strike_B","Defend_B","Defend_B","Zap","Dualcast","Conserve Battery","Coolheaded","Apotheosis+1","Conserve Battery+1","Loop+1","Heatsinks","White Noise","Force Field+1","Defragment","Cold Snap","Creative AI","CurseOfTheBell","Turbo","Sweeping Beam","Panache","Rebound","Double Energy","Force Field","Echo Form","Blind","BootSequence","Defragment","Blizzard+1","Meteor Strike","Turbo+1","Capacitor+1"],"relics":["Cracked Core","CeramicFish","Gremlin Horn","Akabeko","Smiling Mask","Calling Bell","Centennial Puzzle","Mercury Hourglass","Lizard Tail","Enchiridion","Unceasing Top","Peace Pipe","Red Mask","Juzu Bracelet","Cursed Key","Turnip","Oddly Smooth Stone","Sundial","War Paint","Torii","ClockworkSouvenir"],"acts_visited":["Exordium","TheCity","TheBeyond"],"potions_floor_usage":[10,16,16,28,35,35,42,46,50],"damage_taken":[{"damage":0,"enemies":"Cultist","floor":1,"turns":3},{"damage":0,"enemies":"2 Louse","floor":2,"turns":3},{"damage":0,"enemies":"Jaw Worm","floor":4,"turns":4},{"damage":30,"enemies":"3 Sentries","floor":6,"turns":8},{"damage":3,"enemies":"3 Louse","floor":8,"turns":4},{"damage":0,"enemies":"Lagavulin","floor":10,"turns":5},{"damage":0,"enemies":"2 Fungi Beasts","floor":12,"turns":3},{"damage":0,"enemies":"Large Slime","floor":13,"turns":6},{"damage":0,"enemies":"Exordium Wildlife","floor":14,"turns":2},{"damage":11,"enemies":"Slime Boss","floor":16,"turns":6},{"damage":12,"enemies":"Spheric Guardian","floor":18,"turns":6},{"damage":5,"enemies":"Chosen","floor":21,"turns":5},{"damage":26,"enemies":"Slavers","floor":24,"turns":5},{"damage":8,"enemies":"Gremlin Leader","floor":27,"turns":5},{"damage":12,"enemies":"Masked Bandits","floor":28,"turns":3},{"damage":20,"enemies":"Slavers","floor":29,"turns":4},{"damage":21,"enemies":"Champ","floor":33,"turns":10},{"damage":0,"enemies":"3 Shapes","floor":35,"turns":5},{"damage":37,"enemies":"2 Orb Walkers","floor":37,"turns":4},{"damage":0,"enemies":"Orb Walker","floor":38,"turns":3},{"damage":0,"enemies":"Giant Head","floor":40,"turns":9},{"damage":0,"enemies":"Spire Growth","floor":41,"turns":5},{"damage":0,"enemies":"3 Darklings","floor":42,"turns":4},{"damage":3,"enemies":"Reptomancer","floor":44,"turns":5},{"damage":44,"enemies":"Sphere and 2 Shapes","floor":45,"turns":6},{"damage":0,"enemies":"4 Shapes","floor":46,"turns":3},{"damage":20,"enemies":"Awakened One","floor":50,"turns":9}],"seed_played":"-1187473479902515359","potions_obtained":[{"floor":1,"key":"SpeedPotion"},{"floor":6,"key":"Regen Potion"},{"floor":8,"key":"GamblersBrew"},{"floor":12,"key":"SteroidPotion"},{"floor":13,"key":"PowerPotion"},{"floor":24,"key":"CultistPotion"},{"floor":28,"key":"Dexterity Potion"},{"floor":33,"key":"SpeedPotion"},{"floor":35,"key":"Swift Potion"},{"floor":44,"key":"FearPotion"}],"is_trial":false,"path_per_floor":["M","M","$","M","$","E","R","M","T","E","?","M","M","M","R","B",null,"M","?","?","M","$","R","E","R","T","E","?","E","R","?","R","B",null,"M","?","?","M","$","E","M","M","T","E","M","M","R","$","R","B",null],"character_chosen":"DEFECT","items_purchased":["Apotheosis","CeramicFish","Loop","Panache","Defragment","Torii","ClockworkSouvenir","Weak Potion"],"campfire_rested":7,"item_purchase_floors":[3,5,5,22,39,48,48,48],"current_hp_per_floor":[68,68,68,68,68,38,38,35,35,40,40,40,40,40,60,49,68,56,56,40,35,35,55,29,49,49,41,29,9,29,29,49,28,68,68,63,26,26,26,26,26,26,26,23,23,23,43,43,63,43],"gold":6,"neow_bonus":"TWO_FIFTY_GOLD","is_daily":false,"chose_seed":false,"campfire_upgraded":1,"win_rate":0.0,"timestamp":1609438922,"path_taken":["M","?","$","M","$","E","R","M","T","E","?","M","M","M","R","BOSS","M","?","?","M","?","R","E","R","T","E","?","E","R","?","R","BOSS","M","?","?","M","$","E","M","M","T","E","M","M","R","?","R","BOSS"],"items_purchased_type":["Card","Relic","Card","Card","Card","Relic","Relic","Potion"],"build_version":"2020-12-22","purchased_purges":2,"victory":true,"max_hp_per_floor":[68,68,68,68,68,68,68,68,68,68,68,68,68,68,68,68,68,68,68,68,68,68,68,68,68,68,68,68,68,68,68,68,68,68,68,68,68,68,68,68,68,68,68,68,68,68,68,68,68,68],"card_choices":[{"not_picked":["Fusion","Cold Snap"],"picked":"Conserve Battery","floor":1},{"not_picked":["Beam Cell","Stack"],"picked":"Coolheaded","floor":2},{"not_picked":["Ball Lightning","Stack"],"picked":"Conserve Battery","floor":4},{"not_picked":["Rip and Tear","Leap","Hologram"],"picked":"SKIP","floor":6},{"not_picked":["Leap","Barrage"],"picked":"Heatsinks","floor":8},{"not_picked":["Stack","Gash"],"picked":"White Noise","floor":10},{"not_picked":["Ball Lightning","Skim"],"picked":"Force Field","floor":12},{"not_picked":["Doom and Gloom","Ball Lightning"],"picked":"Defragment","floor":13},{"not_picked":["Rainbow","Compile Driver"],"picked":"Cold Snap","floor":14},{"not_picked":["Meteor Strike","Rainbow"],"picked":"Creative AI","floor":16},{"not_picked":["Beam Cell","Conserve Battery"],"picked":"Turbo","floor":18},{"not_picked":["Chaos+1","Glacier+1"],"picked":"Sweeping Beam","floor":21},{"not_picked":["Static Discharge+1","Streamline"],"picked":"Rebound","floor":24},{"not_picked":["Force Field+1","Stack"],"picked":"Double Energy","floor":27},{"not_picked":["Stack","Redo"],"picked":"Force Field","floor":28},{"not_picked":["Force Field","Redo","Gash+1"],"picked":"SKIP","floor":29},{"not_picked":["Multi-Cast","Core Surge"],"picked":"Echo Form","floor":33},{"not_picked":["Streamline","Go for the Eyes","Leap"],"picked":"SKIP","floor":35},{"not_picked":["Metamorphosis","Trip"],"picked":"Blind","floor":36},{"not_picked":["Sweeping Beam","Cold Snap"],"picked":"BootSequence","floor":37},{"not_picked":["Force Field","Beam Cell+1","BootSequence"],"picked":"SKIP","floor":38},{"not_picked":["FTL","Hologram"],"picked":"Blizzard+1","floor":40},{"not_picked":["Leap","Barrage+1"],"picked":"Meteor Strike","floor":41},{"not_picked":["Barrage+1","Leap+1"],"picked":"Turbo+1","floor":42},{"not_picked":["Tempest","Gash","Doom and Gloom"],"picked":"SKIP","floor":44},{"not_picked":["Conserve Battery","Go for the Eyes","Chaos"],"picked":"SKIP","floor":45},{"not_picked":["Rebound","Coolheaded"],"picked":"Capacitor+1","floor":46}],"player_experience":364018,"relics_obtained":[{"floor":6,"key":"Gremlin Horn"},{"floor":9,"key":"Akabeko"},{"floor":10,"key":"Smiling Mask"},{"floor":17,"key":"Centennial Puzzle"},{"floor":17,"key":"Mercury Hourglass"},{"floor":17,"key":"Lizard Tail"},{"floor":20,"key":"Enchiridion"},{"floor":24,"key":"Unceasing Top"},{"floor":27,"key":"Peace Pipe"},{"floor":28,"key":"Red Mask"},{"floor":29,"key":"Juzu Bracelet"},{"floor":37,"key":"Turnip"},{"floor":40,"key":"Oddly Smooth Stone"},{"floor":43,"key":"Sundial"},{"floor":44,"key":"War Paint"}],"event_choices":[{"damage_healed":0,"gold_gain":0,"player_choice":"Upgraded","damage_taken":0,"max_hp_gain":0,"max_hp_loss":0,"event_name":"Upgrade Shrine","floor":11,"gold_loss":0,"cards_upgraded":["Loop"]},{"cards_removed":["Defend_B"],"damage_healed":0,"gold_gain":0,"player_choice":"Gave Gold","damage_taken":0,"max_hp_gain":0,"max_hp_loss":0,"event_name":"Beggar","floor":19,"gold_loss":75},{"damage_healed":0,"gold_gain":0,"player_choice":"Obtained Book","damage_taken":16,"max_hp_gain":0,"max_hp_loss":0,"event_name":"Cursed Tome","floor":20,"gold_loss":0},{"damage_healed":0,"gold_gain":0,"player_choice":"Fought Bandits","damage_taken":0,"max_hp_gain":0,"max_hp_loss":0,"event_name":"Masked Bandits","floor":28,"gold_loss":0},{"damage_healed":0,"gold_gain":0,"player_choice":"Ignored","damage_taken":0,"max_hp_gain":0,"max_hp_loss":0,"event_name":"Vampires","floor":31,"gold_loss":0},{"damage_healed":0,"gold_gain":0,"player_choice":"Memory 2","damage_taken":5,"max_hp_gain":0,"max_hp_loss":0,"event_name":"SensoryStone","floor":36,"gold_loss":0},{"damage_healed":0,"gold_gain":0,"player_choice":"Fight","damage_taken":0,"max_hp_gain":0,"max_hp_loss":0,"event_name":"Mysterious Sphere","floor":37,"gold_loss":0}],"is_beta":false,"boss_relics":[{"not_picked":["Velvet Choker","Snecko Eye"],"picked":"Calling Bell"},{"not_picked":["SacredBark","Runic Dome"],"picked":"Cursed Key"}],"items_purged_floors":[39,48],"is_endless":false,"potions_floor_spawned":[1,6,8,12,13,24,28,33,35,44],"ascension_level":3}}