{"host":"31zwhwtym9x8cse5","time":1609403520,"event":{"mods":["ATMod(°¢èªMod)","BaseMod","Dota2Spire","Faster Ascension Climbing","GungeonMod","Lobotomy","Minty Spire (QoL Compilation)","Quick Restart","Replay The Spire","StSLib","The Poker Player","Yakumo Yukari mod","Youmu£¨»êÆÇÑýÃÎ£©","[IsaacMod]ÒÔÈö¼âËþ","¡¾ÒÅÎï¿¨ÅÆ¡¿REMEMod"],"gold_per_floor":[112,37,50,69,89,154,154,154,154],"floor_reached":7,"playtime":350,"items_purged":["PokerPlayerMod:Spade1"],"score":77,"play_id":"9dd2aa76-6b1a-4dc7-bf5c-821576a2e800","local_time":"20201231163200","daily_mods":["Vintage","Heirloom","Time Dilation","Flight","DeadlyEvents","Elite Swarm"],"is_ascension_mode":true,"metric_token":982,"campfire_choices":[],"circlet_count":0,"master_deck":["PokerPlayerMod:Diamond1","PokerPlayerMod:Diamond2","PokerPlayerMod:Diamond3","PokerPlayerMod:Diamond4","PokerPlayerMod:Diamond5","PokerPlayerMod:Spade2","PokerPlayerMod:Spade3","PokerPlayerMod:Spade4","PokerPlayerMod:Club1","PokerPlayerMod:Club2","PokerPlayerMod:Heart2","PokerPlayerMod:TrumpStrike","PokerPlayerMod:BadJoker","PokerPlayerMod:Mulligan","PokerPlayerMod:Club6"],"relics":["PokerPlayerMod:DeckCase","AT_ATBox","REME_ComplimentaryCards","HushsDoor","Dota2Spire:DivineRapier","DemoMod:PinkGuonStone","Damocles","UnicornStump","SatanicBible","Dota2Spire:Mjollnir","Dota2Spire:ShadowBlade","StrikeDummy","D4","BelialBook","StoneCalendar"],"acts_visited":["Exordium"],"potions_floor_usage":[6],"damage_taken":[{"damage":5,"enemies":"2 Louse","floor":1,"turns":2},{"damage":0,"enemies":"Cultist","floor":3,"turns":3},{"damage":0,"enemies":"Jaw Worm","floor":4,"turns":1},{"damage":7,"enemies":"Looter","floor":5,"turns":2},{"damage":43,"enemies":"Lagavulin","floor":6,"turns":7},{"damage":20,"enemies":"Gremlin Nob","floor":7,"turns":2}],"seed_played":"-8437427141117944093","potions_obtained":[{"floor":4,"key":"REME_GoldPotion"}],"is_trial":true,"path_per_floor":["M","$","M","M","M","E","E"],"character_chosen":"THE_POKER_PLAYER","items_purchased":[],"campfire_rested":0,"item_purchase_floors":[],"current_hp_per_floor":[53,53,55,55,50,10,0,0,0],"gold":154,"neow_bonus":"","is_daily":false,"chose_seed":false,"campfire_upgraded":0,"win_rate":0.0,"timestamp":1609403520,"path_taken":["M","$","M","M","M","E","E"],"items_purchased_type":[],"build_version":"2020-12-22","purchased_purges":1,"victory":false,"max_hp_per_floor":[59,59,59,59,59,59,59,59,59],"card_choices":[{"not_picked":["PokerPlayerMod:TheDieIsCast","PokerPlayerMod:Club4"],"picked":"PokerPlayerMod:Club6","floor":6}],"player_experience":94868,"relics_obtained":[{"floor":1,"key":"DemoMod:PinkGuonStone"},{"floor":3,"key":"UnicornStump"},{"floor":3,"key":"SatanicBible"},{"floor":4,"key":"Dota2Spire:Mjollnir"},{"floor":4,"key":"Dota2Spire:ShadowBlade"},{"floor":5,"key":"StrikeDummy"},{"floor":5,"key":"D4"},{"floor":6,"key":"BelialBook"},{"floor":6,"key":"StoneCalendar"}],"event_choices":[],"is_beta":false,"boss_relics":[],"items_purged_floors":[2],"is_endless":true,"potions_floor_spawned":[4],"killed_by":"Gremlin Nob","ascension_level":9}}