{"host":"6r341r9cz00j2qc1","time":1609374391,"event":{"mods":["BaseMod","Better Third Choice","Downfall","GungeonMod","Hermit","Lobotomy","LobotomyExtend","Minty Spire (QoL Compilation)","Shop Mod","StSLib"],"gold_per_floor":[111,111,111,111,126,160,160,45,45,61,61,82,157,157,157,157,157],"floor_reached":16,"playtime":2554,"items_purged":[],"score":98,"play_id":"eac2cc15-dbe1-4b41-a25f-057e856e9a79","local_time":"20201231012631","is_ascension_mode":false,"campfire_choices":[{"floor":11,"key":"REST"},{"floor":15,"key":"REST"}],"circlet_count":0,"master_deck":["hermit:Strike_Hermit","hermit:Strike_Hermit","hermit:Strike_Hermit","hermit:Strike_Hermit","hermit:Defend_Hermit","hermit:Defend_Hermit","hermit:Defend_Hermit","hermit:Defend_Hermit","hermit:Snapshot","hermit:Covet","Wellcheers","hermit:Quickdraw+1","Injury","hermit:Feint","hermit:Manifest","Bloodbath","hermit:FlashPowder","MHz","hermit:Virtue","hermit:Headshot","Regret"],"relics":["hermit:Momento","CogitoBucket","LetterFromLob","Bag of Marbles","Golden Idol","hermit:RedScarf","DemoMod:GnawedKey","DemoMod:Relodestone","Gambling Chip","PreservedInsect"],"acts_visited":["Exordium"],"potions_floor_usage":[16],"damage_taken":[{"damage":3,"enemies":"2 Louse","floor":1,"turns":3},{"damage":0,"enemies":"Jaw Worm","floor":5,"turns":2},{"damage":41,"enemies":"Gremlin Nob","floor":6,"turns":6},{"damage":0,"enemies":"Cultist","floor":10,"turns":2},{"damage":0,"enemies":"3 Louse","floor":12,"turns":2},{"damage":60,"enemies":"3 Sentries","floor":13,"turns":22},{"damage":38,"enemies":"The Guardian","floor":16,"turns":10}],"seed_played":"-2535956011928758355","potions_obtained":[{"floor":6,"key":"DemoMod:LeadSkinPotion"},{"floor":13,"key":"SpeedPotion"}],"is_trial":false,"path_per_floor":["M","?","?","?","M","E","?","$","T","M","R","M","?","?","R","B"],"character_chosen":"HERMIT","items_purchased":["DemoMod:GnawedKey"],"campfire_rested":2,"item_purchase_floors":[8],"current_hp_per_floor":[72,69,69,69,72,31,35,35,35,35,57,57,8,8,30,0,0],"gold":157,"neow_bonus":"","is_daily":false,"chose_seed":false,"campfire_upgraded":0,"win_rate":0.0,"timestamp":1609374391,"path_taken":["M","?","?","?","?","E","?","?","T","?","R","M","?","?","R","BOSS"],"items_purchased_type":["Relic"],"build_version":"2020-12-22","purchased_purges":0,"victory":false,"max_hp_per_floor":[75,75,75,75,75,75,75,75,75,75,75,75,75,75,75,75,75],"card_choices":[{"not_picked":["WallGazer","FairyFestival"],"picked":"Wellcheers","floor":1},{"not_picked":["hermit:Brawl","hermit:Headshot"],"picked":"hermit:Quickdraw","floor":1},{"not_picked":["CherryBlossoms","WallGazer"],"picked":"Mercenary","floor":5},{"not_picked":["hermit:ItchyTrigger","hermit:Ricochet"],"picked":"hermit:Feint","floor":5},{"not_picked":["PunishingBird","Murderer","SpiderBud"],"picked":"Singing Bowl","floor":6},{"not_picked":["hermit:Gambit","hermit:CursedWeapon"],"picked":"hermit:Manifest","floor":6},{"not_picked":["LittleHelper","CherryBlossoms"],"picked":"Bloodbath","floor":10},{"not_picked":["hermit:BigShot","hermit:CursedWeapon"],"picked":"hermit:FlashPowder","floor":10},{"not_picked":["BeautyBeast","MHz","LongBird"],"picked":"Singing Bowl","floor":12},{"not_picked":["SnowQueen","WallGazer"],"picked":"MHz","floor":12},{"not_picked":["hermit:Maintenance","hermit:HoleUp"],"picked":"hermit:Virtue","floor":12},{"not_picked":["WallGazer","CherryBlossoms","PunishingBird"],"picked":"Singing Bowl","floor":13},{"not_picked":["hermit:ItchyTrigger","hermit:Ricochet"],"picked":"hermit:Headshot","floor":13}],"player_experience":445887,"relics_obtained":[{"floor":1,"key":"LetterFromLob"},{"floor":6,"key":"hermit:RedScarf"},{"floor":9,"key":"DemoMod:Relodestone"},{"floor":13,"key":"Gambling Chip"}],"event_choices":[{"damage_healed":0,"gold_gain":0,"player_choice":"Relic ","damage_taken":3,"max_hp_gain":0,"max_hp_loss":0,"event_name":"betterThird:BetterScrap","floor":2,"gold_loss":0,"cards_obtained":["Burst"]},{"damage_healed":0,"gold_gain":0,"player_choice":"Take Wound","damage_taken":0,"relics_obtained":["Golden Idol"],"max_hp_gain":0,"max_hp_loss":0,"event_name":"Golden Idol","floor":3,"gold_loss":0,"cards_obtained":["Injury"]},{"damage_healed":0,"gold_gain":0,"player_choice":"Grow","damage_taken":0,"max_hp_gain":0,"max_hp_loss":0,"event_name":"Living Wall","floor":4,"gold_loss":0,"cards_upgraded":["hermit:Quickdraw"]},{"damage_healed":0,"gold_gain":0,"player_choice":"Searched \u00272\u0027 times","damage_taken":0,"max_hp_gain":0,"max_hp_loss":0,"event_name":"Dead Adventurer","floor":13,"gold_loss":0},{"damage_healed":0,"gold_gain":0,"player_choice":"Box","damage_taken":0,"relics_obtained":["PreservedInsect"],"max_hp_gain":0,"max_hp_loss":0,"event_name":"Big Fish","floor":14,"gold_loss":0,"cards_obtained":["Regret"]}],"is_beta":false,"boss_relics":[],"items_purged_floors":[],"is_endless":false,"potions_floor_spawned":[6,13],"killed_by":"The Guardian","ascension_level":0}}