{"host":"37dk0reb6x0du8wx","time":1609414751,"event":{"mods":["BaseMod","Colored Map","DeckTracker","Minty Spire (QoL Compilation)","Quick Restart","StSLib","SuperFastMode","The Dragon Tamer"],"gold_per_floor":[113,123,123,74,87,122,122,133,133,133,133,58,77,94,94,94,94],"floor_reached":16,"playtime":272,"items_purged":["Strike_B"],"score":112,"play_id":"41457dd7-894c-40a2-a494-c037a2b3ac42","local_time":"20201231203911","is_ascension_mode":true,"campfire_choices":[{"floor":7,"key":"REST"},{"floor":15,"key":"REST"}],"circlet_count":0,"master_deck":["Strike_B+1","Strike_B+1","Strike_B+1","Defend_B","Defend_B+1","Defend_B","Defend_B","Dualcast","Defragment","Redo","BootSequence","Defragment","Conserve Battery"],"relics":["Cracked Core","Whetstone","Blue Candle","Mercury Hourglass"],"acts_visited":["Exordium"],"potions_floor_usage":[11],"damage_taken":[{"damage":2,"enemies":"Jaw Worm","floor":1,"turns":3},{"damage":16,"enemies":"2 Louse","floor":2,"turns":3},{"damage":0,"enemies":"Small Slimes","floor":5,"turns":3},{"damage":44,"enemies":"Gremlin Nob","floor":6,"turns":5},{"damage":3,"enemies":"Blue Slaver","floor":8,"turns":2},{"damage":0,"enemies":"3 Sentries","floor":11,"turns":2},{"damage":7,"enemies":"2 Fungi Beasts","floor":13,"turns":3},{"damage":0,"enemies":"Exordium Wildlife","floor":14,"turns":2},{"damage":35,"enemies":"Slime Boss","floor":16,"turns":3}],"seed_played":"3132065924214373721","potions_obtained":[{"floor":1,"key":"SmokeBomb"},{"floor":2,"key":"Energy Potion"}],"is_trial":false,"path_per_floor":["M","M","?","$","M","E","R","M","T","?","?","$","M","M","R","B"],"character_chosen":"DEFECT","items_purchased":["Redo"],"campfire_rested":2,"item_purchase_floors":[4],"current_hp_per_floor":[73,57,50,50,50,6,28,25,25,10,10,10,3,3,25,0,0],"gold":94,"neow_bonus":"RANDOM_COMMON_RELIC","is_daily":false,"chose_seed":false,"campfire_upgraded":0,"win_rate":0.0,"timestamp":1609414751,"path_taken":["M","M","?","$","M","E","R","M","T","?","?","?","?","M","R","BOSS"],"items_purchased_type":["Card"],"build_version":"2020-12-22","purchased_purges":1,"victory":false,"max_hp_per_floor":[75,75,75,75,75,75,75,75,75,75,75,75,75,75,75,75,75],"card_choices":[{"not_picked":["Rebound","Leap"],"picked":"Defragment","floor":1},{"not_picked":["Turbo","Blizzard","Coolheaded"],"picked":"SKIP","floor":2},{"not_picked":["Cold Snap","Gash"],"picked":"BootSequence","floor":5},{"not_picked":["Sweeping Beam","Rip and Tear","Double Energy"],"picked":"SKIP","floor":6},{"not_picked":["Sweeping Beam","Chill"],"picked":"Defragment","floor":8},{"not_picked":["Doom and Gloom","Fusion","Force Field"],"picked":"SKIP","floor":13},{"not_picked":["Gash","Go for the Eyes"],"picked":"Conserve Battery","floor":14}],"player_experience":107224,"relics_obtained":[{"floor":6,"key":"Blue Candle"},{"floor":9,"key":"Mercury Hourglass"}],"event_choices":[{"cards_removed":["Zap"],"damage_healed":0,"gold_gain":0,"player_choice":"Card Removal","damage_taken":7,"max_hp_gain":0,"max_hp_loss":0,"event_name":"Golden Wing","floor":3,"gold_loss":0},{"damage_healed":0,"gold_gain":0,"player_choice":"Entered Light","damage_taken":15,"max_hp_gain":0,"max_hp_loss":0,"event_name":"Shining Light","floor":10,"gold_loss":0,"cards_upgraded":["Defend_B","Strike_B"]},{"damage_healed":0,"gold_gain":0,"player_choice":"Searched \u00271\u0027 times","damage_taken":0,"max_hp_gain":0,"max_hp_loss":0,"event_name":"Dead Adventurer","floor":11,"gold_loss":0}],"is_beta":false,"boss_relics":[],"items_purged_floors":[12],"is_endless":false,"potions_floor_spawned":[1,2],"killed_by":"Slime Boss","ascension_level":2}}