{"host":"rmsq46plbpwfbxcc","time":1609421974,"event":{"mods":["AchievementEnabler","BaseMod","Colored Map","Colored Powertips","DeckTracker","KOR Keyword Fix","Minty Spire (QoL Compilation)","Permanent Neow","Quick Restart","SuperFastMode"],"gold_per_floor":[117,117,137,155,41,69,69,80,80,80,97,117,127,144,144,144,144],"floor_reached":16,"playtime":409,"items_purged":["Defend_G"],"score":212,"play_id":"1d34f10e-6d4e-4df1-8685-8857f63df93c","local_time":"20201231223934","is_ascension_mode":true,"campfire_choices":[{"data":"Blade Dance","floor":7,"key":"SMITH"},{"data":"Cloak And Dagger","floor":10,"key":"SMITH"},{"floor":15,"key":"REST"}],"circlet_count":0,"master_deck":["AscendersBane","Strike_G","Strike_G","Strike_G","Strike_G","Defend_G","Defend_G","Defend_G","Defend_G","Survivor","Neutralize","CurseOfTheBell","Dagger Spray","Bullet Time","Blade Dance+1","Choke","Blur","Cloak And Dagger+1","PiercingWail","Accuracy+1"],"relics":["Calling Bell","Boot","Shuriken","Calipers","Frozen Egg 2"],"acts_visited":["Exordium"],"potions_floor_usage":[11,16],"damage_taken":[{"damage":0,"enemies":"2 Louse","floor":1,"turns":4},{"damage":0,"enemies":"Cultist","floor":3,"turns":4},{"damage":12,"enemies":"Jaw Worm","floor":4,"turns":2},{"damage":27,"enemies":"3 Sentries","floor":6,"turns":6},{"damage":5,"enemies":"Gremlin Gang","floor":8,"turns":4},{"damage":4,"enemies":"3 Louse","floor":11,"turns":2},{"damage":1,"enemies":"Looter","floor":12,"turns":2},{"damage":3,"enemies":"Blue Slaver","floor":13,"turns":3},{"damage":0,"enemies":"Red Slaver","floor":14,"turns":3},{"damage":27,"enemies":"The Guardian","floor":16,"turns":8}],"seed_played":"2387732235401520401","potions_obtained":[{"floor":6,"key":"Fire Potion"},{"floor":11,"key":"Swift Potion"}],"is_trial":false,"path_per_floor":["M","?","M","M","$","E","R","M","T","R","M","M","M","M","R","B"],"character_chosen":"THE_SILENT","items_purchased":["Choke"],"campfire_rested":1,"item_purchase_floors":[5],"current_hp_per_floor":[59,59,59,47,47,20,20,15,15,15,11,10,7,7,26,0,0],"gold":144,"neow_bonus":"BOSS_RELIC","is_daily":false,"chose_seed":false,"campfire_upgraded":2,"win_rate":0.0,"timestamp":1609421974,"path_taken":["M","?","?","M","$","E","R","M","T","R","M","M","M","M","R","BOSS"],"items_purchased_type":["Card"],"build_version":"2020-12-22","purchased_purges":1,"victory":false,"max_hp_per_floor":[66,66,66,66,66,66,66,66,66,66,66,66,66,66,66,66,66],"card_choices":[{"not_picked":["Quick Slash","Poisoned Stab"],"picked":"Dagger Spray","floor":1},{"not_picked":["Deflect","Backflip"],"picked":"Blade Dance","floor":3},{"not_picked":["Dodge and Roll","Eviscerate","Crippling Poison"],"picked":"SKIP","floor":4},{"not_picked":["Bouncing Flask","Leg Sweep"],"picked":"Blur","floor":6},{"not_picked":["Bane","Acrobatics"],"picked":"Cloak And Dagger","floor":8},{"not_picked":["Predator","Underhanded Strike","Catalyst"],"picked":"SKIP","floor":11},{"not_picked":["Prepared","Dodge and Roll"],"picked":"PiercingWail","floor":12},{"not_picked":["PiercingWail","Underhanded Strike","Slice"],"picked":"SKIP","floor":13},{"not_picked":["Glass Knife","Concentrate"],"picked":"Accuracy+1","floor":14}],"player_experience":1421726,"relics_obtained":[{"floor":0,"key":"Boot"},{"floor":0,"key":"Shuriken"},{"floor":0,"key":"Calipers"},{"floor":6,"key":"Frozen Egg 2"}],"event_choices":[{"damage_healed":0,"gold_gain":0,"cards_transformed":["Strike_G"],"player_choice":"Transformed","damage_taken":0,"max_hp_gain":0,"max_hp_loss":0,"event_name":"Transmorgrifier","floor":2,"gold_loss":0,"cards_obtained":["Bullet Time"]}],"is_beta":false,"boss_relics":[],"items_purged_floors":[5],"is_endless":false,"potions_floor_spawned":[6,11],"killed_by":"The Guardian","ascension_level":20}}