{"host":"le69utka9ynaq64d","time":1609403743,"event":{"mods":["AchievementEnabler","Aspiration","BaseMod","Block Reminder","Conspire","Energized Spire","GifTheSpireLib","Halation","Hubris","Minty Spire (QoL Compilation)","Permanent Neow","Quick Restart","Replay The Spire","RiskOfSpire","StSLib","Stuff the Spire","Trackpad","Uncapped","vexMod"],"gold_per_floor":[117,35,35,8,19,19,33,64,64,64,95,128,128,128],"floor_reached":13,"playtime":814,"items_purged":[],"score":101,"play_id":"75949f90-1da9-4994-8371-70dbf607ee04","local_time":"20201231033543","daily_mods":["Heirloom","DeadlyEvents","Elite Swarm"],"is_ascension_mode":false,"campfire_choices":[{"data":"Noxious Fumes","floor":6.0,"key":"SMITH"},{"floor":10.0,"key":"REST"}],"circlet_count":0,"master_deck":["Strike_G","Strike_G","Strike_G","Strike_G","Strike_G","Defend_G","Defend_G","Defend_G","Defend_G","Defend_G","Survivor","Neutralize","Hidden Blade","Noxious Fumes+1","Outmaneuver","Footwork","Replay:Bag of Tricks","Berserk","Envenom"],"relics":["Ring of the Snake","Ginger","halation:EternalFortune","hubris:DisguiseKit","Ornamental Fan","trackpad:DisasterInABottle"],"acts_visited":["Exordium"],"potions_floor_usage":[],"damage_taken":[{"damage":9.0,"enemies":"Small Slimes","floor":1.0,"turns":4.0},{"damage":0.0,"enemies":"2 Louse","floor":5.0,"turns":2.0},{"damage":0.0,"enemies":"conspire:RoseBush","floor":7.0,"turns":3.0},{"damage":25.0,"enemies":"3 Sentries","floor":8.0,"turns":8.0},{"damage":30.0,"enemies":"Gremlin Nob","floor":11.0,"turns":5.0},{"damage":4.0,"enemies":"Replay:BlueRogue","floor":12.0,"turns":6.0},{"damage":32,"enemies":"Gremlin Nob","floor":13,"turns":3}],"seed_played":"-8353054195651003692","potions_obtained":[{"floor":5.0,"key":"Elixir"},{"floor":8.0,"key":"Flashbang"},{"floor":11.0,"key":"GamblersBrew"}],"is_trial":true,"path_per_floor":["M","$","?","$","M","R","M","E","T","R","E","E","E"],"character_chosen":"THE_SILENT","items_purchased":["Noxious Fumes","Outmaneuver"],"campfire_rested":1,"item_purchase_floors":[2,4],"current_hp_per_floor":[61,61,64,64,64,64,64,42,42,64,34,30,0,0],"gold":128,"neow_bonus":"","is_daily":false,"chose_seed":false,"campfire_upgraded":1,"win_rate":0.0,"timestamp":1609403743,"path_taken":["M","$","?","$","M","R","M","E","T","R","E","?","E"],"items_purchased_type":["Card","Card"],"build_version":"2020-12-22","purchased_purges":0,"victory":false,"max_hp_per_floor":[70,70,73,73,73,73,73,76,76,76,76,76,76,76],"card_choices":[{"not_picked":["Flying Knee","Dodge and Roll"],"picked":"Hidden Blade","floor":1.0},{"not_picked":["Malaise","StuffTheSpire:ClusterCrunch","Quick Slash"],"picked":"SKIP","floor":5.0},{"not_picked":["Hidden Blade","Flechettes"],"picked":"Footwork","floor":7.0},{"not_picked":["aspiration:Lunge","StuffTheSpire:FinalStruggle"],"picked":"Replay:Bag of Tricks","floor":8.0},{"not_picked":["ReplayTheSpireMod:Necrosis","Unload","Replay:Bag of Tricks"],"picked":"Berserk","floor":11.0},{"not_picked":["Die Die Die","Doppelganger","StuffTheSpire:TitanForm"],"picked":"Envenom","floor":12.0}],"player_experience":359203,"relics_obtained":[{"floor":8.0,"key":"halation:EternalFortune"},{"floor":8.0,"key":"hubris:DisguiseKit"},{"floor":9.0,"key":"Ornamental Fan"},{"floor":12.0,"key":"trackpad:DisasterInABottle"}],"event_choices":[],"is_beta":false,"boss_relics":[],"items_purged_floors":[],"is_endless":false,"potions_floor_spawned":[5,8,11],"killed_by":"Gremlin Nob","ascension_level":0}}