{"host":"FirstDane","time":1609392815,"event":{"mods":["BaseMod","Bestiary","Highlight Path","Minty Spire (QoL Compilation)","Relic Stats","Slay the Relics Exporter"],"gold_per_floor":[109,128,53,16,30,30,64,64,64,64,88,115,115,148,148,241,241,261,261,51,65,86,129,129,165,191,206,219,260,47,65,65,161,161,177,191,205,221,234,277,277,297,297,337,337,371,127,142,142,142,142,142,142,4,4,4],"floor_reached":55,"playtime":6542,"items_purged":["Strike_G","Pain","Strike_G"],"score":2124,"play_id":"3b65c3d4-602a-4276-90dc-a843247d728f","local_time":"20201230233335","is_ascension_mode":true,"campfire_choices":[{"data":"Blade Dance","floor":6,"key":"SMITH"},{"data":"Deadly Poison","floor":8,"key":"SMITH"},{"data":"Quick Slash","floor":10,"key":"SMITH"},{"data":"Blade Dance","floor":15,"key":"SMITH"},{"floor":24,"key":"REST"},{"floor":32,"key":"RECALL"},{"floor":41,"key":"REST"},{"floor":49,"key":"REST"},{"floor":53,"key":"REST"}],"circlet_count":0,"master_deck":["AscendersBane","Defend_G","Defend_G","Defend_G","Defend_G","Defend_G","Survivor","Neutralize","Quick Slash+1","Sucker Punch","Blade Dance+1","Deadly Poison+1","PiercingWail","Blade Dance+1","Phantasmal Killer","Footwork","Acrobatics","Blur+1","Blur","Escape Plan","Dash+1","Noxious Fumes","Venomology","Sucker Punch+1","Wraith Form v2+1","Night Terror+1","Terror","Blur","Dodge and Roll","Blade Dance","Phantasmal Killer","Bane","Accuracy","Backflip"],"relics":["SacredBark","Bottled Lightning","Eternal Feather","Happy Flower","Strawberry","Golden Idol","Pen Nib","Fusion Hammer","WarpedTongs","Kunai","Bird Faced Urn","Mercury Hourglass","Astrolabe","Blue Candle","Torii","Akabeko","Singing Bowl","Centennial Puzzle"],"acts_visited":["Exordium","TheCity","TheBeyond","TheEnding"],"potions_floor_usage":[7,7,7,14,16,21,23,28,29,35,36,37,38,39,40,42,44,46,46,50,51,55],"damage_taken":[{"damage":11,"enemies":"Jaw Worm","floor":1,"turns":6},{"damage":0,"enemies":"2 Louse","floor":2,"turns":2},{"damage":0,"enemies":"Small Slimes","floor":5,"turns":6},{"damage":17,"enemies":"Gremlin Nob","floor":7,"turns":5},{"damage":13,"enemies":"Lagavulin","floor":12,"turns":7},{"damage":26,"enemies":"Gremlin Nob","floor":14,"turns":4},{"damage":4,"enemies":"Hexaghost","floor":16,"turns":10},{"damage":12,"enemies":"2 Thieves","floor":18,"turns":4},{"damage":3,"enemies":"Shell Parasite","floor":21,"turns":4},{"damage":16,"enemies":"Snake Plant","floor":22,"turns":2},{"damage":9,"enemies":"Slavers","floor":23,"turns":6},{"damage":0,"enemies":"Gremlin Leader","floor":25,"turns":9},{"damage":5,"enemies":"Cultist and Chosen","floor":27,"turns":7},{"damage":12,"enemies":"Snecko","floor":28,"turns":6},{"damage":0,"enemies":"Slavers","floor":29,"turns":7},{"damage":9,"enemies":"Snake Plant","floor":31,"turns":5},{"damage":4,"enemies":"Automaton","floor":33,"turns":11},{"damage":5,"enemies":"3 Shapes","floor":35,"turns":5},{"damage":1,"enemies":"Orb Walker","floor":36,"turns":5},{"damage":19,"enemies":"3 Darklings","floor":37,"turns":6},{"damage":0,"enemies":"4 Shapes","floor":38,"turns":10},{"damage":3,"enemies":"Jaw Worm Horde","floor":39,"turns":5},{"damage":28,"enemies":"Giant Head","floor":40,"turns":8},{"damage":0,"enemies":"Maw","floor":42,"turns":8},{"damage":2,"enemies":"Reptomancer","floor":44,"turns":8},{"damage":51,"enemies":"Giant Head","floor":46,"turns":9},{"damage":0,"enemies":"3 Darklings","floor":48,"turns":5},{"damage":45,"enemies":"Donu and Deca","floor":50,"turns":15},{"damage":12,"enemies":"Awakened One","floor":51,"turns":26},{"damage":76,"enemies":"Shield and Spear","floor":55,"turns":10}],"seed_played":"-7446092705619451664","potions_obtained":[{"floor":1,"key":"Dexterity Potion"},{"floor":2,"key":"EntropicBrew"},{"floor":14,"key":"PowerPotion"},{"floor":18,"key":"SkillPotion"},{"floor":23,"key":"PowerPotion"},{"floor":25,"key":"PowerPotion"},{"floor":31,"key":"SteroidPotion"},{"floor":33,"key":"Swift Potion"},{"floor":44,"key":"Regen Potion"},{"floor":48,"key":"SkillPotion"}],"is_trial":false,"path_per_floor":["M","M","$","?","M","R","E","R","T","R","T","E","?","E","R","B",null,"M","?","$","M","M","E","R","E","T","M","M","E","$","M","R","B",null,"M","M","M","M","M","E","R","M","T","E","?","E","$","M","R","B","B",null,"R","$","E"],"character_chosen":"THE_SILENT","items_purchased":["Fire Potion","Acrobatics","Noxious Fumes","Accuracy","Centennial Puzzle","LiquidMemories","Backflip"],"campfire_rested":4,"item_purchase_floors":[20,20,30,47,47,54,54],"current_hp_per_floor":[48,48,48,48,48,48,31,31,31,40,40,34,34,8,17,13,53,41,41,41,38,22,13,44,44,44,41,35,41,41,36,51,51,62,66,66,54,58,59,37,66,66,66,66,66,53,53,61,68,31,25,57,68,68,0,0],"gold":4,"neow_bonus":"BOSS_RELIC","is_daily":false,"chose_seed":false,"campfire_upgraded":4,"win_rate":0.0,"timestamp":1609392815,"path_taken":["M","M","$","?","M","R","E","R","T","R","?","E","?","E","R","BOSS","M","?","$","M","?","E","R","E","T","M","M","E","$","M","R","BOSS","M","M","M","M","M","E","R","M","T","E","?","E","$","M","R","BOSS","BOSS","R","$","E"],"items_purchased_type":["Potion","Card","Card","Card","Relic","Potion","Card"],"build_version":"2020-12-18","purchased_purges":3,"victory":false,"max_hp_per_floor":[66,66,66,66,66,66,66,66,66,66,66,73,66,66,66,66,66,66,66,66,66,66,66,66,66,66,66,66,66,66,66,66,66,66,66,66,66,66,66,66,66,66,66,66,66,66,66,68,68,68,68,68,68,68,68,68],"relic_stats":{"Happy Flower":[67],"Torii":19,"Singing Bowl":2,"counters":[30,220],"Golden Idol":172,"Astrolabe":["Sucker Punch","Wraith Form v2","Night Terror"],"Blue Candle":[0],"Eternal Feather":81,"Pen Nib":[58],"WarpedTongs":[169],"Mercury Hourglass":[484],"Centennial Puzzle":[9],"Bird Faced Urn":[87],"Kunai":[113],"obtain_stats":[{"Happy Flower":11,"Torii":43,"Singing Bowl":46,"Golden Idol":13,"SacredBark":0,"Astrolabe":34,"Blue Candle":40,"Eternal Feather":9,"Pen Nib":14,"Akabeko":44,"WarpedTongs":19,"Mercury Hourglass":29,"Centennial Puzzle":47,"Strawberry":12,"Bird Faced Urn":25,"Fusion Hammer":17,"Bottled Lightning":7,"Kunai":23,"Ring of the Snake":0},{"Happy Flower":4,"Torii":24,"Singing Bowl":26,"Golden Idol":5,"SacredBark":0,"Astrolabe":17,"Blue Candle":23,"Eternal Feather":4,"Pen Nib":6,"Akabeko":25,"WarpedTongs":8,"Mercury Hourglass":15,"Centennial Puzzle":26,"Strawberry":5,"Bird Faced Urn":12,"Fusion Hammer":7,"Bottled Lightning":4,"Kunai":11,"Ring of the Snake":0},{"Happy Flower":19,"Torii":147,"Singing Bowl":164,"Golden Idol":26,"SacredBark":0,"Astrolabe":101,"Blue Candle":139,"Eternal Feather":19,"Pen Nib":30,"Akabeko":155,"WarpedTongs":44,"Mercury Hourglass":85,"Centennial Puzzle":164,"Strawberry":26,"Bird Faced Urn":65,"Fusion Hammer":40,"Bottled Lightning":19,"Kunai":56,"Ring of the Snake":0}]},"card_choices":[{"not_picked":["Endless Agony","Backflip"],"picked":"Quick Slash","floor":1},{"not_picked":["Backflip","Dagger Throw"],"picked":"Sucker Punch","floor":2},{"not_picked":["Prepared","Catalyst"],"picked":"Blade Dance","floor":5},{"not_picked":["Choke","Dagger Throw"],"picked":"Deadly Poison","floor":7},{"not_picked":["Grand Finale","Flechettes"],"picked":"PiercingWail","floor":12},{"not_picked":["Blur","Sucker Punch"],"picked":"Blade Dance","floor":14},{"not_picked":["A Thousand Cuts","Envenom"],"picked":"Phantasmal Killer","floor":16},{"not_picked":["Bane","Underhanded Strike+1"],"picked":"Footwork","floor":18},{"not_picked":["Prepared","Skewer","Caltrops"],"picked":"SKIP","floor":21},{"not_picked":["Flechettes","Dagger Spray"],"picked":"Blur+1","floor":22},{"not_picked":["Flying Knee+1","A Thousand Cuts","Prepared"],"picked":"SKIP","floor":23},{"not_picked":["Masterful Stab+1","Outmaneuver"],"picked":"Blur","floor":25},{"not_picked":["Flying Knee","PiercingWail"],"picked":"Escape Plan","floor":27},{"not_picked":["Deflect","Poisoned Stab","Flechettes"],"picked":"SKIP","floor":28},{"not_picked":["Choke+1","Bane"],"picked":"Dash+1","floor":29},{"not_picked":["Cloak And Dagger","Escape Plan","Deflect"],"picked":"SKIP","floor":31},{"not_picked":["Storm of Steel","Doppelganger"],"picked":"Venomology","floor":33},{"not_picked":["Heel Hook+1","Tactician","Bane"],"picked":"SKIP","floor":35},{"not_picked":["Endless Agony+1","Dagger Throw"],"picked":"Terror","floor":36},{"not_picked":["Dagger Throw","Bane"],"picked":"Blur","floor":37},{"not_picked":["Distraction+1","Bouncing Flask"],"picked":"Dodge and Roll","floor":38},{"not_picked":["Outmaneuver","Backflip"],"picked":"Blade Dance","floor":39},{"not_picked":["Unload","Deflect"],"picked":"Phantasmal Killer","floor":40},{"not_picked":["Endless Agony","Bane","Dodge and Roll+1"],"picked":"SKIP","floor":42},{"not_picked":["Slice","Concentrate","Eviscerate"],"picked":"SKIP","floor":44},{"not_picked":["PiercingWail+1","Setup+1"],"picked":"Bane","floor":46},{"not_picked":["Deadly Poison+1","Slice+1","Poisoned Stab"],"picked":"Singing Bowl","floor":48}],"player_experience":3819973,"relics_obtained":[{"floor":7,"key":"Bottled Lightning"},{"floor":9,"key":"Eternal Feather"},{"floor":11,"key":"Happy Flower"},{"floor":12,"key":"Strawberry"},{"floor":14,"key":"Pen Nib"},{"floor":23,"key":"Kunai"},{"floor":25,"key":"Bird Faced Urn"},{"floor":29,"key":"Mercury Hourglass"},{"floor":40,"key":"Blue Candle"},{"floor":43,"key":"Torii"},{"floor":44,"key":"Akabeko"},{"floor":46,"key":"Singing Bowl"}],"event_choices":[{"damage_healed":0,"gold_gain":0,"player_choice":"Left Gold","damage_taken":0,"max_hp_gain":0,"max_hp_loss":0,"event_name":"World of Goop","floor":4,"gold_loss":37},{"damage_healed":0,"gold_gain":0,"player_choice":"Lose Max HP","damage_taken":0,"relics_obtained":["Golden Idol"],"max_hp_gain":0,"max_hp_loss":7,"event_name":"Golden Idol","floor":13,"gold_loss":0},{"damage_healed":0,"gold_gain":0,"player_choice":"Rummage","damage_taken":0,"relics_obtained":["WarpedTongs"],"max_hp_gain":0,"max_hp_loss":0,"event_name":"Accursed Blacksmith","floor":19,"gold_loss":0,"cards_obtained":["Pain"]},{"damage_healed":0,"gold_gain":0,"player_choice":"Ignored","damage_taken":0,"max_hp_gain":0,"max_hp_loss":0,"event_name":"Tomb of Lord Red Mask","floor":45,"gold_loss":0}],"is_beta":true,"boss_relics":[{"not_picked":["Calling Bell","Runic Dome"],"picked":"Fusion Hammer"},{"not_picked":["Black Star","Pandora\u0027s Box"],"picked":"Astrolabe"}],"items_purged_floors":[3,20,30],"is_endless":false,"potions_floor_spawned":[1,2,14,18,23,25,31,33,36,38,40,42,44,48],"killed_by":"Shield and Spear","ascension_level":20}}