{"host":"y9hvbkipqihshpgl","time":1609406179,"event":{"mods":["BaseMod","Downfall","Minty Spire (QoL Compilation)","StSLib"],"gold_per_floor":[99,110,125,125,125,136,159,191,208,208,308,322,339,355,367,464,464,414,428,452,57,74,74,152,152,165,115,146,163,163,122,135,238,238,188,208,227,327,40,57,57,57,74,74,105,105,55,106,121,121],"floor_reached":51,"playtime":2850,"items_purged":["Slimebound:Strike_Slimebound"],"score":751,"play_id":"79a8faf9-7cd3-4064-a815-b9d3fcec8f69","local_time":"20201231171619","is_ascension_mode":false,"campfire_choices":[{"data":"Slimebound:Split","floor":1,"key":"SMITH"},{"data":"Slimebound:DouseInSlime","floor":18,"key":"SMITH"},{"data":"Slimebound:MassRepurpose","floor":27,"key":"SMITH"},{"data":"Slimebound:SelfFormingGoo","floor":35,"key":"SMITH"},{"floor":47,"key":"REST"}],"circlet_count":0,"master_deck":["Slimebound:Strike_Slimebound+1","Slimebound:Strike_Slimebound+1","Slimebound:Tackle","Slimebound:Defend_Slimebound+1","Slimebound:Defend_Slimebound+1","Slimebound:Defend_Slimebound+1","Slimebound:Split+1","Slimebound:CorrosiveSpit+1","Slimebound:Schlurp","Slimebound:SplitBruiser+1","Slimebound:PressTheAttack","Slimebound:LevelUp","Slimebound:OneTwoCombo+1","Slimebound:FormOfPuddle","Slimebound:ItLooksTasty","Slimebound:TongueLash","Slimebound:SplitMire","Slimebound:MassRepurpose+1","Slimebound:SpikyOuterGoop","Slimebound:DouseInSlime+1","CurseOfTheBell","Slimebound:LeadByExample+1","Slimebound:SamplingLick+1","Slimebound:Gluttony+1","Slimebound:Replication+1","Slimebound:MegaLick","Slimebound:SelfFormingGoo+1","Flash of Steel","Slimebound:SelfFormingGoo+1","Slimebound:FirmFortitude+1","Slimebound:DuplicatedForm","Slimebound:Equalize","Slimebound:SamplingLick","Slimebound:Icky","Slimebound:Split","Jack Of All Trades","Slimebound:SplitBruiser+1","Slimebound:SlimeBrawl+1","Slimebound:AcidTongue+1","expansioncontent:DecasProtection"],"relics":["Slimebound:AbsorbEndCombat","White Beast Statue","Slimebound:GreedOozeRelic","Calling Bell","War Paint","Letter Opener","Bird Faced Urn","Potion Belt","Sling","Bag of Marbles","Shuriken","downfall:RedIOU","Gambling Chip","Matryoshka","Slimebound:TarBlob","downfall:GremlinSack","Ginger","Sundial","TungstenRod","Juzu Bracelet","Question Card","Blood Vial"],"acts_visited":["Exordium","TheCity","TheBeyond"],"potions_floor_usage":[16,32,33,33,43,43,50,50,50,50],"damage_taken":[{"damage":16,"enemies":"2 Louse","floor":2,"turns":2},{"damage":0,"enemies":"Small Slimes","floor":3,"turns":3},{"damage":15,"enemies":"Jaw Worm","floor":6,"turns":3},{"damage":33,"enemies":"3 Sentries","floor":8,"turns":6},{"damage":15,"enemies":"Red Slaver","floor":9,"turns":3},{"damage":39,"enemies":"downfall:Heads","floor":11,"turns":4},{"damage":4,"enemies":"Gremlin Gang","floor":12,"turns":3},{"damage":4,"enemies":"2 Fungi Beasts","floor":13,"turns":2},{"damage":8,"enemies":"Blue Slaver","floor":14,"turns":3},{"damage":6,"enemies":"3 Louse","floor":15,"turns":2},{"damage":34,"enemies":"downfall:Ironclad","floor":16,"turns":5},{"damage":10,"enemies":"Shell Parasite","floor":19,"turns":3},{"damage":22,"enemies":"downfall:FleeingMerchant","floor":21,"turns":4},{"damage":16,"enemies":"Spheric Guardian","floor":22,"turns":1},{"damage":25,"enemies":"Snecko","floor":26,"turns":4},{"damage":35,"enemies":"Gremlin Leader","floor":28,"turns":3},{"damage":34,"enemies":"Cultist and Chosen","floor":29,"turns":3},{"damage":35,"enemies":"downfall:FleeingMerchant","floor":31,"turns":3},{"damage":4,"enemies":"Chosen and Byrds","floor":32,"turns":3},{"damage":41,"enemies":"downfall:Defect","floor":33,"turns":5},{"damage":23,"enemies":"3 Shapes","floor":36,"turns":3},{"damage":32,"enemies":"3 Darklings","floor":37,"turns":3},{"damage":6,"enemies":"3 Darklings","floor":38,"turns":2},{"damage":37,"enemies":"4 Shapes","floor":40,"turns":3},{"damage":22,"enemies":"Jaw Worm Horde","floor":43,"turns":1},{"damage":47,"enemies":"Reptomancer","floor":45,"turns":4},{"damage":34,"enemies":"Sphere and 2 Shapes","floor":49,"turns":4},{"damage":16,"enemies":"downfall:Silent","floor":50,"turns":4}],"seed_played":"4737750659542948797","potions_obtained":[{"floor":8,"key":"Dexterity Potion"},{"floor":9,"key":"GamblersBrew"},{"floor":12,"key":"hexamod:EctoCoolerPotion"},{"floor":13,"key":"Explosive Potion"},{"floor":15,"key":"Swift Potion"},{"floor":16,"key":"FearPotion"},{"floor":19,"key":"hexamod:EctoCoolerPotion"},{"floor":21,"key":"SpeedPotion"},{"floor":22,"key":"hexamod:EctoCoolerPotion"},{"floor":26,"key":"DistilledChaos"},{"floor":28,"key":"Fire Potion"},{"floor":31,"key":"EssenceOfSteel"},{"floor":32,"key":"BlessingOfTheForge"},{"floor":33,"key":"BlessingOfTheForge"},{"floor":36,"key":"LiquidBronze"},{"floor":37,"key":"EssenceOfSteel"},{"floor":38,"key":"CultistPotion"},{"floor":40,"key":"Fire Potion"},{"floor":43,"key":"SpeedPotion"},{"floor":45,"key":"DuplicationPotion"},{"floor":49,"key":"Block Potion"}],"is_trial":false,"path_per_floor":["R","M","M","?","?","M","T","E","M","?","?","M","M","M","M","B",null,"R","M","T","$","M","?","T","?","M","R","E","M","?","$","M","B",null,"R","M","M","?","$","M","T","?","M","$","E","?","R","?","M","B",null],"character_chosen":"SLIMEBOUND","items_purchased":["Sling","Bag of Marbles","Matryoshka","Flash of Steel","Ginger"],"campfire_rested":1,"item_purchase_floors":[21,21,31,31,39],"current_hp_per_floor":[60,54,58,58,58,57,57,42,41,41,24,30,32,30,32,34,60,60,60,60,60,56,56,56,56,41,41,26,28,28,37,51,45,60,60,57,52,60,60,33,33,33,47,47,37,37,55,55,50,60],"gold":121,"neow_bonus":"","is_daily":false,"chose_seed":false,"campfire_upgraded":4,"win_rate":0.0,"timestamp":1609406179,"path_taken":["R","M","M","?","?","M","T","E","M","?","?","?","M","M","M","BOSS","R","M","?","$","?","?","T","?","M","R","E","M","?","?","M","BOSS","R","M","M","?","$","?","T","?","M","$","E","?","R","?","M","BOSS"],"items_purchased_type":["Relic","Relic","Relic","Card","Relic"],"build_version":"2020-12-22","purchased_purges":1,"victory":true,"max_hp_per_floor":[60,60,60,60,60,60,60,60,60,60,60,60,60,60,60,60,60,60,60,60,60,60,60,60,60,60,60,60,60,60,60,60,60,60,60,60,60,60,60,60,60,60,60,60,60,60,60,60,60,60],"card_choices":[{"not_picked":["Slimebound:SplitBruiser","Slimebound:Equalize"],"picked":"Slimebound:Schlurp","floor":2},{"not_picked":["Slimebound:BestDefense","Slimebound:FlameTackle"],"picked":"Slimebound:SplitBruiser","floor":3},{"not_picked":["Slimebound:SlimeBrawl","Slimebound:Replication"],"picked":"Slimebound:PressTheAttack","floor":6},{"not_picked":["Slimebound:SplitLeeching","Slimebound:FinishingTackle"],"picked":"Slimebound:LevelUp","floor":8},{"not_picked":["Slimebound:PressTheAttack","Slimebound:Prepare"],"picked":"Slimebound:OneTwoCombo","floor":9},{"not_picked":["Slimebound:GoopSpray","Slimebound:SplitAcid"],"picked":"Slimebound:ItLooksTasty","floor":11},{"not_picked":["Slimebound:PressTheAttack","Slimebound:GrowthPunch"],"picked":"Slimebound:TongueLash","floor":12},{"not_picked":["Slimebound:Schlurp","Slimebound:FinishingTackle"],"picked":"Slimebound:SplitMire","floor":13},{"not_picked":["Slimebound:LivingWall","Slimebound:BestDefense"],"picked":"Slimebound:MassRepurpose","floor":14},{"not_picked":["Slimebound:LeechEnergy","Slimebound:LivingWall"],"picked":"Slimebound:SpikyOuterGoop","floor":15},{"not_picked":["Slimebound:RallyTheTroops","Slimebound:DuplicatedForm"],"picked":"Slimebound:DouseInSlime","floor":16},{"not_picked":["Slimebound:GoopSpray","Slimebound:LevelUp"],"picked":"Slimebound:LeadByExample+1","floor":19},{"not_picked":["Slimebound:LivingWall","Slimebound:Prepare+1"],"picked":"Slimebound:SamplingLick+1","floor":21},{"not_picked":["Slimebound:SlimeSpikes+1","Slimebound:ViciousTackle+1"],"picked":"Slimebound:Gluttony+1","floor":22},{"not_picked":["Slimebound:Schlurp","Slimebound:RollThrough"],"picked":"Slimebound:Replication+1","floor":26},{"not_picked":["Slimebound:PressTheAttack","Slimebound:FormOfPuddle","Slimebound:GoopTackle+1"],"picked":"SKIP","floor":28},{"not_picked":["Slimebound:ViciousTackle","Slimebound:SpikyOuterGoop","Slimebound:SplitMire"],"picked":"SKIP","floor":29},{"not_picked":["Slimebound:Repurpose+1","Slimebound:SpikyOuterGoop"],"picked":"Slimebound:SelfFormingGoo","floor":31},{"not_picked":["Slimebound:Equalize","Slimebound:SamplingLick","Slimebound:GrowthPunch"],"picked":"SKIP","floor":32},{"not_picked":["Slimebound:Overexert","Slimebound:DuplicatedForm"],"picked":"Slimebound:SelfFormingGoo","floor":33},{"not_picked":["Slimebound:Schlurp","Slimebound:SplitBruiser+1"],"picked":"Slimebound:FirmFortitude+1","floor":36},{"not_picked":["Slimebound:DisruptingSlam","Slimebound:Chomp","Slimebound:RejuvenatingLick"],"picked":"SKIP","floor":37},{"not_picked":["Slimebound:AcidTongue","Slimebound:SplitMire"],"picked":"Slimebound:SplitBruiser+1","floor":38},{"not_picked":["Slimebound:SplitBruiser","Slimebound:GrowthPunch+1"],"picked":"Slimebound:SlimeBrawl+1","floor":40},{"not_picked":["Slimebound:Schlurp+1","Slimebound:SplitBruiser+1","Slimebound:PressTheAttack+1"],"picked":"SKIP","floor":43},{"not_picked":["Slimebound:RollThrough","Slimebound:SlimeBrawl"],"picked":"Slimebound:AcidTongue+1","floor":45},{"not_picked":["expansioncontent:ManipulateTime","expansioncontent:TimeRipple"],"picked":"expansioncontent:DecasProtection","floor":46},{"not_picked":["Slimebound:SplitLeeching","Slimebound:GoopSpray+1","Slimebound:Gluttony","Slimebound:PrepareCrush"],"picked":"SKIP","floor":49}],"player_experience":0,"relics_obtained":[{"floor":7,"key":"Anchor"},{"floor":8,"key":"White Beast Statue"},{"floor":17,"key":"War Paint"},{"floor":17,"key":"Letter Opener"},{"floor":17,"key":"Bird Faced Urn"},{"floor":20,"key":"Potion Belt"},{"floor":24,"key":"Shuriken"},{"floor":28,"key":"Gambling Chip"},{"floor":38,"key":"downfall:GremlinSack"},{"floor":41,"key":"Sundial"},{"floor":41,"key":"TungstenRod"},{"floor":45,"key":"Juzu Bracelet"},{"floor":48,"key":"Question Card"},{"floor":48,"key":"Blood Vial"}],"event_choices":[{"damage_healed":0,"gold_gain":0,"player_choice":"Simplicity","damage_taken":0,"max_hp_gain":0,"max_hp_loss":0,"event_name":"Back to Basics","floor":23,"gold_loss":0,"cards_upgraded":["Slimebound:Strike_Slimebound","Slimebound:Defend_Slimebound"]},{"damage_healed":0,"gold_gain":0,"player_choice":"Read","damage_taken":0,"max_hp_gain":0,"max_hp_loss":0,"event_name":"The Library","floor":30,"gold_loss":0,"cards_obtained":["Slimebound:MegaLick"]},{"damage_healed":0,"gold_gain":0,"player_choice":"Forge","damage_taken":0,"max_hp_gain":0,"max_hp_loss":0,"event_name":"Accursed Blacksmith","floor":42,"gold_loss":0,"cards_upgraded":["Slimebound:SelfFormingGoo"]}],"is_beta":false,"boss_relics":[{"not_picked":["Philosopher\u0027s Stone","Empty Cage"],"picked":"Calling Bell"},{"not_picked":["Sozu","Fusion Hammer"],"picked":"Slimebound:TarBlob"}],"items_purged_floors":[21],"is_endless":false,"potions_floor_spawned":[8,9,12,13,14,15,16,19,21,22,26,28,29,31,32,33,36,37,38,40,43,45,49],"ascension_level":0}}