{"host":"9tch52zpouts7b2p","time":1609395528,"event":{"mods":["BaseMod","Colored Map","Minty Spire (QoL Compilation)","StSLib","UnlockEverythingMod"],"gold_per_floor":[111,131,18,18,38,38,58,76,76,87,162,162,179,354,354,457,457,471,500,500,500,500],"floor_reached":21,"playtime":946,"items_purged":[],"score":171,"play_id":"1a7554df-c1aa-4195-b4f0-ddcb846105b2","local_time":"20201231141848","is_ascension_mode":false,"campfire_choices":[{"data":"Creative AI","floor":6,"key":"SMITH"},{"floor":12,"key":"REST"},{"floor":15,"key":"REST"}],"circlet_count":0,"master_deck":["Strike_B","Strike_B","Strike_B","Strike_B","Defend_B","Defend_B","Defend_B","Defend_B","Zap","Dualcast","Fusion","Ball Lightning","Melter","Storm","Zap","Biased Cognition","Creative AI+1","Hello World","Genetic Algorithm","Reinforced Body","Barrage","Doubt","Electrodynamics","CurseOfTheBell","Recycle","Sweeping Beam","RitualDagger"],"relics":["Cracked Core","NeowsBlessing","Bottled Flame","Calling Bell","Vajra","White Beast Statue","Girya","Red Mask"],"acts_visited":["Exordium","TheCity"],"potions_floor_usage":[8,16,16,19,19,21],"damage_taken":[{"damage":0,"enemies":"Small Slimes","floor":1,"turns":1},{"damage":0,"enemies":"Cultist","floor":2,"turns":1},{"damage":0,"enemies":"2 Louse","floor":5,"turns":1},{"damage":19,"enemies":"Blue Slaver","floor":7,"turns":4},{"damage":16,"enemies":"Looter","floor":8,"turns":4},{"damage":13,"enemies":"2 Fungi Beasts","floor":10,"turns":4},{"damage":2,"enemies":"3 Louse","floor":13,"turns":3},{"damage":35,"enemies":"Slime Boss","floor":16,"turns":6},{"damage":15,"enemies":"Chosen","floor":18,"turns":4},{"damage":50,"enemies":"Masked Bandits","floor":19,"turns":4},{"damage":9,"enemies":"3 Byrds","floor":21,"turns":2}],"seed_played":"2244064619263665657","potions_obtained":[{"floor":1,"key":"LiquidBronze"},{"floor":7,"key":"Ancient Potion"},{"floor":13,"key":"Fruit Juice"},{"floor":16,"key":"BlessingOfTheForge"},{"floor":18,"key":"EssenceOfSteel"},{"floor":19,"key":"Block Potion"}],"is_trial":false,"path_per_floor":["M","M","$","?","M","R","M","M","T","M","?","R","M","?","R","B",null,"M","?","?","M"],"character_chosen":"DEFECT","items_purchased":["Melter","Storm"],"campfire_rested":2,"item_purchase_floors":[3,3],"current_hp_per_floor":[75,75,75,75,75,75,56,40,40,27,16,38,36,36,58,28,80,65,15,9,0,0],"gold":500,"neow_bonus":"THREE_ENEMY_KILL","is_daily":false,"chose_seed":false,"campfire_upgraded":1,"win_rate":0.0,"timestamp":1609395528,"path_taken":["M","M","$","?","?","R","M","M","T","?","?","R","M","?","R","BOSS","M","?","?","M"],"items_purchased_type":["Card","Card"],"build_version":"2020-12-22","purchased_purges":0,"victory":false,"max_hp_per_floor":[75,75,75,75,75,75,75,75,75,75,75,75,75,75,75,80,80,80,80,80,80,80],"card_choices":[{"not_picked":["Coolheaded","Darkness"],"picked":"Fusion","floor":1},{"not_picked":["Go for the Eyes","Blizzard"],"picked":"Ball Lightning","floor":2},{"not_picked":["Go for the Eyes","Streamline"],"picked":"Creative AI","floor":5},{"not_picked":["Ball Lightning","Chaos"],"picked":"Hello World","floor":7},{"not_picked":["Gash","Heatsinks"],"picked":"Genetic Algorithm","floor":8},{"not_picked":["Compile Driver","Gash"],"picked":"Reinforced Body","floor":10},{"not_picked":["Melter","Tempest"],"picked":"Barrage","floor":13},{"not_picked":["Fission","Seek"],"picked":"Electrodynamics","floor":16},{"not_picked":["Lockon","Tempest"],"picked":"Recycle","floor":18},{"not_picked":["Coolheaded+1","Cold Snap"],"picked":"Sweeping Beam","floor":19}],"player_experience":83806,"relics_obtained":[{"floor":9,"key":"Bottled Flame"},{"floor":17,"key":"Vajra"},{"floor":17,"key":"White Beast Statue"},{"floor":17,"key":"Girya"},{"floor":19,"key":"Red Mask"}],"event_choices":[{"damage_healed":0,"gold_gain":0,"player_choice":"2 cards matched","damage_taken":0,"max_hp_gain":0,"max_hp_loss":0,"event_name":"Match and Keep!","floor":4,"gold_loss":0,"cards_obtained":["Zap","Biased Cognition"]},{"damage_healed":0,"gold_gain":75,"player_choice":"Gather Gold","damage_taken":11,"max_hp_gain":0,"max_hp_loss":0,"event_name":"World of Goop","floor":11,"gold_loss":0},{"damage_healed":0,"gold_gain":175,"player_choice":"AGREE","damage_taken":0,"max_hp_gain":0,"max_hp_loss":0,"event_name":"Liars Game","floor":14,"gold_loss":0,"cards_obtained":["Doubt"]},{"damage_healed":0,"gold_gain":0,"player_choice":"Fought Bandits","damage_taken":0,"max_hp_gain":0,"max_hp_loss":0,"event_name":"Masked Bandits","floor":19,"gold_loss":0},{"damage_healed":0,"gold_gain":0,"player_choice":"Joined the Cult","damage_taken":6,"max_hp_gain":0,"max_hp_loss":0,"event_name":"Nest","floor":20,"gold_loss":0,"cards_obtained":["RitualDagger"]}],"is_beta":false,"boss_relics":[{"not_picked":["Ectoplasm","Philosopher\u0027s Stone"],"picked":"Calling Bell"}],"items_purged_floors":[],"is_endless":false,"potions_floor_spawned":[1,7,13,16,18,19],"killed_by":"3 Byrds","ascension_level":0}}