{"host":"pr6x8hyknev46vut","time":1609403782,"event":{"mods":["Aspiration","BaseMod","CCEM","Colored Map","Colored Powertips","Downfall","Googly Eyes","Hermit","Highlight Path","Hubris","Minty Spire (QoL Compilation)","Permanent Neow","Replay The Spire","Shop Mod","Spicy Shops","StSLib","The Bug Knight","The Construct","The Cursed","The Disciple","The Necromancer","The Runesmith","The Servant 0.9.4"],"gold_per_floor":[199,217,227,227,131,131,158,158,169,180,85,112,127,137,147,147,147,147],"floor_reached":16,"playtime":1177,"items_purged":[],"score":129,"play_id":"3ebd1825-f0b5-4f9b-9825-eb487df4dbb6","local_time":"20201231093622","is_ascension_mode":false,"campfire_choices":[{"floor":1,"key":"RECALL"}],"circlet_count":0,"master_deck":["hexamod:Strike","hexamod:Strike","hexamod:Strike","hexamod:Defend","hexamod:Defend","hexamod:Defend","hexamod:Defend","hexamod:Sear","hexamod:Float","hexamod:SwordOfDarkness","hexamod:HauntingEcho","hexamod:ShieldOfDarkness","hexamod:FastForward+1","hexamod:SpectersWail","Injury","hexamod:GhostShield+1","hexamod:Hexaguard+1","hexamod:AdvancingGuard+1","hexamod:FirstSeal","hexamod:ThirdSeal","hexamod:GhostLash","hexamod:Firestarter","hexamod:StepThrough","hexamod:SearingWound+1","hexamod:SwordOfDarkness"],"relics":["hexamod:SpiritBrand","Toxic Egg 2","Gremlin Food","hubris:OldNail"],"acts_visited":["Exordium"],"potions_floor_usage":[16],"damage_taken":[{"damage":0,"enemies":"Small Slimes","floor":2,"turns":3},{"damage":0,"enemies":"Jaw Worm","floor":3,"turns":3},{"damage":0,"enemies":"downfall:FleeingMerchant","floor":5,"turns":4},{"damage":0,"enemies":"Cultist","floor":9,"turns":3},{"damage":2,"enemies":"3 Louse","floor":10,"turns":4},{"damage":0,"enemies":"downfall:FleeingMerchant","floor":11,"turns":4},{"damage":0,"enemies":"HollowMod:MossKnight","floor":12,"turns":14},{"damage":0,"enemies":"Red Slaver","floor":13,"turns":3},{"damage":7,"enemies":"Exordium Wildlife","floor":14,"turns":5},{"damage":2,"enemies":"Large Slime","floor":15,"turns":6},{"damage":69,"enemies":"downfall:Defect","floor":16,"turns":10}],"seed_played":"-2114349083750339360","potions_obtained":[{"floor":3,"key":"Adrenaline Potion"},{"floor":13,"key":"Elixir"},{"floor":14,"key":"Fire Potion"}],"is_trial":false,"path_per_floor":["R","M","M","?","$","?","T","?","M","M","$","E","M","M","M","B"],"character_chosen":"THE_SPIRIT","items_purchased":["hexamod:FastForward+1","hexamod:SpectersWail","hexamod:FirstSeal"],"campfire_rested":0,"item_purchase_floors":[5,5,11],"current_hp_per_floor":[70,70,70,70,70,70,70,70,70,68,68,70,70,70,70,1,1,1],"gold":147,"neow_bonus":"HUNDRED_GOLD","is_daily":false,"chose_seed":false,"campfire_upgraded":0,"win_rate":0.0,"timestamp":1609403782,"path_taken":["R","M","M","?","?","?","T","?","M","M","$","E","M","M","M","BOSS"],"items_purchased_type":["Card","Card","Card"],"build_version":"2020-12-22","purchased_purges":0,"victory":false,"max_hp_per_floor":[70,70,70,70,70,70,70,70,70,70,70,70,70,70,70,70,70,70],"card_choices":[{"not_picked":["hexamod:NecessarySacrifice","hexamod:EmpoweredFlame"],"picked":"hexamod:SwordOfDarkness","floor":2},{"not_picked":["hexamod:RainOfEmbers","hexamod:GhostOfSpirePresent"],"picked":"hexamod:HauntingEcho","floor":3},{"not_picked":["hexamod:SoulSteal","hexamod:SpectralAdrenaline"],"picked":"hexamod:ShieldOfDarkness","floor":5},{"not_picked":["hexamod:RainOfEmbers","hexamod:Firestarter"],"picked":"hexamod:GhostShield+1","floor":9},{"not_picked":["hexamod:EtherealExpedition+1","hexamod:SkipABeat+1"],"picked":"hexamod:Hexaguard+1","floor":10},{"not_picked":["hexamod:ThermalTransfer","hexamod:FlamesFromBeyond+1"],"picked":"hexamod:AdvancingGuard+1","floor":11},{"not_picked":["hexamod:FastForward+1","hexamod:BurningTouch+1"],"picked":"hexamod:ThirdSeal","floor":12},{"not_picked":["hexamod:AdvancingGuard+1","hexamod:ParanormalForm"],"picked":"hexamod:GhostLash","floor":13},{"not_picked":["hexamod:ShieldOfDarkness+1","hexamod:RadiantFlame"],"picked":"hexamod:Firestarter","floor":14},{"not_picked":["hexamod:BacktrackSmack","hexamod:NightmareGuise+1"],"picked":"hexamod:StepThrough","floor":14},{"not_picked":["hexamod:ExtraCrispy","hexamod:GhostShield+1"],"picked":"hexamod:SearingWound+1","floor":15},{"not_picked":["hexamod:Firestarter","hexamod:Hexaguard+1"],"picked":"hexamod:SwordOfDarkness","floor":15}],"player_experience":60074,"relics_obtained":[{"floor":7,"key":"Gremlin Food"},{"floor":12,"key":"hubris:OldNail"}],"event_choices":[],"is_beta":false,"boss_relics":[],"items_purged_floors":[],"is_endless":false,"potions_floor_spawned":[3,13,14,15],"killed_by":"downfall:Defect","ascension_level":0}}