{"host":"tw5nadds0x0wro7l","time":1609453878,"event":{"mods":["Aspiration","BaseMod","Better Altar","Better Match","Better Skull","Block Reminder","Card Forge","CatGirl Mod","Conspire","DNKmod","Displayed Cursed Tome","Dota2Spire","Downfall","Energized Spire","Force Act Four","Friendly Minions","Gold Saver","Grow up Mod","GungeonMod","Highlight Path","Hubris","Infinite Spire","Minty Spire (QoL Compilation)","Practice Mode","Relic Sorter","Replay The Spire","Spicy Shops","StSLib","The Alterego","The Animator","The Death Knight","The Marked","The Senshi","TheSwordswoman","Transform Curses","Waifu the Spire","WarShipGirlsR/????R mod"],"gold_per_floor":[1045,1045,93,147,147,243,324,360,442,524,602,698,698],"floor_reached":12,"playtime":693,"items_purged":[],"score":381,"play_id":"77741228-7dd8-4cb4-b4a4-c8563235d74f","local_time":"20201231173118","daily_mods":["Hoarder","Vintage","Heirloom","Time Dilation","Flight","downfall:Lament","DeadlyEvents","Binary","Cursed Run","Lethality","Midas","Binary"],"is_ascension_mode":false,"campfire_choices":[],"circlet_count":0,"master_deck":["alterego_mod:BigMeatyClaws","alterego_mod:BrynhildrsRune","alterego_mod:Punishment","alterego_mod:Punishment","alterego_mod:Punishment","alterego_mod:Punishment","alterego_mod:Punishment","alterego_mod:Punishment","alterego_mod:Rip","alterego_mod:Rip","alterego_mod:Rip","Barricade","Barricade","Barricade","alterego_mod:AlterEgo","alterego_mod:AlterEgo","alterego_mod:AlterEgo","alterego_mod:BiFurious","alterego_mod:BiFurious","alterego_mod:BiFurious","alterego_mod:BreastValley","alterego_mod:BreastValley","alterego_mod:BreastValley","alterego_mod:BusterCard","alterego_mod:BusterCard","alterego_mod:BusterCard","alterego_mod:ChallengeComplete","alterego_mod:ChallengeComplete","alterego_mod:ChallengeComplete","alterego_mod:ClassAdvantage","alterego_mod:ClassAdvantage","alterego_mod:ClassAdvantage","alterego_mod:Cooking","alterego_mod:Cooking","alterego_mod:Cooking","alterego_mod:Cushion","alterego_mod:Cushion","alterego_mod:Cushion","alterego_mod:GIGAMILK","alterego_mod:GIGAMILK","alterego_mod:GIGAMILK","alterego_mod:PerceptionDisorder","alterego_mod:PerceptionDisorder","alterego_mod:PerceptionDisorder","alterego_mod:Nekomimi","alterego_mod:Nekomimi","alterego_mod:Nekomimi","alterego_mod:Palingenesis","alterego_mod:Palingenesis","alterego_mod:Palingenesis","alterego_mod:Rake","alterego_mod:Rake","alterego_mod:Rake","alterego_mod:Rip","alterego_mod:Rip","alterego_mod:Rip","alterego_mod:SakuraPetals","alterego_mod:SakuraPetals","alterego_mod:SakuraPetals","alterego_mod:Smother","alterego_mod:Smother","alterego_mod:Smother","alterego_mod:TrashNCrash","alterego_mod:TrashNCrash","alterego_mod:TrashNCrash","alterego_mod:Vow","alterego_mod:Vow","alterego_mod:Vow"],"relics":["Cursed Key","Hammer of Thor","Seething Fire","Darkstone Periapt","Du-Vu Doll","Anvil of the Gods","Busted Crown","NeowsBlessing","replay:Trail_Library","Girya","DemoMod:WhiteGuonStone","Lantern","theSenshi:SailorFukuRelic","ReplayTheSpireMod:Lightbulb","DemoMod:ClearGuonStone","DollysMirror","DemoMod:GnawedKey","Dota2Spire:DivineRapier","conspire:Boomerang","Bird Faced Urn","Dota2Spire:ShadowBlade","Chameleon Ring","DemoMod:Metronome","DemoMod:GlassGuonStoneRelic","aspiration:HatOfInfinitePower"],"acts_visited":["Exordium"],"potions_floor_usage":[],"damage_taken":[{"damage":0,"enemies":"2 Louse","floor":1,"turns":1},{"damage":0,"enemies":"Cultist","floor":4,"turns":1},{"damage":0,"enemies":"3 Sentries","floor":6,"turns":1},{"damage":0,"enemies":"Replay:BlueRogue","floor":7,"turns":1},{"damage":4,"enemies":"conspire:RoseBush","floor":8,"turns":1},{"damage":76,"enemies":"3 Sentries","floor":11,"turns":5},{"damage":0,"enemies":"Lagavulin","floor":12,"turns":3}],"seed_played":"-6996270089363280728","potions_obtained":[{"floor":2,"key":"Milkshake"},{"floor":2,"key":"CultistPotion"}],"is_trial":true,"path_per_floor":["M","?","$","M","?","E","E","M","T","T","E","E"],"character_chosen":"The_Alterego","items_purchased":["Lantern","alterego_mod:Punishment","theSenshi:SailorFukuRelic","ReplayTheSpireMod:Lightbulb","DemoMod:ClearGuonStone","DollysMirror","DemoMod:GnawedKey"],"campfire_rested":0,"item_purchase_floors":[3,3,3,3,3,3,3],"current_hp_per_floor":[120,130,140,150,160,170,180,186,214,242,196,204,204],"gold":698,"neow_bonus":"","is_daily":false,"chose_seed":false,"campfire_upgraded":0,"win_rate":0.0,"timestamp":1609453878,"path_taken":["M","?","$","?","?","E","?","?","T","?","?","E"],"items_purchased_type":["Relic","Card","Relic","Relic","Relic","Relic","Relic"],"build_version":"2020-12-22","purchased_purges":0,"victory":false,"max_hp_per_floor":[120,130,140,150,160,170,180,190,218,246,256,256,256],"card_choices":[],"player_experience":70504,"relics_obtained":[{"floor":1,"key":"DemoMod:WhiteGuonStone"},{"floor":4,"key":"Dota2Spire:DivineRapier"},{"floor":6,"key":"conspire:Boomerang"},{"floor":7,"key":"Bird Faced Urn"},{"floor":8,"key":"Dota2Spire:ShadowBlade"},{"floor":10,"key":"Chameleon Ring"},{"floor":11,"key":"DemoMod:Metronome"},{"floor":12,"key":"aspiration:HatOfInfinitePower"}],"event_choices":[{"damage_healed":0,"gold_gain":0,"player_choice":"Got Potions","damage_taken":0,"max_hp_gain":0,"max_hp_loss":0,"event_name":"Lab","floor":2,"gold_loss":0},{"damage_healed":0,"gold_gain":0,"player_choice":"Ignored","damage_taken":0,"max_hp_gain":0,"max_hp_loss":0,"event_name":"NoteForYourself","floor":5,"gold_loss":0}],"is_beta":false,"boss_relics":[],"items_purged_floors":[],"is_endless":false,"potions_floor_spawned":[4,11],"killed_by":"Lagavulin","ascension_level":0}}