{"host":"y7sd46uq4xlni546","time":1609407616,"event":{"mods":["AchievementEnabler","BaseMod","Colored Map","Colored Powertips","Curses Come First","Filter the Spire","Minty Spire (QoL Compilation)","Quick Restart","Random Character Button","Rare Cards Sparkle","StSLib"],"gold_per_floor":[109,127,127,145,145,173,173,202,202,202,228,238,256,291,291,388,388,404,404,503,503,503,537,537,562,585,585,585],"floor_reached":27,"playtime":1204,"items_purged":[],"score":334,"play_id":"d2fe81d6-391f-4d5a-b65c-52ca65444446","local_time":"20201231104016","is_ascension_mode":true,"campfire_choices":[{"floor":7,"key":"REST"},{"floor":15,"key":"REST"},{"floor":24,"key":"REST"}],"circlet_count":0,"master_deck":["Strike_R","Strike_R+1","Defend_R","Defend_R+1","Defend_R","Bash","Headbutt","Fire Breathing","Brutality","Thunderclap+1","Clothesline","Fire Breathing","Spot Weakness","Offering+1","Double Tap+1","Blood for Blood+1","Demon Form+1","Flex+1","Flame Barrier","Seeing Red"],"relics":["Black Star","Torii","White Beast Statue","Regal Pillow","Boot","Paper Frog","Turnip","Whetstone","Smiling Mask","Ornamental Fan","Astrolabe","Enchiridion","The Courier","Letter Opener","War Paint","InkBottle","MealTicket","Potion Belt"],"acts_visited":["Exordium","TheCity"],"potions_floor_usage":[13,14,16,23,27,27],"damage_taken":[{"damage":1,"enemies":"Cultist","floor":1,"turns":4},{"damage":0,"enemies":"Small Slimes","floor":2,"turns":3},{"damage":12,"enemies":"Jaw Worm","floor":4,"turns":4},{"damage":43,"enemies":"Gremlin Nob","floor":6,"turns":5},{"damage":22,"enemies":"3 Sentries","floor":8,"turns":6},{"damage":9,"enemies":"Blue Slaver","floor":12,"turns":3},{"damage":15,"enemies":"Large Slime","floor":13,"turns":6},{"damage":12,"enemies":"Gremlin Nob","floor":14,"turns":3},{"damage":38,"enemies":"Hexaghost","floor":16,"turns":8},{"damage":8,"enemies":"Chosen","floor":18,"turns":4},{"damage":30,"enemies":"Book of Stabbing","floor":23,"turns":4},{"damage":31,"enemies":"Gremlin Leader","floor":25,"turns":4},{"damage":21,"enemies":"Slavers","floor":27,"turns":2}],"seed_played":"1050506746560943217","potions_obtained":[{"floor":4,"key":"LiquidBronze"},{"floor":8,"key":"BloodPotion"},{"floor":12,"key":"Explosive Potion"},{"floor":13,"key":"FearPotion"},{"floor":14,"key":"FearPotion"},{"floor":16,"key":"SteroidPotion"},{"floor":18,"key":"Energy Potion"},{"floor":23,"key":"ElixirPotion"}],"is_trial":false,"path_per_floor":["M","M","?","M","?","E","R","E","T","?","T","M","M","E","R","B",null,"M","?","?","?","T","E","R","E","T","E"],"character_chosen":"IRONCLAD","items_purchased":[],"campfire_rested":3,"item_purchase_floors":[],"current_hp_per_floor":[79,79,79,67,67,24,63,41,41,34,34,25,26,14,53,15,64,56,56,56,40,40,10,49,18,18,0,0],"gold":585,"neow_bonus":"BOSS_RELIC","is_daily":false,"chose_seed":false,"campfire_upgraded":0,"win_rate":0.0,"timestamp":1609407616,"path_taken":["M","M","?","?","?","E","R","E","T","?","?","M","M","E","R","BOSS","M","?","?","?","?","E","R","E","T","E"],"items_purchased_type":[],"build_version":"2020-12-22","purchased_purges":0,"victory":false,"max_hp_per_floor":[80,80,80,80,80,80,80,80,80,80,80,80,80,80,80,80,80,80,80,80,80,80,80,80,80,80,80,80],"card_choices":[{"not_picked":["Iron Wave","Intimidate"],"picked":"Headbutt","floor":1},{"not_picked":["Headbutt","Sentinel"],"picked":"Flex","floor":2},{"not_picked":["Entrench","Pommel Strike"],"picked":"Fire Breathing","floor":4},{"not_picked":["True Grit","Clash"],"picked":"Brutality","floor":6},{"not_picked":["Inflame","Blood for Blood"],"picked":"Thunderclap","floor":8},{"not_picked":["Perfected Strike","Pummel"],"picked":"Clothesline","floor":12},{"not_picked":["Intimidate","Thunderclap"],"picked":"Fire Breathing","floor":13},{"not_picked":["Twin Strike","Cleave"],"picked":"Spot Weakness","floor":14},{"not_picked":["Corruption","Brutality"],"picked":"Offering","floor":16},{"not_picked":["Seeing Red","Feel No Pain"],"picked":"Flex+1","floor":18},{"not_picked":["Limit Break","Combust"],"picked":"Flame Barrier","floor":23},{"not_picked":["Uppercut","Clothesline+1"],"picked":"Seeing Red","floor":25}],"player_experience":545805,"relics_obtained":[{"floor":6,"key":"White Beast Statue"},{"floor":6,"key":"Regal Pillow"},{"floor":8,"key":"Boot"},{"floor":8,"key":"Paper Frog"},{"floor":9,"key":"Turnip"},{"floor":11,"key":"Whetstone"},{"floor":14,"key":"Smiling Mask"},{"floor":14,"key":"Ornamental Fan"},{"floor":21,"key":"Enchiridion"},{"floor":22,"key":"The Courier"},{"floor":23,"key":"Letter Opener"},{"floor":23,"key":"War Paint"},{"floor":25,"key":"InkBottle"},{"floor":25,"key":"MealTicket"},{"floor":26,"key":"Potion Belt"}],"event_choices":[{"cards_removed":["Flex"],"damage_healed":0,"gold_gain":0,"player_choice":"Gave Card","damage_taken":0,"relics_obtained":["Torii"],"max_hp_gain":0,"max_hp_loss":0,"event_name":"WeMeetAgain","floor":3,"gold_loss":0},{"damage_healed":0,"gold_gain":0,"player_choice":"Leave","damage_taken":0,"max_hp_gain":0,"max_hp_loss":0,"event_name":"The Cleric","floor":5,"gold_loss":0},{"cards_removed":["Strike_R"],"damage_healed":0,"gold_gain":0,"player_choice":"Card Removal","damage_taken":7,"max_hp_gain":0,"max_hp_loss":0,"event_name":"Golden Wing","floor":10,"gold_loss":0},{"damage_healed":0,"gold_gain":0,"player_choice":"Ignored","damage_taken":0,"max_hp_gain":0,"max_hp_loss":0,"event_name":"Vampires","floor":19,"gold_loss":0},{"damage_healed":0,"gold_gain":99,"player_choice":"Stole From Cult","damage_taken":0,"max_hp_gain":0,"max_hp_loss":0,"event_name":"Nest","floor":20,"gold_loss":0},{"damage_healed":0,"gold_gain":0,"player_choice":"Obtained Book","damage_taken":16,"max_hp_gain":0,"max_hp_loss":0,"event_name":"Cursed Tome","floor":21,"gold_loss":0}],"is_beta":false,"boss_relics":[{"not_picked":["Pandora\u0027s Box","Coffee Dripper"],"picked":"Astrolabe"}],"items_purged_floors":[],"is_endless":false,"potions_floor_spawned":[4,8,12,13,14,16,18,23,25],"killed_by":"Slavers","ascension_level":5}}