{"host":"jl15pmpb41l0mhji","time":1609457457,"event":{"mods":["2.2 Compatiblity","AchievementEnabler","Aspiration","Astrologer","BaseMod","Better Altar","Better Match","Better Note","Better Sensory Stone","Better Skull","Better Third Choice","Better Vampires","CCEM","Clawfect","Colored Map","Defuse TimeMaze Blight","Displayed Cursed Tome","Downfall","Emptier Cage","FruityMod","GifTheSpireLib","Hermit","Highlight Path","Hubris","JesterMod","Minty Spire (QoL Compilation)","Permanent Neow","Random Character Button","Relic Stats","Replay The Spire","Shade Mod","Spicy Shops","StSLib","Stuff the Spire","The Bug Knight","The Disciple","The Hierophant","The Necromancer","The Runesmith"],"gold_per_floor":[113,131,148,73,88,122,142,155,155,184,184,184,213,213,213,316,316,332,33,33,45,45,45,163,163,163,198,198,233,233,233],"floor_reached":30,"playtime":2582,"items_purged":["jesterMod:Strike","jesterMod:Strike","jesterMod:Defend"],"score":302,"play_id":"a631bce2-373f-4ae8-b7d6-19d1136745fa","local_time":"20201231173057","is_ascension_mode":true,"campfire_choices":[{"data":"jesterMod:Prankster","floor":11,"key":"SMITH"},{"data":"jesterMod:Flee","floor":15,"key":"SMITH"},{"data":"jesterMod:BouncingKnife","floor":23,"key":"SMITH"},{"data":"jesterMod:Discretion","floor":28,"key":"SMITH"}],"circlet_count":0,"master_deck":["Shade:PotionOfRestlessness","jesterMod:Strike","jesterMod:Sickle","jesterMod:Defend","jesterMod:Defend","jesterMod:Dodge","jesterMod:LightTheWick","jesterMod:BouncingKnife+1","jesterMod:Mending","jesterMod:Disposophobia","jesterMod:Discretion+1","jesterMod:Prankster+1","jesterMod:Flee+1","jesterMod:BoilDown","jesterMod:Disposophobia+1","jesterMod:DancingMad","jesterMod:DancingMad","jesterMod:Pause","Madness+1","jesterMod:OblivionStrike+1","StuffTheSpire:PlasmaPulse+1","jesterMod:DancingMad","expansioncontent:GoopSpray+1","jesterMod:Exasperation+1"],"relics":["jesterMod:JesterCap","CCEMRelics:PorcelainBowl","Quantum Egg","CCEMRelics:WhiteRose","StuffTheSpire:Barrel","jesterMod:HauntedLute","hubris:Icosahedron","CCEMRelics:FestiveHat","Pet Ghost","StuffTheSpire:GrapeVine"],"acts_visited":["Exordium","TheCity"],"potions_floor_usage":[6,8,13,18,27,29],"damage_taken":[{"damage":0,"enemies":"Jaw Worm","floor":1,"turns":3},{"damage":1,"enemies":"2 Louse","floor":2,"turns":2},{"damage":2,"enemies":"Small Slimes","floor":3,"turns":4},{"damage":6,"enemies":"Blue Slaver","floor":5,"turns":3},{"damage":14,"enemies":"Gremlin Nob","floor":6,"turns":5},{"damage":10,"enemies":"Exordium Wildlife","floor":7,"turns":3},{"damage":13,"enemies":"Large Slime","floor":8,"turns":9},{"damage":2,"enemies":"Lagavulin","floor":10,"turns":4},{"damage":1,"enemies":"3 Sentries","floor":13,"turns":6},{"damage":2,"enemies":"Hexaghost","floor":16,"turns":9},{"damage":15,"enemies":"3 Byrds","floor":18,"turns":5},{"damage":10,"enemies":"Chosen","floor":21,"turns":3},{"damage":8,"enemies":"Centurion and Healer","floor":24,"turns":4},{"damage":13,"enemies":"Slavers","floor":27,"turns":4},{"damage":23,"enemies":"Book of Stabbing","floor":29,"turns":4},{"damage":12,"enemies":"Snake Plant","floor":30,"turns":1}],"seed_played":"-8676300556505466546","potions_obtained":[{"floor":2,"key":"LifebloodPotion"},{"floor":3,"key":"LifebloodPotion"},{"floor":6,"key":"Block Potion"},{"floor":16,"key":"CultistPotion"}],"is_trial":false,"path_per_floor":["M","M","M","$","M","E","M","M","T","E","R","?","E","?","R","B",null,"M","$","?","M","?","R","M","?","T","E","R","E","M"],"character_chosen":"THE_JESTER","items_purchased":["jesterMod:DancingMad"],"campfire_rested":0,"item_purchase_floors":[19],"current_hp_per_floor":[63,62,60,60,54,40,30,17,17,15,15,15,14,14,14,12,63,48,48,48,46,34,34,26,47,47,34,34,11,0,0],"gold":233,"neow_bonus":"REMOVE_TWO","is_daily":false,"chose_seed":false,"campfire_upgraded":4,"win_rate":0.0,"timestamp":1609457457,"path_taken":["M","M","M","$","M","E","M","M","T","E","R","?","E","?","R","BOSS","M","$","?","M","?","R","M","?","T","E","R","E","M"],"items_purchased_type":["Card"],"build_version":"2020-12-22","purchased_purges":3,"victory":false,"max_hp_per_floor":[63,63,63,63,63,63,63,63,63,63,63,63,63,63,63,63,63,63,63,63,63,63,63,63,63,63,63,63,63,63,63],"relic_stats":{"counters":[16,69],"obtain_stats":[{"CCEMRelics:PorcelainBowl":6,"StuffTheSpire:Barrel":13,"hubris:Icosahedron":20,"CCEMRelics:FestiveHat":26,"Quantum Egg":9,"jesterMod:JesterCap":0,"StuffTheSpire:GrapeVine":29,"CCEMRelics:WhiteRose":10,"jesterMod:HauntedLute":17,"Pet Ghost":27},{"CCEMRelics:PorcelainBowl":5,"StuffTheSpire:Barrel":9,"hubris:Icosahedron":11,"CCEMRelics:FestiveHat":13,"Quantum Egg":7,"jesterMod:JesterCap":0,"StuffTheSpire:GrapeVine":15,"CCEMRelics:WhiteRose":8,"jesterMod:HauntedLute":10,"Pet Ghost":14},{"CCEMRelics:PorcelainBowl":17,"StuffTheSpire:Barrel":39,"hubris:Icosahedron":53,"CCEMRelics:FestiveHat":60,"Quantum Egg":29,"jesterMod:JesterCap":0,"StuffTheSpire:GrapeVine":68,"CCEMRelics:WhiteRose":33,"jesterMod:HauntedLute":48,"Pet Ghost":64}]},"card_choices":[{"not_picked":["jesterMod:Feint","jesterMod:SelfMockery"],"picked":"jesterMod:LightTheWick","floor":1},{"not_picked":["jesterMod:Flee","jesterMod:Hide"],"picked":"jesterMod:BouncingKnife","floor":2},{"not_picked":["jesterMod:RecklessStrike","jesterMod:Anticipation","jesterMod:Tinker"],"picked":"SKIP","floor":3},{"not_picked":["jesterMod:ButterKnife","jesterMod:Loot"],"picked":"jesterMod:Mending","floor":5},{"not_picked":["jesterMod:Frenzy","jesterMod:QuickStrike"],"picked":"jesterMod:Disposophobia","floor":6},{"not_picked":["jesterMod:TrickyDodge","jesterMod:JackInTheBox"],"picked":"jesterMod:Discretion","floor":7},{"not_picked":["jesterMod:ButterKnife","jesterMod:Leeches"],"picked":"jesterMod:Prankster","floor":8},{"not_picked":["jesterMod:Taunt","jesterMod:Anticipation"],"picked":"jesterMod:Flee","floor":10},{"not_picked":["jesterMod:Arrythmia","jesterMod:Hide"],"picked":"jesterMod:BoilDown","floor":13},{"not_picked":["jesterMod:Anticipation","jesterMod:SmokeScreen"],"picked":"jesterMod:Disposophobia+1","floor":18},{"not_picked":["jesterMod:JackInTheBox","jesterMod:SelfMockery"],"picked":"jesterMod:Pause","floor":21},{"not_picked":["jesterMod:DesperateStrike","jesterMod:Tinker"],"picked":"jesterMod:OblivionStrike+1","floor":24},{"not_picked":["Discovery+1","expansioncontent:Torchfire+1"],"picked":"StuffTheSpire:PlasmaPulse+1","floor":27},{"not_picked":["jesterMod:Dilapidation+1","jesterMod:Unleash"],"picked":"jesterMod:DancingMad","floor":27},{"not_picked":["Metamorphosis+1","Mind Blast+1"],"picked":"expansioncontent:GoopSpray+1","floor":29},{"not_picked":["jesterMod:ExperimentalTreatment","jesterMod:Tinker"],"picked":"jesterMod:Exasperation+1","floor":29}],"player_experience":1997153,"relics_obtained":[{"floor":6,"key":"CCEMRelics:PorcelainBowl"},{"floor":9,"key":"Quantum Egg"},{"floor":10,"key":"CCEMRelics:WhiteRose"},{"floor":13,"key":"StuffTheSpire:Barrel"},{"floor":26,"key":"CCEMRelics:FestiveHat"},{"floor":27,"key":"Pet Ghost"},{"floor":29,"key":"StuffTheSpire:GrapeVine"}],"event_choices":[{"damage_healed":0,"gold_gain":0,"player_choice":"Ignored","damage_taken":0,"max_hp_gain":0,"max_hp_loss":0,"event_name":"Golden Wing","floor":12,"gold_loss":0},{"damage_healed":0,"gold_gain":0,"player_choice":"Ignored","damage_taken":213,"max_hp_gain":0,"max_hp_loss":0,"event_name":"betterThird:BetterSerpent","floor":14,"gold_loss":0},{"damage_healed":0,"gold_gain":2,"player_choice":"2","damage_taken":0,"max_hp_gain":0,"max_hp_loss":12,"event_name":"betterStone:BetterStone","floor":22,"gold_loss":0},{"damage_healed":21,"gold_gain":0,"player_choice":"Heal","damage_taken":0,"max_hp_gain":0,"max_hp_loss":0,"event_name":"The Library","floor":25,"gold_loss":0}],"is_beta":false,"boss_relics":[{"not_picked":["ReplayTheSpireMod:DimensionalGlitch","hubris:VirtuousBlindfold"],"picked":"jesterMod:HauntedLute"}],"items_purged_floors":[4,19,19],"is_endless":false,"potions_floor_spawned":[2,3,6,16,18,21],"killed_by":"Snake Plant","ascension_level":1}}