{"host":"htqwg582tjjtn9p7","time":1609416257,"event":{"mods":["2.2 Compatiblity","AchievementEnabler","Act Like it!","Aspiration","BaseMod","Better Third Choice","Colored Map","Conspire","Curses Come First","Displayed Cursed Tome","Energized Spire","Force Act Four","GifTheSpireLib","Hermit","Highlight Path","JesterMod","Mad Scientist","Minty Spire (QoL Compilation)","Pale of the Ancients","Permanent Neow","Random Character Button","Relic Stats","Replay The Spire","Robot Space Explorer","Somnambulant","Spicy Shops","Spikes Relics","StSLib","Stuff the Spire","The Blue Laboratory","The Disciple","The Dragon Tamer","The Forsaken","The Gatherer","The Judge","The Jungle","The Marked","The Runesmith","The Servant 0.9.4"],"gold_per_floor":[117,136,32,0,0,0,18,18,18,18,18,35,68,28,28,105,105,117,117,130,130,130,130,130],"floor_reached":23,"playtime":983,"items_purged":["Regret"],"score":355,"play_id":"17d64a9e-9533-4feb-b873-1c36878b6edc","local_time":"20201231130417","is_ascension_mode":true,"campfire_choices":[{"floor":6,"key":"REST"},{"data":"theForsaken:Smite","floor":8,"key":"SMITH"},{"data":"theForsaken:StoreUp","floor":11,"key":"SMITH"}],"circlet_count":0,"master_deck":["AscendersBane","theForsaken:TheForsaken_Strike","theForsaken:TheForsaken_Strike","theForsaken:TheForsaken_Strike","theForsaken:TheForsaken_Strike","theForsaken:TheForsaken_Defend+1","theForsaken:TheForsaken_Defend","theForsaken:TheForsaken_Defend","theForsaken:TheForsaken_Defend","theForsaken:Smite+1","theForsaken:Penitence+1","theForsaken:QuickAttack","theForsaken:QuickAttack","theForsaken:StoreUp+1","Enlightenment+1","theForsaken:Prudence+1","StuffTheSpire:CuriosityCurse","theForsaken:ShieldBash","StuffTheSpire:Injection"],"relics":["theForsaken:JudgementScales","Frozen Egg 2","BrokenLever","aspiration:HummingbirdHeart","Mirror","aspiration:SilentSkillbook"],"acts_visited":["Exordium","TheCity"],"potions_floor_usage":[13,18,23,23,23,23],"damage_taken":[{"damage":8,"enemies":"Small Slimes","floor":1,"turns":3},{"damage":3,"enemies":"Jaw Worm","floor":2,"turns":5},{"damage":0,"enemies":"2 Louse","floor":7,"turns":5},{"damage":0,"enemies":"Blue Slaver","floor":12,"turns":5},{"damage":29,"enemies":"Lagavulin","floor":13,"turns":9},{"damage":0,"enemies":"Looter","floor":14,"turns":4},{"damage":49,"enemies":"Hexaghost","floor":16,"turns":16},{"damage":22,"enemies":"Spheric Guardian","floor":18,"turns":11},{"damage":3,"enemies":"Shell Parasite","floor":20,"turns":12},{"damage":95,"enemies":"Gremlin Leader","floor":23,"turns":8}],"seed_played":"6547955721313692582","potions_obtained":[{"floor":2,"key":"SkillPotion"},{"floor":12,"key":"Strength Potion"},{"floor":16,"key":"Ancient Potion"},{"floor":18,"key":"EntropicBrew"}],"is_trial":false,"path_per_floor":["M","M","$","?","?","R","M","R","T","?","R","M","E","M","R_BF","B",null,"M","?","M","?","?","E"],"character_chosen":"THE_FORSAKEN","items_purchased":["theForsaken:StoreUp"],"campfire_rested":1,"item_purchase_floors":[3],"current_hp_per_floor":[50,47,47,53,33,53,56,56,56,56,56,65,44,50,67,34,59,54,57,67,67,67,0,0],"gold":130,"neow_bonus":"RANDOM_EVENT","is_daily":false,"chose_seed":false,"campfire_upgraded":2,"win_rate":0.0,"timestamp":1609416257,"path_taken":["M","M","$","?","?","R","M","R","T","?","R","M","E","?","R_BF","BOSS","M","?","M","?","?","E"],"items_purchased_type":["Card"],"build_version":"2020-12-22","purchased_purges":1,"victory":false,"max_hp_per_floor":[61,61,61,67,67,67,67,67,67,67,67,67,67,67,67,67,67,67,67,67,67,67,67,67],"relic_stats":{"counters":[10,78],"obtain_stats":[{"BrokenLever":9,"aspiration:SilentSkillbook":17,"aspiration:HummingbirdHeart":10,"Frozen Egg 2":0,"theForsaken:JudgementScales":0,"Mirror":13},{"BrokenLever":3,"aspiration:SilentSkillbook":7,"aspiration:HummingbirdHeart":3,"Frozen Egg 2":0,"theForsaken:JudgementScales":0,"Mirror":5},{"BrokenLever":13,"aspiration:SilentSkillbook":47,"aspiration:HummingbirdHeart":13,"Frozen Egg 2":0,"theForsaken:JudgementScales":0,"Mirror":27}]},"card_choices":[{"not_picked":["theForsaken:ScorchingSunlight","theForsaken:FuryStrikes"],"picked":"theForsaken:QuickAttack","floor":1},{"not_picked":["theForsaken:WardingHymn","theForsaken:HymnOfPatience"],"picked":"theForsaken:QuickAttack","floor":2},{"not_picked":["theForsaken:ShieldCharge","theForsaken:PanicDive"],"picked":"theForsaken:Prudence+1","floor":7},{"not_picked":["theForsaken:CreepingInfection","theForsaken:WardingHymn","theForsaken:Thunderbolt"],"picked":"SKIP","floor":12},{"not_picked":["theForsaken:SiphonStrike","theForsaken:Riposte+1","theForsaken:SpinAttack"],"picked":"SKIP","floor":13},{"not_picked":["theForsaken:PanicDive","theForsaken:LightRoll"],"picked":"theForsaken:ShieldBash","floor":14},{"not_picked":["theForsaken:BattleHymn+1","theForsaken:FuryStrikes","Cloak And Dagger","theForsaken:HymnOfPatience"],"picked":"SKIP","floor":18},{"not_picked":["Sucker Punch","Flying Knee","theForsaken:FountainOfLife+1"],"picked":"StuffTheSpire:Injection","floor":20}],"player_experience":1848029,"relics_obtained":[{"floor":9,"key":"BrokenLever"},{"floor":13,"key":"Mirror"}],"event_choices":[{"damage_healed":0,"gold_gain":0,"player_choice":"Box","damage_taken":0,"relics_obtained":["Frozen Egg 2"],"max_hp_gain":0,"max_hp_loss":0,"event_name":"Big Fish","floor":0,"gold_loss":0,"cards_obtained":["Regret"]},{"damage_healed":0,"gold_gain":0,"player_choice":"RENOUNCE","damage_taken":32,"max_hp_gain":0,"max_hp_loss":0,"event_name":"betterThird:BetterSerpent","floor":4,"gold_loss":32,"cards_obtained":["Enlightenment"]},{"damage_healed":53,"gold_gain":0,"player_choice":"Upgrade","damage_taken":20,"max_hp_gain":0,"max_hp_loss":67,"event_name":"betterThird:BetterShining","floor":5,"gold_loss":0,"cards_upgraded":["theForsaken:Penitence","theForsaken:TheForsaken_Defend"]}],"is_beta":false,"boss_relics":[{"not_picked":["energizedSpire:CursedPentagram","Tiny House"],"picked":"aspiration:SilentSkillbook"}],"items_purged_floors":[3],"is_endless":false,"potions_floor_spawned":[2,12,16,18],"killed_by":"Gremlin Leader","ascension_level":18}}