{"host":"qfskrnw3pl1q86j0","time":1609417955,"event":{"mods":["BaseMod","Block Reminder","Hermit","Marisa????????","Minty Spire (QoL Compilation)","Quick Restart","Random Character Button","Relic Stats","StSLib","The Poker Player","slay the spire mod where everything is the same but ironclad has a cowboy hat"],"gold_per_floor":[116,116,131,148,22,22,38,49,49,49,60,60,75,49,49,154,154,164,164,184,35,35,35,66,26,26,125,125,143,157,57,57,157,157,167,187,187,200,75,75,0,13,13,31,31,50,97,97,97,97],"floor_reached":51,"playtime":1923,"items_purged":["Defend_B","Strike_B","Strike_B"],"score":659,"play_id":"96186b4d-565f-4c00-9030-690232f35312","local_time":"20201231133235","is_ascension_mode":false,"campfire_choices":[{"data":"Zap","floor":6.0,"key":"SMITH"},{"data":"Dualcast","floor":10.0,"key":"SMITH"},{"data":"Go for the Eyes","floor":12.0,"key":"SMITH"},{"data":"Capacitor","floor":15.0,"key":"SMITH"},{"data":"Sweeping Beam","floor":23.0,"key":"SMITH"},{"data":"Defragment","floor":28,"key":"SMITH"},{"data":"Cold Snap","floor":32,"key":"SMITH"},{"data":"Ball Lightning","floor":40,"key":"SMITH"},{"data":"Leap","floor":45,"key":"SMITH"},{"data":"Defend_B","floor":49,"key":"PURGE"}],"circlet_count":0,"master_deck":["Defend_B","Zap+1","Dualcast+1","Leap+1","Go for the Eyes+1","Sweeping Beam+1","Hologram+1","Capacitor+1","Chaos+1","FTL","Cold Snap+1","Rainbow+1","Redo+1","Tempest+1","Defragment+1","Coolheaded+1","Compile Driver+1","Ball Lightning+1","Loop+1","Coolheaded+1","Flash of Steel"],"relics":["Cracked Core","Toxic Egg 2","Mango","Sozu","ClockworkSouvenir","Peace Pipe","Lantern","Empty Cage","Red Mask","Bird Faced Urn","CatCart"],"acts_visited":["Exordium","TheCity","TheBeyond"],"potions_floor_usage":[24,24,50],"damage_taken":[{"damage":1.0,"enemies":"Cultist","floor":1.0,"turns":3.0},{"damage":0.0,"enemies":"Small Slimes","floor":3.0,"turns":4.0},{"damage":0.0,"enemies":"2 Louse","floor":4.0,"turns":3.0},{"damage":3.0,"enemies":"Large Slime","floor":7.0,"turns":5.0},{"damage":9.0,"enemies":"Blue Slaver","floor":8.0,"turns":3.0},{"damage":0.0,"enemies":"Gremlin Gang","floor":11.0,"turns":4.0},{"damage":2.0,"enemies":"Red Slaver","floor":13.0,"turns":3.0},{"damage":27.0,"enemies":"Slime Boss","floor":16.0,"turns":11.0},{"damage":0.0,"enemies":"Spheric Guardian","floor":18.0,"turns":3.0},{"damage":1.0,"enemies":"3 Byrds","floor":20.0,"turns":5.0},{"damage":3,"enemies":"Book of Stabbing","floor":24,"turns":6},{"damage":15,"enemies":"Centurion and Healer","floor":29,"turns":5},{"damage":0,"enemies":"Chosen and Byrds","floor":30,"turns":3},{"damage":11,"enemies":"Champ","floor":33,"turns":9},{"damage":4,"enemies":"Orb Walker","floor":35,"turns":3},{"damage":0,"enemies":"3 Shapes","floor":36,"turns":3},{"damage":11,"enemies":"Spire Growth","floor":38,"turns":4},{"damage":8,"enemies":"Writhing Mass","floor":42,"turns":4},{"damage":6,"enemies":"3 Darklings","floor":44,"turns":5},{"damage":7,"enemies":"Sphere and 2 Shapes","floor":46,"turns":4},{"damage":0,"enemies":"Orin","floor":47,"turns":8},{"damage":24,"enemies":"Awakened One","floor":50,"turns":11}],"seed_played":"-283592581079780573","potions_obtained":[{"floor":3.0,"key":"PotionOfCapacity"},{"floor":7.0,"key":"ColorlessPotion"},{"floor":8.0,"key":"Block Potion"}],"is_trial":false,"path_per_floor":["M","?","M","M","$","R","M","M","T","R","M","R","M","$","R","B",null,"M","?","M","$","?","R","E","$","T","?","R","M","M","$","R","B",null,"M","M","?","M","$","R","?","M","T","M","R","M","?","?","R","B",null],"character_chosen":"DEFECT","items_purchased":["Hologram+1","Cold Snap","ClockworkSouvenir","Defragment"],"campfire_rested":0,"item_purchase_floors":[5,14,21,25],"current_hp_per_floor":[74,56,56,56,56,56,53,44,58,58,58,58,56,56,56,29,89,89,83,82,82,82,82,79,79,79,79,79,64,64,64,64,53,89,85,85,85,74,74,74,74,66,66,66,66,65,71,71,71,53],"gold":97,"neow_bonus":"REMOVE_CARD","is_daily":false,"chose_seed":false,"campfire_upgraded":9,"win_rate":0.0,"timestamp":1609417955,"path_taken":["M","?","M","M","$","R","M","M","T","R","M","R","M","$","R","BOSS","M","?","?","$","?","R","E","$","T","?","R","M","M","?","R","BOSS","M","?","?","?","$","R","?","M","T","M","R","M","?","?","R","BOSS"],"items_purchased_type":["Card","Card","Relic","Card"],"build_version":"2020-12-22","purchased_purges":3,"victory":true,"max_hp_per_floor":[75,75,75,75,75,75,75,75,89,89,89,89,89,89,89,89,89,89,89,89,89,89,89,89,89,89,89,89,89,89,89,89,89,89,89,89,89,89,89,89,89,89,89,89,89,89,89,89,89,89],"relic_stats":{"Sozu":4,"Peace Pipe":1,"counters":[22,109],"Bird Faced Urn":[24],"obtain_stats":[{"Sozu":17,"Peace Pipe":24,"Lantern":26,"Bird Faced Urn":43,"Mango":9,"Red Mask":41,"Toxic Egg 2":2,"CatCart":47,"Cracked Core":0,"Empty Cage":34,"ClockworkSouvenir":21},{"Sozu":8,"Peace Pipe":11,"Lantern":11,"Bird Faced Urn":18,"Mango":5,"Red Mask":17,"Toxic Egg 2":1,"CatCart":21,"Cracked Core":0,"Empty Cage":14,"ClockworkSouvenir":10},{"Sozu":36,"Peace Pipe":50,"Lantern":50,"Bird Faced Urn":81,"Mango":18,"Red Mask":77,"Toxic Egg 2":3,"CatCart":98,"Cracked Core":0,"Empty Cage":67,"ClockworkSouvenir":44}]},"card_choices":[{"not_picked":["Compile Driver","Go for the Eyes"],"picked":"Leap","floor":1.0},{"not_picked":["Double Energy+1","Barrage"],"picked":"Go for the Eyes","floor":3.0},{"not_picked":["Storm","Turbo+1"],"picked":"Sweeping Beam","floor":4.0},{"not_picked":["Electrodynamics","Leap+1"],"picked":"Capacitor","floor":7.0},{"not_picked":["Turbo+1","Blizzard","Sweeping Beam"],"picked":"SKIP","floor":8.0},{"not_picked":["Rebound","Barrage"],"picked":"Chaos+1","floor":11.0},{"not_picked":["Turbo+1","Storm"],"picked":"FTL","floor":13.0},{"not_picked":["Seek+1","All For One"],"picked":"Rainbow+1","floor":16.0},{"not_picked":["Conserve Battery+1","Steam+1"],"picked":"Redo+1","floor":18.0},{"not_picked":["Barrage","Conserve Battery+1"],"picked":"Tempest+1","floor":20.0},{"not_picked":["Leap+1","Hologram+1","Meteor Strike"],"picked":"SKIP","floor":24},{"not_picked":["Compile Driver","Beam Cell"],"picked":"Coolheaded+1","floor":29},{"not_picked":["Leap+1","Stack+1"],"picked":"Compile Driver+1","floor":30},{"not_picked":["Leap+1","Stack+1"],"picked":"Ball Lightning","floor":35},{"not_picked":["Hologram+1","Stack+1"],"picked":"Loop+1","floor":36},{"not_picked":["Self Repair+1","Turbo+1"],"picked":"Coolheaded+1","floor":38},{"not_picked":["Turbo+1","Stack+1","Rip and Tear+1"],"picked":"SKIP","floor":42},{"not_picked":["Turbo+1","Beam Cell+1","Steam+1"],"picked":"SKIP","floor":44},{"not_picked":["Go for the Eyes+1","Hologram+1","Steam+1"],"picked":"SKIP","floor":46},{"not_picked":["Bandage Up+1","Good Instincts+1"],"picked":"Flash of Steel","floor":48}],"player_experience":884057,"relics_obtained":[{"floor":9.0,"key":"Mango"},{"floor":24,"key":"Peace Pipe"},{"floor":26,"key":"Lantern"},{"floor":43,"key":"Bird Faced Urn"},{"floor":47,"key":"CatCart"}],"event_choices":[{"damage_healed":0.0,"max_hp_gain":0.0,"max_hp_loss":0.0,"gold_gain":0.0,"event_name":"Scrap Ooze","player_choice":"Success","floor":2.0,"gold_loss":0.0,"damage_taken":18.0,"relics_obtained":["Toxic Egg 2"]},{"damage_healed":0.0,"max_hp_gain":0.0,"max_hp_loss":0.0,"gold_gain":0.0,"event_name":"Knowing Skull","player_choice":"","floor":19.0,"potions_obtained":[],"gold_loss":0.0,"damage_taken":6.0,"cards_obtained":[]},{"damage_healed":0.0,"max_hp_gain":0.0,"max_hp_loss":0.0,"gold_gain":0.0,"event_name":"Vampires","player_choice":"Ignored","floor":22.0,"gold_loss":0.0,"damage_taken":0.0},{"damage_healed":0,"gold_gain":99,"player_choice":"Stole From Cult","damage_taken":0,"max_hp_gain":0,"max_hp_loss":0,"event_name":"Nest","floor":27,"gold_loss":0},{"damage_healed":0,"gold_gain":0,"player_choice":"Ignored","damage_taken":0,"max_hp_gain":0,"max_hp_loss":0,"event_name":"SecretPortal","floor":37,"gold_loss":0},{"damage_healed":0,"gold_gain":0,"player_choice":"Paid","damage_taken":0,"relics_obtained":["Red Mask"],"max_hp_gain":0,"max_hp_loss":0,"event_name":"Tomb of Lord Red Mask","floor":41,"gold_loss":75},{"damage_healed":0,"gold_gain":0,"player_choice":"Fight","damage_taken":0,"max_hp_gain":0,"max_hp_loss":0,"event_name":"OrinTheCat","floor":47,"gold_loss":0},{"damage_healed":0,"gold_gain":0,"player_choice":"Memory 1","damage_taken":0,"max_hp_gain":0,"max_hp_loss":0,"event_name":"SensoryStone","floor":48,"gold_loss":0}],"is_beta":false,"boss_relics":[{"not_picked":["FrozenCore","Cursed Key"],"picked":"Sozu"},{"not_picked":["Philosopher\u0027s Stone","Runic Pyramid"],"picked":"Empty Cage"}],"items_purged_floors":[5,31,39],"is_endless":false,"potions_floor_spawned":[3,7,8,16,24,30,38,47],"ascension_level":0}}