{"host":"lvhfn8l5bvc4nolx","time":1609425135,"event":{"mods":["AchievementEnabler","BaseMod","Colored Map","Keyboard Shortcuts","Minty Spire (QoL Compilation)","Permanent Neow","Quick Restart","SuperFastMode"],"gold_per_floor":[116,45,60,60,0,0,12,12,36,56,69,97,109,122,122,122,122],"floor_reached":16,"playtime":295,"items_purged":[],"score":148,"play_id":"c5ace648-6869-4187-8762-32cff22319fe","local_time":"20201231233215","is_ascension_mode":true,"campfire_choices":[{"data":"Apotheosis","floor":6,"key":"SMITH"},{"data":"MentalFortress","floor":8,"key":"SMITH"},{"data":"Adaptation","floor":15,"key":"SMITH"}],"circlet_count":0,"master_deck":["Strike_P","Strike_P","Strike_P","Strike_P","Defend_P","Defend_P","Defend_P","Defend_P","Eruption","Vigilance","Apotheosis+1","ClearTheMind","Vault","MentalFortress+1","FollowUp","CrushJoints","Fasting2","Prostrate","Fasting2","Adaptation+1"],"relics":["PureWater","Happy Flower","White Beast Statue"],"acts_visited":["Exordium"],"potions_floor_usage":[16,16,16],"damage_taken":[{"damage":0,"enemies":"Cultist","floor":1,"turns":3},{"damage":15,"enemies":"Jaw Worm","floor":3,"turns":5},{"damage":2,"enemies":"Small Slimes","floor":7,"turns":4},{"damage":0,"enemies":"2 Fungi Beasts","floor":10,"turns":3},{"damage":3,"enemies":"Red Slaver","floor":11,"turns":3},{"damage":16,"enemies":"Gremlin Nob","floor":12,"turns":3},{"damage":18,"enemies":"Exordium Thugs","floor":13,"turns":4},{"damage":0,"enemies":"Lots of Slimes","floor":14,"turns":1},{"damage":17,"enemies":"The Guardian","floor":16,"turns":5}],"seed_played":"-6674525043825710459","potions_obtained":[{"floor":3,"key":"ColorlessPotion"},{"floor":7,"key":"PowerPotion"},{"floor":11,"key":"Weak Potion"}],"is_trial":false,"path_per_floor":["M","$","M","?","$","R","M","R","T","M","M","E","M","M","R","B"],"character_chosen":"WATCHER","items_purchased":["Vault","MentalFortress"],"campfire_rested":0,"item_purchase_floors":[2,5],"current_hp_per_floor":[65,65,50,55,55,55,53,53,53,53,50,34,16,16,16,0,0],"gold":122,"neow_bonus":"RANDOM_COLORLESS_2","is_daily":false,"chose_seed":false,"campfire_upgraded":3,"win_rate":0.0,"timestamp":1609425135,"path_taken":["M","$","?","?","?","R","M","R","T","M","M","E","?","M","R","BOSS"],"items_purchased_type":["Card","Card"],"build_version":"2020-12-22","purchased_purges":0,"victory":false,"max_hp_per_floor":[65,65,65,70,70,70,70,70,70,70,70,70,70,70,70,70,70],"card_choices":[{"not_picked":["Secret Technique","Master of Strategy"],"picked":"Apotheosis","floor":0},{"not_picked":["Pray","Meditate"],"picked":"ClearTheMind","floor":1},{"not_picked":["ClearTheMind","Indignation","Pray"],"picked":"SKIP","floor":3},{"not_picked":["FlurryOfBlows","Evaluate"],"picked":"FollowUp","floor":7},{"not_picked":["Vengeance","ThirdEye"],"picked":"CrushJoints","floor":10},{"not_picked":["Wireheading","Prostrate"],"picked":"Fasting2","floor":11},{"not_picked":["JustLucky","ReachHeaven"],"picked":"Prostrate","floor":12},{"not_picked":["Fasting2","Protect","FlurryOfBlows"],"picked":"SKIP","floor":13},{"not_picked":["Protect","FlurryOfBlows"],"picked":"Fasting2","floor":13},{"not_picked":["Judgement","Protect"],"picked":"Adaptation","floor":14}],"player_experience":356218,"relics_obtained":[{"floor":9,"key":"Happy Flower"},{"floor":12,"key":"White Beast Statue"}],"event_choices":[{"damage_healed":0,"gold_gain":0,"player_choice":"Donut","damage_taken":0,"max_hp_gain":5,"max_hp_loss":0,"event_name":"Big Fish","floor":4,"gold_loss":0}],"is_beta":false,"boss_relics":[],"items_purged_floors":[],"is_endless":false,"potions_floor_spawned":[3,7,11,13,14],"killed_by":"The Guardian","ascension_level":3}}