{"host":"ql9d3hodw6ja2r3y","time":1609379339,"event":{"mods":["2.2 Compatiblity","AchievementEnabler","Act Like it!","BaseMod","Beaked The Cultist","Better Altar","Better Match","Better Note","Better Sensory Stone","Better Skull","Better Third Choice","Better Vampires","BetterRewards","CCEM","Challenge The Spire","Colored Powertips","Curses Come First","Displayed Cursed Tome","Downfall","Friendly Minions","GifTheSpireLib","Infinite Spire","Marked Mod","Mimic Mod","Minty Spire (QoL Compilation)","Permanent Neow","Quick Restart","Random Character Button","Rare Cards Sparkle","Relic Sorter","Shade Mod","Somnambulant","Spicy Shops","StSLib","Synergy Search","The Blue Laboratory","The Bug Knight","The Construct","The Cursed","The Disciple","The Forsaken","The Hierophant","The Marked","The Runesmith","The Spell Scribe"],"gold_per_floor":[114,114,132,32,207,207,226,226,270,291,324,324,342,442,442,571,571,571,571],"floor_reached":18,"playtime":1119,"items_purged":[],"score":210,"play_id":"88d4ae06-2e1a-4bd6-87ac-32e735989969","local_time":"20201231024859","is_ascension_mode":false,"campfire_choices":[{"data":"Zap","floor":6,"key":"SMITH"},{"data":"Dualcast","floor":8,"key":"SMITH"},{"floor":15,"key":"REST"}],"circlet_count":0,"master_deck":["Strike_B","Strike_B","Strike_B","Strike_B","Defend_B","Defend_B","Defend_B","Defend_B","Zap+1","Dualcast+1","BootSequence","Injury","Compile Driver","Redo","Sweeping Beam","Doubt","Coolheaded","Defragment","Stack","White Noise","Cold Snap","Biased Cognition"],"relics":["Cracked Core","Golden Idol","construct:RocketBooster","SlaversCollar"],"acts_visited":["Exordium","TheCity"],"potions_floor_usage":[3,9,11,16,16],"damage_taken":[{"damage":0,"enemies":"Small Slimes","floor":1,"turns":2},{"damage":6,"enemies":"2 Louse","floor":3,"turns":3},{"damage":6,"enemies":"Cultist","floor":7,"turns":3},{"damage":0,"enemies":"Large Slime","floor":9,"turns":5},{"damage":8,"enemies":"Large Slime","floor":10,"turns":6},{"damage":29,"enemies":"Gremlin Nob","floor":11,"turns":4},{"damage":7,"enemies":"Blue Slaver","floor":13,"turns":4},{"damage":0,"enemies":"Slime Boss","floor":16,"turns":4},{"damage":77,"enemies":"Shell Parasite","floor":18,"turns":15}],"seed_played":"7085300611782943060","potions_obtained":[{"floor":0,"key":"blueLaboratory:BiasPotion"},{"floor":0,"key":"blueLaboratory:RememoryPotion"},{"floor":0,"key":"BlessingOfTheForge"},{"floor":3,"key":"blueLaboratory:Moonshine"},{"floor":10,"key":"blueLaboratory:SavagePotion"},{"floor":13,"key":"blueLaboratory:HorrorPotion"}],"is_trial":false,"path_per_floor":["M","?","M","$","?","R","M","R","MIM","M","E","?","M","?","R","B",null,"M"],"character_chosen":"DEFECT","items_purchased":["Redo","Sweeping Beam"],"campfire_rested":1,"item_purchase_floors":[4,4],"current_hp_per_floor":[75,75,69,69,69,69,63,63,63,55,26,26,19,19,41,41,75,0,0],"gold":571,"neow_bonus":"THREE_SMALL_POTIONS","is_daily":false,"chose_seed":false,"campfire_upgraded":2,"win_rate":0.0,"timestamp":1609379339,"path_taken":["M","?","M","$","?","R","M","R","MIM","?","E","?","M","?","R","BOSS","M"],"items_purchased_type":["Card","Card"],"build_version":"2020-12-22","purchased_purges":0,"victory":false,"max_hp_per_floor":[75,75,75,75,75,75,75,75,75,75,75,75,75,75,75,75,75,75,75],"card_choices":[{"not_picked":["Melter","Conserve Battery"],"picked":"BootSequence","floor":1},{"not_picked":["Streamline","Fusion"],"picked":"Compile Driver","floor":3},{"not_picked":["Steam","Barrage"],"picked":"Coolheaded","floor":7},{"not_picked":["Gash","Cold Snap"],"picked":"Defragment","floor":9},{"not_picked":["Beam Cell","Gash"],"picked":"Stack","floor":10},{"not_picked":["Seek","Machine Learning"],"picked":"White Noise","floor":11},{"not_picked":["Fusion","Consume"],"picked":"Cold Snap","floor":13},{"not_picked":["All For One","Machine Learning"],"picked":"Biased Cognition","floor":16}],"player_experience":24715,"relics_obtained":[{"floor":11,"key":"construct:RocketBooster"}],"event_choices":[{"damage_healed":0,"gold_gain":0,"player_choice":"Take Wound","damage_taken":0,"relics_obtained":["Golden Idol"],"max_hp_gain":0,"max_hp_loss":0,"event_name":"Golden Idol","floor":2,"gold_loss":0,"cards_obtained":["Injury"]},{"damage_healed":0,"gold_gain":175,"player_choice":"AGREE","damage_taken":32,"max_hp_gain":0,"max_hp_loss":0,"event_name":"betterThird:BetterSerpent","floor":5,"gold_loss":0},{"damage_healed":0,"gold_gain":100,"player_choice":"Pray","damage_taken":0,"max_hp_gain":0,"max_hp_loss":0,"event_name":"Golden Shrine","floor":14,"gold_loss":0}],"is_beta":false,"boss_relics":[{"not_picked":["Philosopher\u0027s Stone","Sozu"],"picked":"SlaversCollar"}],"items_purged_floors":[],"is_endless":false,"potions_floor_spawned":[1,3,10,13],"killed_by":"Shell Parasite","ascension_level":0}}