{"host":"873t0y8ybyo38pfq","time":1609430325,"event":{"mods":["BaseMod","Bestiary","Colored Map","Colored Powertips","Highlight Path","Minty Spire (QoL Compilation)","Quick Restart","RNG Fix","Rare Cards Sparkle","Relic Stats","StSLib"],"gold_per_floor":[361,45,120,195,195,195,205,205,205,234,22,51,51,16,16,89,89,104,124,124,138,152,152,169,169,169,181,192,192,217,217,217,217,217],"floor_reached":33,"playtime":837,"items_purged":["Strike_B"],"score":546,"play_id":"d24f4aae-8cd2-4374-a63c-4b46a3c739f6","local_time":"20201231105845","is_ascension_mode":true,"campfire_choices":[{"data":"Doom and Gloom","floor":6,"key":"SMITH"},{"data":"Glacier","floor":8,"key":"SMITH"},{"floor":13,"key":"REST"},{"data":"Zap","floor":15,"key":"SMITH"},{"floor":23,"key":"REST"},{"floor":25,"key":"REST"},{"floor":29,"key":"REST"},{"data":"Leap","floor":32,"key":"SMITH"}],"circlet_count":0,"master_deck":["AscendersBane","Strike_B","Strike_B","Defend_B","Defend_B","Defend_B","Defend_B","Zap+1","Dualcast","Doom and Gloom+1","Glacier+1","Seek","Leap+1","Electrodynamics","Ball Lightning+1","Doom and Gloom+1","Lockon+1","Coolheaded+1"],"relics":["Cracked Core","ClockworkSouvenir","Molten Egg 2","White Beast Statue","Akabeko","Potion Belt","Snecko Eye","Matryoshka","Nunchaku"],"acts_visited":["Exordium","TheCity"],"potions_floor_usage":[16,21,21,22,24,27,28,30,33],"damage_taken":[{"damage":7,"enemies":"Jaw Worm","floor":1,"turns":4},{"damage":1,"enemies":"Cultist","floor":7,"turns":3},{"damage":14,"enemies":"Lagavulin","floor":10,"turns":8},{"damage":2,"enemies":"3 Sentries","floor":12,"turns":4},{"damage":22,"enemies":"The Guardian","floor":16,"turns":10},{"damage":19,"enemies":"Chosen","floor":18,"turns":7},{"damage":1,"enemies":"Spheric Guardian","floor":19,"turns":5},{"damage":11,"enemies":"Snake Plant","floor":21,"turns":5},{"damage":6,"enemies":"Snecko","floor":22,"turns":7},{"damage":0,"enemies":"Cultist and Chosen","floor":24,"turns":3},{"damage":0,"enemies":"3 Cultists","floor":27,"turns":3},{"damage":15,"enemies":"Snake Plant","floor":28,"turns":3},{"damage":34,"enemies":"Slavers","floor":30,"turns":2},{"damage":32,"enemies":"Automaton","floor":33,"turns":3}],"seed_played":"-7158924088190275844","potions_obtained":[{"floor":12,"key":"PotionOfCapacity"},{"floor":16,"key":"FocusPotion"},{"floor":18,"key":"Swift Potion"},{"floor":19,"key":"Swift Potion"},{"floor":21,"key":"Block Potion"},{"floor":22,"key":"Fire Potion"},{"floor":24,"key":"Strength Potion"},{"floor":27,"key":"Fruit Juice"},{"floor":28,"key":"Regen Potion"},{"floor":30,"key":"BlessingOfTheForge"}],"is_trial":false,"path_per_floor":["M","$","?","?","?","R","M","R","T","E","$","E","R","?","R","B",null,"M","M","?","M","M","R","M","R","T","M","M","R","E","?","R","B"],"character_chosen":"DEFECT","items_purchased":["ClockworkSouvenir","Glacier","Akabeko","Leap"],"campfire_rested":4,"item_purchase_floors":[2,2,11,11],"current_hp_per_floor":[39,39,28,28,28,28,27,27,27,13,13,11,32,49,49,27,60,41,40,20,9,3,25,25,47,47,47,37,61,32,32,32,0,0],"gold":217,"neow_bonus":"TWO_FIFTY_GOLD","is_daily":false,"chose_seed":false,"campfire_upgraded":4,"win_rate":0.0,"timestamp":1609430325,"path_taken":["M","$","?","?","?","R","M","R","T","E","?","E","R","?","R","BOSS","M","?","?","?","M","R","M","R","T","M","M","R","E","?","R","BOSS"],"items_purchased_type":["Relic","Card","Relic","Card"],"build_version":"2020-12-22","purchased_purges":1,"victory":false,"max_hp_per_floor":[71,71,71,71,71,71,71,71,71,71,71,71,71,71,71,71,71,71,71,76,76,76,76,76,76,76,76,81,81,81,81,81,81,81],"relic_stats":{"Nunchaku":[0],"counters":[14,67],"Snecko Eye":[66,53,75,69],"obtain_stats":[{"Potion Belt":12,"Nunchaku":30,"Matryoshka":26,"Snecko Eye":17,"Molten Egg 2":9,"Cracked Core":0,"White Beast Statue":10,"Akabeko":11,"ClockworkSouvenir":2},{"Potion Belt":4,"Nunchaku":13,"Matryoshka":10,"Snecko Eye":5,"Molten Egg 2":2,"Cracked Core":0,"White Beast Statue":3,"Akabeko":3,"ClockworkSouvenir":1},{"Potion Belt":19,"Nunchaku":64,"Matryoshka":56,"Snecko Eye":29,"Molten Egg 2":7,"Cracked Core":0,"White Beast Statue":15,"Akabeko":15,"ClockworkSouvenir":4}]},"card_choices":[{"not_picked":["BootSequence","Genetic Algorithm"],"picked":"Doom and Gloom","floor":1},{"not_picked":["Reinforced Body","Heatsinks","Barrage"],"picked":"SKIP","floor":7},{"not_picked":["Recycle","Rebound+1"],"picked":"Seek","floor":10},{"not_picked":["Tempest","White Noise","Steam"],"picked":"SKIP","floor":12},{"not_picked":["Meteor Strike+1","Buffer"],"picked":"Electrodynamics","floor":16},{"not_picked":["Beam Cell+1","Streamline+1","Sweeping Beam+1"],"picked":"SKIP","floor":18},{"not_picked":["Streamline+1","Scrape+1","Leap"],"picked":"SKIP","floor":19},{"not_picked":["Multi-Cast","Go for the Eyes+1"],"picked":"Ball Lightning+1","floor":21},{"not_picked":["Beam Cell+1","Streamline+1"],"picked":"Doom and Gloom+1","floor":22},{"not_picked":["Defragment","Turbo"],"picked":"Lockon+1","floor":24},{"not_picked":["Hello World+1","Gash+1","Genetic Algorithm"],"picked":"SKIP","floor":27},{"not_picked":["Double Energy","Darkness"],"picked":"Coolheaded+1","floor":28},{"not_picked":["Steam","Barrage+1","Force Field"],"picked":"SKIP","floor":30}],"player_experience":1444858,"relics_obtained":[{"floor":9,"key":"Molten Egg 2"},{"floor":10,"key":"White Beast Statue"},{"floor":12,"key":"Potion Belt"},{"floor":26,"key":"Matryoshka"},{"floor":30,"key":"Nunchaku"}],"event_choices":[{"damage_healed":0,"gold_gain":75,"player_choice":"Gather Gold","damage_taken":11,"max_hp_gain":0,"max_hp_loss":0,"event_name":"World of Goop","floor":3,"gold_loss":0},{"damage_healed":0,"gold_gain":75,"player_choice":"Gained Gold","damage_taken":0,"max_hp_gain":0,"max_hp_loss":0,"event_name":"Golden Wing","floor":4,"gold_loss":0},{"damage_healed":0,"gold_gain":0,"player_choice":"Ignored","damage_taken":0,"max_hp_gain":0,"max_hp_loss":0,"event_name":"Liars Game","floor":5,"gold_loss":0},{"damage_healed":17,"gold_gain":0,"player_choice":"Healed","damage_taken":0,"max_hp_gain":0,"max_hp_loss":0,"event_name":"The Cleric","floor":14,"gold_loss":35},{"damage_healed":0,"gold_gain":0,"player_choice":"Shed Blood","damage_taken":25,"max_hp_gain":5,"max_hp_loss":0,"event_name":"Forgotten Altar","floor":20,"gold_loss":0},{"cards_removed":["Strike_B"],"damage_healed":0,"gold_gain":0,"player_choice":"Elegance","damage_taken":0,"max_hp_gain":0,"max_hp_loss":0,"event_name":"Back to Basics","floor":31,"gold_loss":0}],"is_beta":false,"boss_relics":[{"not_picked":["Tiny House","Black Star"],"picked":"Snecko Eye"}],"items_purged_floors":[2],"is_endless":false,"potions_floor_spawned":[12,16,18,19,21,22,24,27,28,30],"killed_by":"Automaton","ascension_level":20}}