{"host":"ied4ms9juizrl48v","time":1609403763,"event":{"mods":["BaseMod","Block Reminder","Colored Map","Colored Powertips","DeckTracker","Highlight Path","Minty Spire (QoL Compilation)","Quick Restart","Random Character Button","StSLib","SuperFastMode"],"gold_per_floor":[363,333,5,17,33,33,63,63,63,388,344,24,24,39,39,39,39],"floor_reached":16,"playtime":475,"items_purged":["Normality"],"score":216,"play_id":"70740b8a-14be-4ea9-9677-95765e3c8c1d","local_time":"20201231173603","is_ascension_mode":true,"campfire_choices":[{"data":"Streamline","floor":6,"key":"SMITH"},{"floor":8,"key":"REST"},{"floor":13,"key":"REST"},{"data":"Consume","floor":15,"key":"SMITH"}],"circlet_count":0,"master_deck":["AscendersBane","Strike_B","Strike_B","Strike_B","Strike_B","Defend_B","Defend_B","Defend_B","Defend_B","Zap","Dualcast","Streamline+1","Multi-Cast","Doom and Gloom","White Noise","Ball Lightning","Steam","Consume+1"],"relics":["Cracked Core","Chemical X","Letter Opener","Question Card","Old Coin","DataDisk","Blood Vial"],"acts_visited":["Exordium"],"potions_floor_usage":[7,16],"damage_taken":[{"damage":12,"enemies":"Cultist","floor":1,"turns":4},{"damage":0,"enemies":"2 Louse","floor":4,"turns":1},{"damage":10,"enemies":"Small Slimes","floor":5,"turns":3},{"damage":32,"enemies":"Gremlin Nob","floor":7,"turns":4},{"damage":30,"enemies":"3 Sentries","floor":10,"turns":5},{"damage":4,"enemies":"2 Fungi Beasts","floor":14,"turns":3},{"damage":25,"enemies":"The Guardian","floor":16,"turns":2}],"seed_played":"-610445452669514573","potions_obtained":[{"floor":2,"key":"EssenceOfDarkness"},{"floor":2,"key":"SpeedPotion"},{"floor":5,"key":"FocusPotion"},{"floor":10,"key":"PowerPotion"}],"is_trial":false,"path_per_floor":["M","?","$","M","M","R","E","R","T","E","?","$","R","M","R","B"],"character_chosen":"DEFECT","items_purchased":["Multi-Cast","Chemical X","DataDisk","Blood Vial"],"campfire_rested":2,"item_purchase_floors":[3,3,12,12],"current_hp_per_floor":[52,52,52,52,42,42,10,31,31,1,1,1,22,20,20,0,0],"gold":39,"neow_bonus":"TWO_FIFTY_GOLD","is_daily":false,"chose_seed":false,"campfire_upgraded":2,"win_rate":0.0,"timestamp":1609403763,"path_taken":["M","?","$","?","M","R","E","R","T","E","?","$","R","M","R","BOSS"],"items_purchased_type":["Card","Relic","Relic","Relic"],"build_version":"2020-12-22","purchased_purges":1,"victory":false,"max_hp_per_floor":[71,71,71,71,71,71,71,71,71,71,71,71,71,71,71,71,71],"card_choices":[{"not_picked":["Gash","Sweeping Beam"],"picked":"Streamline","floor":1},{"not_picked":["Self Repair","Hologram"],"picked":"Doom and Gloom","floor":4},{"not_picked":["Force Field","Streamline"],"picked":"White Noise","floor":5},{"not_picked":["Redo","Conserve Battery"],"picked":"Ball Lightning","floor":7},{"not_picked":["Aggregate","Redo","Meteor Strike"],"picked":"Steam","floor":10},{"not_picked":["Ball Lightning","Double Energy","Barrage"],"picked":"Consume","floor":14}],"player_experience":5332,"relics_obtained":[{"floor":7,"key":"Letter Opener"},{"floor":9,"key":"Question Card"},{"floor":10,"key":"Old Coin"}],"event_choices":[{"damage_healed":0,"gold_gain":0,"player_choice":"Bought 2 Potions","damage_taken":0,"max_hp_gain":0,"max_hp_loss":0,"event_name":"The Woman in Blue","floor":2,"gold_loss":0},{"damage_healed":0,"gold_gain":0,"player_choice":"Left Gold","damage_taken":0,"max_hp_gain":0,"max_hp_loss":0,"event_name":"World of Goop","floor":11,"gold_loss":44}],"is_beta":false,"boss_relics":[],"items_purged_floors":[3],"is_endless":false,"potions_floor_spawned":[5,10],"killed_by":"The Guardian","ascension_level":20}}