{"host":"wbdly04l9mkn9nrc","time":1609418967,"event":{"mods":["AchievementEnabler","BaseMod","BetterRewards","Minty Spire (QoL Compilation)","StSLib","[IsaacMod]ÒÔÈö¼âËþ"],"gold_per_floor":[109,120,120,48,60,60,92,92,118,146,146,23,40,65,65,138,138,157,185,185,30,48,77,77,111,179,190,207,29,45,45,45,117,117,132,108,122,133,20,48,68,68,137,164,164,164,164,180,180,180],"floor_reached":51,"playtime":2715,"items_purged":["Strike_G","Strike_G","Defend_G","Strike_G","Strike_G","Regret","Shame"],"score":2200,"play_id":"11154bf7-bc8b-44f2-b47f-851b174b9476","local_time":"20201231204927","is_ascension_mode":true,"campfire_choices":[{"data":"Infinite Blades","floor":6.0,"key":"SMITH"},{"data":"Bullet Time","floor":8.0,"key":"SMITH"},{"floor":15.0,"key":"DIG"},{"data":"Calculated Gamble","floor":24.0,"key":"SMITH"},{"floor":32.0,"key":"DIG"},{"data":"Accuracy","floor":42,"key":"SMITH"},{"floor":46,"key":"DIG"},{"floor":49,"key":"RECALL"}],"circlet_count":0,"master_deck":["AscendersBane","Strike_G","Defend_G","Defend_G","Defend_G","Survivor","Neutralize","Accuracy+1","Poisoned Stab+1","Infinite Blades+1","Dagger Throw+1","Noxious Fumes","Blade Dance","Bullet Time+1","Cloak And Dagger","Apotheosis+1","Blur","Dagger Throw","Outmaneuver+1","Blade Dance","A Thousand Cuts","Acrobatics","Storm of Steel","Calculated Gamble+1","Terror","Acrobatics+1","Adrenaline+1","Cloak And Dagger+1"],"relics":["Ring of the Snake","HushsDoor","SteamSale","DeadEye","GuppysPaw","Shovel","Mummified Hand","Tingsha","Anchor","Tiny Chest","BookOfRevelations","ForgetMeNow","Lee\u0027s Waffle","Whetstone","Shuriken","Letter Opener","Juzu Bracelet","Vajra","Orichalcum","MoneyPower","Du-Vu Doll","Kunai","SalivaCoin","Question Card","MagicMushroom","GuppysHairball","GuppysHead","Nilry\u0027s Codex","PreservedInsect","Mango","GuppysTail","Dream Catcher","Bottled Tornado","MealTicket","Blood Vial","Toxic Egg 2","WristBlade","BelialBook","Regal Pillow","SharpPlug","InkBottle","Bronze Scales"],"acts_visited":["Exordium","TheCity","TheBeyond"],"potions_floor_usage":[],"damage_taken":[{"damage":0.0,"enemies":"2 Louse","floor":1.0,"turns":3.0},{"damage":0.0,"enemies":"Small Slimes","floor":2.0,"turns":3.0},{"damage":0.0,"enemies":"Cultist","floor":5.0,"turns":2.0},{"damage":0.0,"enemies":"3 Sentries","floor":7.0,"turns":3.0},{"damage":0.0,"enemies":"Lagavulin","floor":10.0,"turns":3.0},{"damage":0.0,"enemies":"Exordium Wildlife","floor":13.0,"turns":2.0},{"damage":0.0,"enemies":"Gremlin Nob","floor":14.0,"turns":2.0},{"damage":0.0,"enemies":"Slime Boss","floor":16.0,"turns":4.0},{"damage":0.0,"enemies":"Chosen","floor":18.0,"turns":1.0},{"damage":0.0,"enemies":"3 Byrds","floor":22.0,"turns":2.0},{"damage":0.0,"enemies":"Gremlin Leader","floor":23.0,"turns":2.0},{"damage":0.0,"enemies":"Slavers","floor":25.0,"turns":1.0},{"damage":0.0,"enemies":"Centurion and Healer","floor":27.0,"turns":2.0},{"damage":0.0,"enemies":"Snecko","floor":28.0,"turns":2.0},{"damage":0.0,"enemies":"Snake Plant","floor":30.0,"turns":2.0},{"damage":0.0,"enemies":"Automaton","floor":33.0,"turns":3.0},{"damage":0,"enemies":"3 Darklings","floor":35,"turns":3},{"damage":0,"enemies":"Orb Walker","floor":37,"turns":2},{"damage":0,"enemies":"Transient","floor":38,"turns":4},{"damage":0,"enemies":"Reptomancer","floor":40,"turns":2},{"damage":0,"enemies":"4 Shapes","floor":41,"turns":2},{"damage":0,"enemies":"Nemesis","floor":44,"turns":1},{"damage":0,"enemies":"3 Darklings","floor":48,"turns":1},{"damage":0,"enemies":"Awakened One","floor":50,"turns":3}],"seed_played":"2145827361259761735","potions_obtained":[{"floor":1.0,"key":"Swift Potion"},{"floor":28.0,"key":"Fruit Juice"},{"floor":41,"key":"Weak Potion"}],"is_trial":false,"path_per_floor":["M","M","?","$","M","R","E","R","T","E","?","$","M","E","R","B",null,"M","?","T","$","M","E","R","E","T","M","M","$","M","?","R","B",null,"M","$","M","M","$","E","M","R","T","E","?","R","?","M","R","B",null],"character_chosen":"THE_SILENT","items_purchased":["SteamSale","GuppysPaw","Shovel","Accuracy","Poisoned Stab","Mummified Hand","Infinite Blades","Dagger Throw","Anchor","Tiny Chest","Noxious Fumes","BookOfRevelations","Blade Dance","Bullet Time","ForgetMeNow","Lee\u0027s Waffle","Whetstone","Cloak And Dagger","Apotheosis","Shuriken","Blur","Letter Opener","Strength Potion","Dagger Throw","Juzu Bracelet","Kunai","GuppysHairball","GuppysHead","Mango","MealTicket","BelialBook","Cloak And Dagger+1"],"campfire_rested":0,"item_purchase_floors":[0,0,0,0,0,0,0,0,0,0,0,0,0,0,0,0,0,0,0,0,0,0,0,0,4,12,17,17,21,29,34,36],"current_hp_per_floor":[77,77,62,62,62,62,62,62,62,62,62,62,62,62,62,62,64,64,48,48,62,63,64,64,64,64,65,71,71,72,72,72,75,73,73,73,73,73,73,73,73,73,73,73,73,73,73,73,73,73],"gold":180,"neow_bonus":"","is_daily":false,"chose_seed":false,"campfire_upgraded":4,"win_rate":0.0,"timestamp":1609418967,"path_taken":["M","M","?","$","M","R","E","R","T","E","?","$","M","E","R","BOSS","M","?","?","$","M","E","R","E","T","M","M","$","M","?","R","BOSS","M","$","M","M","$","E","M","R","T","E","?","R","?","M","R","BOSS"],"items_purchased_type":["Relic","Relic","Relic","Card","Card","Relic","Card","Card","Relic","Relic","Card","Relic","Card","Card","Relic","Relic","Relic","Card","Card","Relic","Card","Relic","Potion","Card","Relic","Relic","Relic","Relic","Relic","Relic","Relic","Card"],"build_version":"2020-12-22","purchased_purges":7,"victory":true,"max_hp_per_floor":[77,77,77,77,77,77,77,77,77,77,77,77,77,77,77,77,64,64,64,64,78,78,78,78,78,78,78,83,83,83,83,83,83,73,73,73,73,73,73,73,73,73,73,73,73,73,73,73,73,73],"card_choices":[{"not_picked":["Slice","Concentrate"],"picked":"Outmaneuver","floor":1.0},{"not_picked":["Dagger Spray","Bane"],"picked":"Blade Dance","floor":2.0},{"not_picked":["Blade Dance","Eviscerate","Bomb"],"picked":"SKIP","floor":5.0},{"not_picked":["Dodge and Roll","Eviscerate"],"picked":"A Thousand Cuts","floor":7.0},{"not_picked":["Dodge and Roll","Distraction"],"picked":"Acrobatics","floor":10.0},{"not_picked":["Sucker Punch","Deadly Poison","Quick Slash"],"picked":"SKIP","floor":13.0},{"not_picked":["Poisoned Stab","Slice","Blur"],"picked":"SKIP","floor":14.0},{"not_picked":["Venomology","Doppelganger","Die Die Die"],"picked":"Storm of Steel","floor":16.0},{"not_picked":["Distraction","Backstab","Riddle With Holes"],"picked":"Calculated Gamble","floor":18.0},{"not_picked":["Blur","Slice","Quick Slash"],"picked":"Terror","floor":22.0},{"not_picked":["Dagger Spray","Predator","Expertise","Underhanded Strike"],"picked":"SKIP","floor":23.0},{"not_picked":["Dagger Spray+1","Flying Knee","Corpse Explosion","PiercingWail"],"picked":"SKIP","floor":25.0},{"not_picked":["Crippling Poison+1","Outmaneuver","Prepared"],"picked":"Acrobatics+1","floor":27.0},{"not_picked":["Quick Slash","Night Terror","Flechettes","Dodge and Roll"],"picked":"SKIP","floor":28.0},{"not_picked":["Deflect","Flying Knee","Blade Dance","Skewer"],"picked":"SKIP","floor":30.0},{"not_picked":["Envenom","Doppelganger+1","Bullet Time+1"],"picked":"Adrenaline+1","floor":33.0},{"not_picked":["Blade Dance+1","Dash+1","Accuracy+1","Endless Agony"],"picked":"SKIP","floor":35},{"not_picked":["Flying Knee+1","Accuracy+1","Slice","Setup+1"],"picked":"SKIP","floor":37},{"not_picked":["Footwork","Flying Knee","Dodge and Roll+1","Quick Slash"],"picked":"SKIP","floor":38},{"not_picked":["Acrobatics+1","Riddle With Holes","Skewer+1","Calculated Gamble+1"],"picked":"SKIP","floor":40},{"not_picked":["Crippling Poison+1","Grand Finale","Eviscerate+1","Heel Hook"],"picked":"SKIP","floor":41},{"not_picked":["Riddle With Holes+1","Bane","Poisoned Stab","Dagger Spray"],"picked":"SKIP","floor":44},{"not_picked":["Flying Knee+1","Slice","Dodge and Roll+1","Deadly Poison+1"],"picked":"SKIP","floor":48}],"player_experience":168057,"relics_obtained":[{"floor":7.0,"key":"Vajra"},{"floor":9.0,"key":"Orichalcum"},{"floor":10.0,"key":"MoneyPower"},{"floor":14.0,"key":"SalivaCoin"},{"floor":15.0,"key":"Question Card"},{"floor":19.0,"key":"Nilry\u0027s Codex"},{"floor":20.0,"key":"PreservedInsect"},{"floor":23.0,"key":"GuppysTail"},{"floor":25.0,"key":"Dream Catcher"},{"floor":26.0,"key":"Bottled Tornado"},{"floor":32.0,"key":"Toxic Egg 2"},{"floor":40,"key":"Regal Pillow"},{"floor":43,"key":"SharpPlug"},{"floor":44,"key":"InkBottle"},{"floor":46,"key":"Bronze Scales"}],"event_choices":[{"damage_healed":0.0,"max_hp_gain":0.0,"max_hp_loss":0.0,"gold_gain":0.0,"event_name":"Shining Light","player_choice":"Entered Light","floor":3.0,"gold_loss":0.0,"damage_taken":15.0,"cards_upgraded":["Outmaneuver","Apotheosis"]},{"damage_healed":0.0,"max_hp_gain":0.0,"max_hp_loss":0.0,"gold_gain":0.0,"event_name":"Big Fish","player_choice":"Box","floor":11.0,"gold_loss":0.0,"damage_taken":0.0,"relics_obtained":["Du-Vu Doll"],"cards_obtained":["Regret"]},{"damage_healed":0.0,"max_hp_gain":0.0,"max_hp_loss":0.0,"gold_gain":0.0,"event_name":"Cursed Tome","player_choice":"Obtained Book","floor":19.0,"gold_loss":0.0,"damage_taken":16.0},{"damage_healed":0.0,"max_hp_gain":0.0,"max_hp_loss":0.0,"gold_gain":0.0,"event_name":"Addict","player_choice":"Stole Relic","floor":31.0,"gold_loss":0.0,"damage_taken":0.0,"relics_obtained":["Blood Vial"],"cards_obtained":["Shame"]},{"cards_removed":["Defend_G"],"damage_healed":0,"gold_gain":0,"player_choice":"Purged","damage_taken":0,"max_hp_gain":0,"max_hp_loss":0,"event_name":"Purifier","floor":47,"gold_loss":0}],"is_beta":false,"boss_relics":[{"not_picked":["Snecko Eye","Sozu"],"picked":"MagicMushroom"},{"not_picked":[]},{"not_picked":["Black Star","SacredBark"],"picked":"WristBlade"},{"not_picked":[]}],"items_purged_floors":[0,0,0,0,0,29,39],"is_endless":false,"potions_floor_spawned":[1,5,16,22,23,28,41],"ascension_level":13}}