{"host":"J","time":1609454932,"event":{"mods":["AchievementEnabler","BaseMod","Block Reminder","Highlight Path","Minty Spire (QoL Compilation)","Permanent Neow","Quick Restart","Relic Stats","UnlockEverythingMod"],"gold_per_floor":[112,112,122,134,147,173,193,193,193],"floor_reached":8,"playtime":1144,"items_purged":[],"score":120,"play_id":"15b7e800-902a-4835-9e58-d2984b69bcc6","local_time":"20201231234852","is_ascension_mode":true,"campfire_choices":[],"circlet_count":0,"master_deck":["AscendersBane","Strike_B","Strike_B","Strike_B","Defend_B","Defend_B","Defend_B","Defend_B","Zap","Dualcast","Conserve Battery","Cold Snap","Compile Driver","Go for the Eyes","Barrage","Steam Power"],"relics":["Fusion Hammer","PreservedInsect"],"acts_visited":["Exordium"],"potions_floor_usage":[],"damage_taken":[{"damage":0,"enemies":"2 Louse","floor":1,"turns":2},{"damage":2,"enemies":"Cultist","floor":3,"turns":4},{"damage":5,"enemies":"Small Slimes","floor":4,"turns":4},{"damage":1,"enemies":"3 Louse","floor":5,"turns":3},{"damage":25,"enemies":"Lagavulin","floor":6,"turns":10},{"damage":10,"enemies":"2 Fungi Beasts","floor":7,"turns":3},{"damage":22,"enemies":"3 Sentries","floor":8,"turns":4}],"seed_played":"-5146839072771800299","potions_obtained":[{"floor":3,"key":"PotionOfCapacity"},{"floor":5,"key":"CultistPotion"}],"is_trial":false,"path_per_floor":["M","?","M","M","M","E","M","E"],"character_chosen":"DEFECT","items_purchased":[],"campfire_rested":0,"item_purchase_floors":[],"current_hp_per_floor":[64,64,62,57,56,31,21,0,0],"gold":193,"neow_bonus":"BOSS_RELIC","is_daily":false,"chose_seed":false,"campfire_upgraded":0,"win_rate":0.0,"timestamp":1609454932,"path_taken":["M","?","M","M","?","E","M","E"],"items_purchased_type":[],"build_version":"2020-12-18","purchased_purges":0,"victory":false,"max_hp_per_floor":[71,71,71,71,71,71,71,71,71],"relic_stats":{"counters":[7,30],"PreservedInsect":34,"obtain_stats":[{"Fusion Hammer":0,"PreservedInsect":6,"Cracked Core":0},{"Fusion Hammer":0,"PreservedInsect":5,"Cracked Core":0},{"Fusion Hammer":0,"PreservedInsect":23,"Cracked Core":0}]},"card_choices":[{"not_picked":["Compile Driver","Go for the Eyes"],"picked":"Conserve Battery","floor":1},{"not_picked":["Barrage","Coolheaded"],"picked":"Cold Snap","floor":3},{"not_picked":["FTL","Turbo"],"picked":"Compile Driver","floor":4},{"not_picked":["Aggregate","Conserve Battery"],"picked":"Go for the Eyes","floor":5},{"not_picked":["Force Field","Amplify"],"picked":"Barrage","floor":6},{"not_picked":["White Noise","Storm"],"picked":"Steam Power","floor":7}],"player_experience":245409,"relics_obtained":[{"floor":6,"key":"PreservedInsect"}],"event_choices":[{"cards_removed":["Strike_B"],"damage_healed":0,"gold_gain":0,"player_choice":"Purged","damage_taken":0,"max_hp_gain":0,"max_hp_loss":0,"event_name":"Purifier","floor":2,"gold_loss":0}],"is_beta":true,"boss_relics":[],"items_purged_floors":[],"is_endless":false,"potions_floor_spawned":[3,5,7],"killed_by":"3 Sentries","ascension_level":20}}