{"host":"xjyie0ctswsml60g","time":1609422421,"event":{"mods":["AchievementEnabler","BaseMod","Colored Map","Minty Spire (QoL Compilation)","Quick Restart","SuperFastMode"],"gold_per_floor":[119,129,139,157,157,186,136,136,187,222,222,234,234,283,295,307,307],"floor_reached":16,"playtime":410,"items_purged":[],"score":110,"play_id":"1f8c9af7-3d22-4765-94a7-087e7287ba3d","local_time":"20201231154701","is_ascension_mode":false,"campfire_choices":[{"floor":8,"key":"RECALL"},{"data":"Eruption","floor":11,"key":"SMITH"},{"data":"Tantrum","floor":13,"key":"SMITH"},{"floor":15,"key":"REST"}],"circlet_count":0,"master_deck":["Strike_P","Strike_P","Defend_P","Defend_P","Defend_P","Defend_P","Eruption+1","Vigilance","FlurryOfBlows","FearNoEvil","Tantrum+1","FlurryOfBlows","FlurryOfBlows"],"relics":["PureWater","Question Card","Bronze Scales","MawBank"],"acts_visited":["Exordium"],"potions_floor_usage":[3,16,16],"damage_taken":[{"damage":5,"enemies":"Small Slimes","floor":1,"turns":3},{"damage":3,"enemies":"Jaw Worm","floor":2,"turns":3},{"damage":0,"enemies":"Cultist","floor":3,"turns":2},{"damage":4,"enemies":"Red Slaver","floor":4,"turns":4},{"damage":20,"enemies":"3 Sentries","floor":6,"turns":4},{"damage":2,"enemies":"Gremlin Nob","floor":10,"turns":3},{"damage":4,"enemies":"3 Louse","floor":12,"turns":2},{"damage":57,"enemies":"The Guardian","floor":16,"turns":4}],"seed_played":"-1075451795046526155","potions_obtained":[{"floor":1,"key":"BottledMiracle"},{"floor":6,"key":"Weak Potion"},{"floor":10,"key":"LiquidMemories"}],"is_trial":false,"path_per_floor":["M","M","M","M","?","E","?","R","T","E","R","M","R","T","R","B"],"character_chosen":"WATCHER","items_purchased":[],"campfire_rested":1,"item_purchase_floors":[],"current_hp_per_floor":[74,71,71,67,60,40,40,40,40,38,38,34,34,34,57,0,0],"gold":307,"neow_bonus":"TEN_PERCENT_HP_BONUS","is_daily":false,"chose_seed":false,"campfire_upgraded":2,"win_rate":0.0,"timestamp":1609422421,"path_taken":["M","M","M","M","?","E","?","R","T","E","R","M","R","?","R","BOSS"],"items_purchased_type":[],"build_version":"2020-12-22","purchased_purges":0,"victory":false,"max_hp_per_floor":[79,79,79,79,79,79,79,79,79,79,79,79,79,79,79,79,79],"card_choices":[{"not_picked":["Adaptation","EmptyMind"],"picked":"FlurryOfBlows","floor":1},{"not_picked":["Sanctity","Weave","CrushJoints"],"picked":"SKIP","floor":2},{"not_picked":["CrushJoints","EmptyFist"],"picked":"FearNoEvil","floor":3},{"not_picked":["BowlingBash","FollowUp"],"picked":"Tantrum","floor":4},{"not_picked":["Halt","Crescendo","Indignation"],"picked":"SKIP","floor":6},{"not_picked":["Wish","ClearTheMind","SashWhip"],"picked":"FlurryOfBlows","floor":10},{"not_picked":["Vengeance","CrushJoints","Weave"],"picked":"FlurryOfBlows","floor":12}],"player_experience":466880,"relics_obtained":[{"floor":6,"key":"Question Card"},{"floor":10,"key":"Bronze Scales"},{"floor":14,"key":"MawBank"}],"event_choices":[{"cards_removed":["Strike_P"],"damage_healed":0,"gold_gain":0,"player_choice":"Card Removal","damage_taken":7,"max_hp_gain":0,"max_hp_loss":0,"event_name":"Golden Wing","floor":5,"gold_loss":0},{"cards_removed":["Strike_P"],"damage_healed":0,"gold_gain":0,"player_choice":"Card Removal","damage_taken":0,"max_hp_gain":0,"max_hp_loss":0,"event_name":"The Cleric","floor":7,"gold_loss":50}],"is_beta":false,"boss_relics":[],"items_purged_floors":[],"is_endless":false,"potions_floor_spawned":[1,6,10],"killed_by":"The Guardian","ascension_level":0}}