{"host":"ipcfr4ajj2jkxvg7","time":1609417673,"event":{"mods":["BaseMod","Colored Powertips","GifTheSpireLib","Marisa（F雨　魔理沙）","Minty Spire (QoL Compilation)","Quick Restart","Remilia（蕾米莉亚）","Replay The Spire","RumiaBox-露米娅的神秘盒子","StSLib"],"gold_per_floor":[113,113,4,154,173,173,189,223,223,72,107,117,152,63,63,63,63],"floor_reached":16,"playtime":428,"items_purged":[],"score":286,"play_id":"1be7396b-7e2c-4e59-ba3a-ace93593d5a1","local_time":"20201231202753","is_ascension_mode":true,"campfire_choices":[{"data":"DiffusionOfMisfortune","floor":6,"key":"SMITH"},{"data":"TransientEternity","floor":15,"key":"SMITH"}],"circlet_count":0,"master_deck":["AscendersBane","Strike_RM","Strike_RM","Strike_RM","Strike_RM","Defend_RM","Defend_RM","Defend_RM","Defend_RM","RedMoon","ScarletShoot","DiffusionOfMisfortune+1","VampireKiss","NightDance","Doubt","BombardNight","EternalNight","HeartBreak","BloodHunter","TransientEternity+1","EternalNight"],"relics":["ScarletHat","NeowsBlessing","AddBug","SecretRecord","SecretRecord","SecretRecord"],"acts_visited":["Exordium"],"potions_floor_usage":[16,16],"damage_taken":[{"damage":0,"enemies":"Small Slimes","floor":1,"turns":1},{"damage":0,"enemies":"Jaw Worm","floor":5,"turns":1},{"damage":0,"enemies":"2 Louse","floor":7,"turns":1},{"damage":12,"enemies":"Gremlin Nob","floor":8,"turns":4},{"damage":17,"enemies":"3 Sentries","floor":11,"turns":6},{"damage":0,"enemies":"Exordium Wildlife","floor":12,"turns":2},{"damage":0,"enemies":"Gremlin Nob","floor":13,"turns":3},{"damage":55,"enemies":"Fading Forest","floor":16,"turns":11}],"seed_played":"-7948726989825832608","potions_obtained":[{"floor":7,"key":"AttackPotion"},{"floor":8,"key":"ColorlessPotion"},{"floor":13,"key":"PowerPotion"}],"is_trial":false,"path_per_floor":["M","?","$","?","M","R","M","E","T","$","E","M","E","$","R","B"],"character_chosen":"REMILIA","items_purchased":["VampireKiss","NightDance","HeartBreak","EternalNight"],"campfire_rested":0,"item_purchase_floors":[3,3,10,14],"current_hp_per_floor":[63,68,68,68,68,68,68,63,63,63,46,46,50,50,50,14,14],"gold":63,"neow_bonus":"THREE_ENEMY_KILL","is_daily":false,"chose_seed":false,"campfire_upgraded":2,"win_rate":0.0,"timestamp":1609417673,"path_taken":["M","?","?","?","M","R","?","E","T","?","E","M","E","$","R","BOSS"],"items_purchased_type":["Card","Card","Card","Card"],"build_version":"2020-12-22","purchased_purges":0,"victory":false,"max_hp_per_floor":[70,75,75,75,75,75,75,75,75,75,75,75,75,75,75,75,75],"card_choices":[{"not_picked":["BombardNight","CharismaGuard"],"picked":"DiffusionOfMisfortune","floor":1},{"not_picked":["Maim","BadLadyScramble"],"picked":"BombardNight","floor":5},{"not_picked":["Ultimatum","ForbiddenFruit","EndlessAdversity"],"picked":"SKIP","floor":7},{"not_picked":["UltimateOffering","HellCatastrophe"],"picked":"EternalNight","floor":8},{"not_picked":["BloodyTrap","NightDance","RedRainbow"],"picked":"SKIP","floor":11},{"not_picked":["NightDance","NightLord"],"picked":"BloodHunter","floor":12},{"not_picked":["BombardNight","MastersStateliness"],"picked":"TransientEternity","floor":13}],"player_experience":419163,"relics_obtained":[{"floor":1,"key":"AddBug"},{"floor":5,"key":"SecretRecord"},{"floor":8,"key":"Blood Vial"},{"floor":11,"key":"SecretRecord"},{"floor":11,"key":"ReplayFunnel"},{"floor":13,"key":"Shovel"}],"event_choices":[{"damage_healed":0,"gold_gain":0,"player_choice":"Donut","damage_taken":0,"max_hp_gain":5,"max_hp_loss":0,"event_name":"Big Fish","floor":2,"gold_loss":0},{"damage_healed":0,"gold_gain":150,"player_choice":"AGREE","damage_taken":0,"max_hp_gain":0,"max_hp_loss":0,"event_name":"Liars Game","floor":4,"gold_loss":0,"cards_obtained":["Doubt"]}],"is_beta":false,"boss_relics":[],"items_purged_floors":[],"is_endless":false,"potions_floor_spawned":[7,8,11,13],"killed_by":"Fading Forest","ascension_level":20}}