{"host":"ye7mfqqt9ljtnqit","time":1609426935,"event":{"mods":["BaseMod","Colored Map","Downfall","Marisa£®ÏF”Í°°ƒß¿Ì…≥£©","Minty Spire (QoL Compilation)","StSLib","SuperFastMode","The Servant 0.9.4"],"gold_per_floor":[99,99,99,99,119,137,163,195,208,218,236,336,354,364,380,480,480,405,424,4,17,2,2,2,2],"floor_reached":23,"playtime":1853,"items_purged":["Slimebound:Strike_Slimebound"],"score":195,"play_id":"bcdca220-bae4-4ff2-a6b6-884aafd2edb7","local_time":"20201231230215","is_ascension_mode":false,"campfire_choices":[{"floor":1,"key":"RECALL"},{"data":"Slimebound:SelfFormingGoo","floor":18,"key":"SMITH"}],"circlet_count":0,"master_deck":["Slimebound:Strike_Slimebound","Slimebound:Strike_Slimebound","Slimebound:Tackle","Slimebound:Defend_Slimebound","Slimebound:Defend_Slimebound","Slimebound:Defend_Slimebound","Slimebound:Defend_Slimebound","Slimebound:Split","Slimebound:CorrosiveSpit","Slimebound:DivideAndConquer","Slimebound:SplitMire","Slimebound:Repurpose","Slimebound:GoopSpray","Slimebound:LevelUp","Slimebound:Teamwork","Slimebound:SplitAcid","Slimebound:ProtectTheBoss","Slimebound:ServeAndProtect","Slimebound:Replication","Slimebound:SplitLeeching","Slimebound:SplitMire","Slimebound:SelfFormingGoo+1","Slimebound:FirmFortitude","Slimebound:LeadByExample","Slimebound:LeadByExample","Slimebound:GoopSpray+1"],"relics":["Slimebound:AbsorbEndCombat","downfall:HeartsMalice","Ancient Tea Set","Bag of Preparation","Toy Ornithopter","downfall:HeartBlessingRed","Pantograph"],"acts_visited":["Exordium","TheCity"],"potions_floor_usage":[8,9,12,16,16,16,23,23],"damage_taken":[{"damage":0,"enemies":"Cultist","floor":2,"turns":1},{"damage":0,"enemies":"Small Slimes","floor":3,"turns":1},{"damage":0,"enemies":"2 Louse","floor":4,"turns":1},{"damage":23,"enemies":"Large Slime","floor":5,"turns":6},{"damage":15,"enemies":"2 Fungi Beasts","floor":6,"turns":3},{"damage":43,"enemies":"Gremlin Nob","floor":8,"turns":4},{"damage":13,"enemies":"Exordium Wildlife","floor":9,"turns":5},{"damage":15,"enemies":"Red Slaver","floor":10,"turns":3},{"damage":28,"enemies":"Gremlin Gang","floor":11,"turns":4},{"damage":26,"enemies":"downfall:LadyInBlue","floor":12,"turns":8},{"damage":12,"enemies":"Large Slime","floor":13,"turns":6},{"damage":34,"enemies":"Exordium Wildlife","floor":14,"turns":6},{"damage":16,"enemies":"Large Slime","floor":15,"turns":6},{"damage":36,"enemies":"downfall:Watcher","floor":16,"turns":8},{"damage":31,"enemies":"3 Byrds","floor":19,"turns":4},{"damage":10,"enemies":"downfall:FleeingMerchant","floor":20,"turns":4},{"damage":37,"enemies":"Shell Parasite","floor":21,"turns":6},{"damage":25,"enemies":"downfall:FleeingMerchant","floor":22,"turns":4},{"damage":55,"enemies":"Book of Stabbing","floor":23,"turns":5}],"seed_played":"6370015875575551184","potions_obtained":[{"floor":5,"key":"Fire Potion"},{"floor":8,"key":"Regen Potion"},{"floor":9,"key":"Strength Potion"},{"floor":11,"key":"SteroidPotion"},{"floor":12,"key":"Fire Potion"},{"floor":12,"key":"Explosive Potion"},{"floor":12,"key":"Strength Potion"},{"floor":13,"key":"Guardian:BlockOnCardUsePotion"},{"floor":16,"key":"PowerPotion"},{"floor":19,"key":"DistilledChaos"}],"is_trial":false,"path_per_floor":["R","M","M","M","M","M","T","E","M","M","M","?","M","M","M","B",null,"R","M","$","M","$","E"],"character_chosen":"SLIMEBOUND","items_purchased":["Slimebound:LeadByExample","Pantograph"],"campfire_rested":0,"item_purchase_floors":[20,20],"current_hp_per_floor":[60,60,60,60,55,54,54,25,44,45,31,29,27,11,15,18,60,60,47,55,42,33,0,0,0],"gold":2,"neow_bonus":"THREE_ENEMY_KILL","is_daily":false,"chose_seed":false,"campfire_upgraded":1,"win_rate":0.0,"timestamp":1609426935,"path_taken":["R","M","M","M","M","M","T","E","M","M","M","?","?","M","M","BOSS","R","M","$","M","$","E"],"items_purchased_type":["Card","Relic"],"build_version":"2020-12-22","purchased_purges":1,"victory":false,"max_hp_per_floor":[60,60,60,60,60,60,60,60,60,60,60,60,60,60,60,60,60,60,60,60,60,60,60,60,60],"card_choices":[{"not_picked":["Slimebound:GrowthPunch","Slimebound:ViciousTackle"],"picked":"Slimebound:DivideAndConquer","floor":2},{"not_picked":["Slimebound:LeechEnergy","Slimebound:Dissolve"],"picked":"Slimebound:SplitMire","floor":3},{"not_picked":["Slimebound:FinishingTackle","Slimebound:LeechEnergy"],"picked":"Slimebound:Repurpose","floor":4},{"not_picked":["Slimebound:ViciousTackle","Slimebound:SlimeBrawl"],"picked":"Slimebound:GoopSpray","floor":5},{"not_picked":["Slimebound:SlimeTap","Slimebound:GoopSpray"],"picked":"Slimebound:LevelUp","floor":6},{"not_picked":["Slimebound:Schlurp","Slimebound:Prepare"],"picked":"Slimebound:Teamwork","floor":8},{"not_picked":["Slimebound:PressTheAttack","Slimebound:RollThrough"],"picked":"Slimebound:SplitAcid","floor":9},{"not_picked":["Slimebound:PressTheAttack","Slimebound:DivideAndConquer"],"picked":"Slimebound:ProtectTheBoss","floor":10},{"not_picked":["Slimebound:LeechEnergy","Slimebound:DivideAndConquer","Slimebound:RollThrough"],"picked":"SKIP","floor":11},{"not_picked":["Slimebound:RainOfGoop","Slimebound:GrowthPunch"],"picked":"Slimebound:ServeAndProtect","floor":12},{"not_picked":["Slimebound:RollThrough","Slimebound:GrowthPunch"],"picked":"Slimebound:Replication","floor":13},{"not_picked":["Slimebound:DivideAndConquer","Slimebound:RejuvenatingLick"],"picked":"Slimebound:SplitLeeching","floor":14},{"not_picked":["Slimebound:SplitBruiser","Slimebound:MegaLick"],"picked":"Slimebound:SplitMire","floor":15},{"not_picked":["Slimebound:PrepareCrush","Slimebound:CheckThePlaybook"],"picked":"Slimebound:SelfFormingGoo","floor":16},{"not_picked":["Slimebound:Schlurp","Slimebound:SamplingLick"],"picked":"Slimebound:FirmFortitude","floor":19},{"not_picked":["Slimebound:CheckThePlaybook","Slimebound:SplitLeeching+1"],"picked":"Slimebound:LeadByExample","floor":20},{"not_picked":["Slimebound:LeechingTouch","Slimebound:MegaLick"],"picked":"Slimebound:GoopSpray+1","floor":21},{"not_picked":["Slimebound:LeechEnergy","Slimebound:ServeAndProtect","Slimebound:MegaLick"],"picked":"SKIP","floor":22}],"player_experience":92335,"relics_obtained":[{"floor":7,"key":"Ancient Tea Set"},{"floor":8,"key":"Bag of Preparation"},{"floor":12,"key":"Toy Ornithopter"}],"event_choices":[],"is_beta":false,"boss_relics":[{"not_picked":["Snecko Eye","downfall:Hecktoplasm","Velvet Choker"]}],"items_purged_floors":[20],"is_endless":false,"potions_floor_spawned":[5,8,9,11,13,16,19],"killed_by":"Book of Stabbing","ascension_level":0}}