{"host":"Sumable","time":1609448165,"event":{"mods":["AchievementEnabler","BaseMod","Better Note","BetterRewards","Googly Eyes","Hermit","Minty Spire (QoL Compilation)","Quick Restart","Shop Mod","StSLib","The Cursed","everything is the same but u backflip on backflip","slay the spire mod where everything is the same but ironclad has a cowboy hat"],"gold_per_floor":[368,27,27,38,38,68,68,89,116,116,126,126,126,301,301,377,377,397,397,496,496,496],"floor_reached":21,"playtime":823,"items_purged":[],"score":285,"play_id":"1446bf8e-1603-4365-8b8a-ff3036a2b207","local_time":"20201231135605","is_ascension_mode":true,"campfire_choices":[{"data":"Limit Break","floor":7,"key":"SMITH"},{"data":"Armaments","floor":10,"key":"SMITH"},{"data":"Spot Weakness","floor":13,"key":"SMITH"},{"data":"Flex","floor":15,"key":"SMITH"}],"circlet_count":0,"master_deck":["AscendersBane","Strike_R","Strike_R","Strike_R","Strike_R","Strike_R","Defend_R","Defend_R","Defend_R","Defend_R","Bash","Armaments+1","Limit Break+1","Immolate","Flex+1","Pummel","Spot Weakness+1","Feel No Pain","Havoc","Doubt","Exhume","Warcry","Decay"],"relics":["Black Blood","Orrery","Bronze Scales","Dead Branch","Odd Mushroom","Regal Pillow"],"acts_visited":["Exordium","TheCity"],"potions_floor_usage":[6,6,8,11,21],"damage_taken":[{"damage":1,"enemies":"Small Slimes","floor":1,"turns":4},{"damage":11,"enemies":"Cultist","floor":4,"turns":3},{"damage":18,"enemies":"3 Sentries","floor":6,"turns":3},{"damage":0,"enemies":"The Mushroom Lair","floor":8,"turns":1},{"damage":0,"enemies":"Jaw Worm","floor":11,"turns":2},{"damage":41,"enemies":"The Guardian","floor":16,"turns":8},{"damage":57,"enemies":"2 Thieves","floor":18,"turns":4},{"damage":19,"enemies":"Shell Parasite","floor":21,"turns":3}],"seed_played":"4189841944501186206","potions_obtained":[{"floor":1,"key":"DuplicationPotion"},{"floor":6,"key":"BlessingOfTheForge"},{"floor":8,"key":"DistilledChaos"},{"floor":18,"key":"Swift Potion"}],"is_trial":false,"path_per_floor":["M","$","?","M","?","E","R","?","T","R","M","$","R","?","R","B",null,"M","?","?","M"],"character_chosen":"IRONCLAD","items_purchased":["Orrery","Bronze Scales","Swift Potion"],"campfire_rested":0,"item_purchase_floors":[2,2,2],"current_hp_per_floor":[72,72,72,67,60,48,48,54,54,54,60,60,60,60,60,25,60,15,15,15,0,0],"gold":496,"neow_bonus":"TWO_FIFTY_GOLD","is_daily":false,"chose_seed":false,"campfire_upgraded":4,"win_rate":0.0,"timestamp":1609448165,"path_taken":["M","$","?","?","?","E","R","?","T","R","M","$","R","?","R","BOSS","M","?","?","M"],"items_purchased_type":["Relic","Relic","Potion"],"build_version":"2020-12-18","purchased_purges":0,"victory":false,"max_hp_per_floor":[72,72,72,72,72,72,72,72,72,72,72,72,72,72,72,72,72,72,72,72,72,72],"card_choices":[{"not_picked":["Shockwave","Havoc"],"picked":"Armaments","floor":1},{"not_picked":["Metallicize","Entrench"],"picked":"Limit Break","floor":2},{"not_picked":["Fire Breathing","Havoc"],"picked":"Immolate","floor":2},{"not_picked":["Uppercut","Burning Pact"],"picked":"Flex","floor":2},{"not_picked":["Thunderclap","True Grit"],"picked":"Pummel","floor":2},{"not_picked":["Pommel Strike","Clash"],"picked":"Spot Weakness","floor":2},{"not_picked":["Searing Blow","Pommel Strike","Perfected Strike"],"picked":"SKIP","floor":4},{"not_picked":["Evolve","Fire Breathing"],"picked":"Feel No Pain","floor":6},{"not_picked":["Shockwave","Clash"],"picked":"Havoc","floor":8},{"not_picked":["Blood for Blood","Anger","Cleave"],"picked":"SKIP","floor":11},{"not_picked":["Bludgeon","Impervious"],"picked":"Exhume","floor":16},{"not_picked":["Power Through","Evolve"],"picked":"Warcry","floor":18}],"player_experience":1016902,"relics_obtained":[{"floor":6,"key":"Dead Branch"},{"floor":8,"key":"Odd Mushroom"},{"floor":9,"key":"Regal Pillow"}],"event_choices":[{"damage_healed":0,"gold_gain":0,"player_choice":"Cursed","damage_taken":0,"max_hp_gain":0,"max_hp_loss":0,"event_name":"Wheel of Change","floor":3,"gold_loss":0,"cards_obtained":["Decay"]},{"cards_removed":["Decay"],"damage_healed":0,"gold_gain":0,"player_choice":"Card Removal","damage_taken":7,"max_hp_gain":0,"max_hp_loss":0,"event_name":"Golden Wing","floor":5,"gold_loss":0},{"damage_healed":0,"gold_gain":0,"player_choice":"Fought Mushrooms","damage_taken":0,"max_hp_gain":0,"max_hp_loss":0,"event_name":"Mushrooms","floor":8,"gold_loss":0},{"damage_healed":0,"gold_gain":175,"player_choice":"AGREE","damage_taken":0,"max_hp_gain":0,"max_hp_loss":0,"event_name":"Liars Game","floor":14,"gold_loss":0,"cards_obtained":["Doubt"]},{"damage_healed":0,"gold_gain":0,"player_choice":"Smashed Altar","damage_taken":0,"max_hp_gain":0,"max_hp_loss":0,"event_name":"Forgotten Altar","floor":19,"gold_loss":0,"cards_obtained":["Decay"]},{"damage_healed":0,"gold_gain":99,"player_choice":"Stole From Cult","damage_taken":0,"max_hp_gain":0,"max_hp_loss":0,"event_name":"Nest","floor":20,"gold_loss":0}],"is_beta":true,"boss_relics":[{"not_picked":["Snecko Eye","Tiny House"],"picked":"Black Blood"}],"items_purged_floors":[],"is_endless":false,"potions_floor_spawned":[1,4,6,8,18],"killed_by":"Shell Parasite","ascension_level":13}}