{"host":"5m2js577gj4e7pak","time":1609418358,"event":{"mods":["AchievementEnabler","BaseMod","Better Match","BetterRewards","Colored Map","Colored Powertips","Dio Mod","Ekko","Googly Eyes","Highlight Path","HololiveMod","Lobotomy","LobotomyExtend","Marisa????????","Minty Spire (QoL Compilation)","Quick Restart","Relic Filter","StSLib","The Animator","slay the spire mod where everything is the same but ironclad has a cowboy hat"],"gold_per_floor":[113,113,127,142,142,167,185,185,212,212,212,231,264,264,264,366,366,381,561,574,585,585,585,618,618,618,635,648,667,667,215,215,318,318,330,0,15,15,15,15,15,43,43,43,61,93,446,264,264,264],"floor_reached":51,"playtime":1977,"items_purged":[],"score":910,"play_id":"0db001cb-da92-4471-b351-4084dbe5a9e4","local_time":"20201231133918","is_ascension_mode":true,"campfire_choices":[{"floor":15,"key":"REST"},{"data":"dioMod:TheWalk","floor":23,"key":"SMITH"},{"data":"dioMod:BloodTransfusion","floor":25,"key":"SMITH"},{"data":"dioMod:StreetSign","floor":30,"key":"SMITH"},{"data":"dioMod:MudaMudaMuda","floor":32,"key":"SMITH"},{"data":"Enlightenment","floor":40,"key":"SMITH"},{"data":"dioMod:TheWalk","floor":44,"key":"SMITH"},{"data":"dioMod:MudaMudaMuda","floor":49,"key":"SMITH"}],"circlet_count":0,"master_deck":["dioMod:Strike+1","dioMod:Strike","dioMod:Strike","Bite+1","dioMod:Defend+1","dioMod:Defend+1","dioMod:Defend","dioMod:Defend","dioMod:ZaWarudo+1","dioMod:LaserVision+1","dioMod:BloodTransfusion+1","dioMod:Hiss","dioMod:SecretPlan","dioMod:CautiousMuda+1","Pain","dioMod:BloodSuck+1","dioMod:StreetSign+1","dioMod:TheWalk+1","dioMod:VengefulMuda","dioMod:StreetSign+1","dioMod:CoffinBath","dioMod:BloodTransfusion+1","dioMod:BloodSplash","dioMod:BloodSplash+1","dioMod:DominatingPresence+1","dioMod:MudaMudaMuda+1","dioMod:TheWalk+1","dioMod:VengefulMuda+1","dioMod:Muda+1","Good Instincts","Enlightenment+1","Forethought","dioMod:Hiss+1","dioMod:DarkRebirth+1","dioMod:BloodSuck","dioMod:MudaMudaMuda+1","dioMod:MudaMudaMuda+1","dioMod:LaserVision"],"relics":["dioMod:JoestarBlood","LetterFromLob","War Paint","Boot","Regal Pillow","WarpedTongs","Bottled Tornado","Moonlight_r","LaetitiaHeart","Philosopher\u0027s Stone","Nilry\u0027s Codex","Toy Ornithopter","Hololive_LightStick","Membership Card","Thread and Needle","Pen Nib","Red Mask","Anchor","HornCleat","InkBottle","Old Coin","Frozen Egg 2"],"acts_visited":["Exordium","TheCity","TheBeyond"],"potions_floor_usage":[6,13,13,24,33,33,35,46],"damage_taken":[{"damage":12,"enemies":"2 Louse","floor":1,"turns":4},{"damage":6,"enemies":"Cultist","floor":3,"turns":4},{"damage":9,"enemies":"Small Slimes","floor":4,"turns":5},{"damage":41,"enemies":"Lagavulin","floor":6,"turns":9},{"damage":22,"enemies":"Gremlin Gang","floor":7,"turns":5},{"damage":18,"enemies":"3 Louse","floor":12,"turns":3},{"damage":12,"enemies":"Gremlin Nob","floor":13,"turns":4},{"damage":53,"enemies":"The Guardian","floor":16,"turns":10},{"damage":44,"enemies":"3 Byrds","floor":18,"turns":5},{"damage":17,"enemies":"Chosen","floor":20,"turns":3},{"damage":19,"enemies":"3 Cultists","floor":21,"turns":4},{"damage":45,"enemies":"Book of Stabbing","floor":24,"turns":6},{"damage":0,"enemies":"Snecko","floor":27,"turns":3},{"damage":31,"enemies":"Sentry and Sphere","floor":28,"turns":6},{"damage":38,"enemies":"Cultist and Chosen","floor":29,"turns":6},{"damage":10,"enemies":"Champ","floor":33,"turns":7},{"damage":22,"enemies":"3 Darklings","floor":35,"turns":3},{"damage":4,"enemies":"Orb Walker","floor":37,"turns":4},{"damage":10,"enemies":"Nemesis","floor":42,"turns":6},{"damage":0,"enemies":"3 Darklings","floor":45,"turns":5},{"damage":55,"enemies":"Reptomancer","floor":46,"turns":8},{"damage":17,"enemies":"2 Orb Walkers","floor":47,"turns":5},{"damage":77,"enemies":"Jotaro","floor":50,"turns":9}],"seed_played":"-1852347757648371069","potions_obtained":[{"floor":3,"key":"LiquidMemories"},{"floor":6,"key":"Strength Potion"},{"floor":12,"key":"BlessingOfTheForge"},{"floor":13,"key":"Strength Potion"},{"floor":24,"key":"DistilledChaos"},{"floor":27,"key":"Block Potion"},{"floor":29,"key":"AttackPotion"},{"floor":37,"key":"DistilledChaos"},{"floor":46,"key":"SmokeBomb"}],"is_trial":false,"path_per_floor":["M","?","M","M","?","E","M","?","T","?","?","M","E","M","R","B",null,"M","?","M","M","?","R","E","R","T","M","M","M","R","$","R","B",null,"M","?","M","$","?","R","?","E","T","R","M","E","?","$","R","B",null],"character_chosen":"THE_DEFAULT","items_purchased":["dioMod:MudaMudaMuda","Membership Card","Thread and Needle","Pen Nib","Frozen Egg 2","dioMod:MudaMudaMuda+1","dioMod:LaserVision"],"campfire_rested":1,"item_purchase_floors":[31,31,31,31,48,48,48],"current_hp_per_floor":[52,52,53,64,49,27,29,26,26,26,26,30,54,25,62,56,75,58,39,57,63,47,47,43,43,43,62,75,75,75,75,75,75,75,74,74,75,75,65,65,65,75,75,75,75,65,75,75,75,40],"gold":266,"neow_bonus":"THREE_RARE_CARDS","is_daily":false,"chose_seed":false,"campfire_upgraded":7,"win_rate":0.0,"timestamp":1609418358,"path_taken":["M","?","?","M","?","E","M","?","T","?","?","?","E","M","R","BOSS","M","?","?","?","?","R","E","R","T","M","M","M","R","$","R","BOSS","M","?","M","$","?","R","?","E","T","R","?","E","?","$","R","BOSS"],"items_purchased_type":["Card","Relic","Relic","Relic","Relic","Card","Card"],"build_version":"2020-12-22","purchased_purges":0,"victory":true,"max_hp_per_floor":[75,75,75,75,75,75,75,75,75,75,75,75,75,75,75,75,75,75,75,75,75,75,75,75,75,75,75,75,75,75,75,75,75,75,75,75,75,75,75,75,75,75,75,75,75,75,75,75,75,75],"card_choices":[{"not_picked":["dioMod:Despair","dioMod:Refresh"],"picked":"dioMod:ZaWarudo","floor":0},{"not_picked":["dioMod:BlendIn","dioMod:StreetSign"],"picked":"dioMod:LaserVision","floor":1},{"not_picked":["dioMod:StreetSign","dioMod:ComboFever"],"picked":"dioMod:BloodTransfusion","floor":3},{"not_picked":["dioMod:BlendIn","dioMod:VengefulMuda"],"picked":"dioMod:Hiss","floor":4},{"not_picked":["dioMod:ZaWarudo","dioMod:Muda"],"picked":"dioMod:SecretPlan","floor":6},{"not_picked":["dioMod:Hiss","dioMod:HeavyLifting"],"picked":"dioMod:CautiousMuda","floor":7},{"not_picked":["dioMod:ComboFever","dioMod:BlendIn"],"picked":"dioMod:BloodSuck","floor":12},{"not_picked":["dioMod:Refresh","dioMod:FlyAway"],"picked":"dioMod:StreetSign","floor":13},{"not_picked":["dioMod:GoldVial","dioMod:SevenPageMuda"],"picked":"dioMod:TheWalk","floor":16},{"not_picked":["dioMod:TripleThreat","dioMod:Muda"],"picked":"dioMod:VengefulMuda","floor":18},{"not_picked":["dioMod:Minions","dioMod:FlyAway"],"picked":"dioMod:StreetSign","floor":20},{"not_picked":["dioMod:Roundabout","dioMod:HeavyLifting"],"picked":"dioMod:CoffinBath","floor":21},{"not_picked":["dioMod:GoodbyeJojo","dioMod:SecretPlan"],"picked":"dioMod:BloodTransfusion+1","floor":24},{"not_picked":["dioMod:ComboFever","dioMod:DoubleTime+1"],"picked":"dioMod:BloodSplash","floor":27},{"not_picked":["dioMod:DominatingPresence","dioMod:SadisticLaugh"],"picked":"dioMod:BloodSplash+1","floor":28},{"not_picked":["dioMod:CautiousMuda","dioMod:WRYYY"],"picked":"dioMod:DominatingPresence+1","floor":29},{"not_picked":["dioMod:GoldVial","dioMod:PhantomBlood"],"picked":"dioMod:TheWalk","floor":33},{"not_picked":["dioMod:FlyAway+1","dioMod:CautiousMuda"],"picked":"dioMod:VengefulMuda+1","floor":35},{"not_picked":["dioMod:SecretPlan","dioMod:VengefulMuda+1"],"picked":"dioMod:Muda+1","floor":37},{"not_picked":["The Bomb","Purity"],"picked":"Good Instincts","floor":39},{"not_picked":["Good Instincts","Dark Shackles"],"picked":"Enlightenment","floor":39},{"not_picked":["Bandage Up","HandOfGreed"],"picked":"Forethought","floor":39},{"not_picked":["dioMod:VengefulMuda+1","dioMod:CoffinBath"],"picked":"dioMod:Hiss+1","floor":42},{"not_picked":["dioMod:BlendIn+1","dioMod:CutDeep+1"],"picked":"dioMod:DarkRebirth+1","floor":45},{"not_picked":["dioMod:DisarmingVoice+1","dioMod:CoffinBath+1"],"picked":"dioMod:BloodSuck","floor":46},{"not_picked":["dioMod:Roundabout+1","dioMod:SecretPlan+1"],"picked":"dioMod:MudaMudaMuda","floor":47}],"player_experience":69547,"relics_obtained":[{"floor":1,"key":"LetterFromLob"},{"floor":6,"key":"War Paint"},{"floor":9,"key":"Regal Pillow"},{"floor":13,"key":"Bottled Tornado"},{"floor":22,"key":"Nilry\u0027s Codex"},{"floor":24,"key":"Toy Ornithopter"},{"floor":26,"key":"Hololive_LightStick"},{"floor":42,"key":"Anchor"},{"floor":43,"key":"HornCleat"},{"floor":46,"key":"InkBottle"},{"floor":47,"key":"Old Coin"}],"event_choices":[{"damage_healed":0,"gold_gain":0,"player_choice":"Bought 0 Potions","damage_taken":0,"max_hp_gain":0,"max_hp_loss":0,"event_name":"The Woman in Blue","floor":2,"gold_loss":0},{"damage_healed":0,"gold_gain":0,"player_choice":"Entered Light","damage_taken":15,"max_hp_gain":0,"max_hp_loss":0,"event_name":"Shining Light","floor":5,"gold_loss":0,"cards_upgraded":["dioMod:Strike","dioMod:Defend"]},{"damage_healed":0,"gold_gain":0,"player_choice":"Success","damage_taken":3,"relics_obtained":["Boot"],"max_hp_gain":0,"max_hp_loss":0,"event_name":"Scrap Ooze","floor":8,"gold_loss":0},{"damage_healed":0,"gold_gain":0,"player_choice":"Grow","damage_taken":0,"max_hp_gain":0,"max_hp_loss":0,"event_name":"Living Wall","floor":10,"gold_loss":0,"cards_upgraded":["dioMod:CautiousMuda"]},{"damage_healed":0,"gold_gain":0,"player_choice":"Rummage","damage_taken":0,"relics_obtained":["WarpedTongs"],"max_hp_gain":0,"max_hp_loss":0,"event_name":"Accursed Blacksmith","floor":11,"gold_loss":0,"cards_obtained":["Pain"]},{"damage_healed":0,"gold_gain":180,"player_choice":"GOLD GOLD ","damage_taken":19,"max_hp_gain":0,"max_hp_loss":0,"event_name":"Knowing Skull","floor":19,"potions_obtained":[],"gold_loss":0,"cards_obtained":[]},{"damage_healed":0,"gold_gain":0,"player_choice":"Obtained Book","damage_taken":16,"max_hp_gain":0,"max_hp_loss":0,"event_name":"Cursed Tome","floor":22,"gold_loss":0},{"damage_healed":0,"gold_gain":0,"player_choice":"Paid","damage_taken":0,"relics_obtained":["Red Mask"],"max_hp_gain":0,"max_hp_loss":0,"event_name":"Tomb of Lord Red Mask","floor":36,"gold_loss":330},{"damage_healed":0,"gold_gain":0,"player_choice":"Memory 3","damage_taken":10,"max_hp_gain":0,"max_hp_loss":0,"event_name":"SensoryStone","floor":39,"gold_loss":0},{"cards_removed":["dioMod:Strike"],"damage_healed":0,"gold_gain":0,"player_choice":"Purged","damage_taken":0,"max_hp_gain":0,"max_hp_loss":0,"event_name":"Purifier","floor":41,"gold_loss":0},{"damage_healed":0,"gold_gain":0,"player_choice":"Fight","damage_taken":0,"max_hp_gain":0,"max_hp_loss":0,"event_name":"Mysterious Sphere","floor":47,"gold_loss":0}],"is_beta":false,"boss_relics":[{"not_picked":["Velvet Choker","Cursed Key"],"picked":"Philosopher\u0027s Stone"},{"not_picked":["Tiny House","Sozu"],"picked":"dioMod:JoestarBlood"}],"items_purged_floors":[],"is_endless":false,"potions_floor_spawned":[3,6,12,13,24,27,29,37,46],"ascension_level":3}}