{"host":"15dd7v8o90xso62x","time":1609448209,"event":{"mods":["BaseMod","Minty Spire (QoL Compilation)","Quick Restart","StSLib","SuperFastMode"],"gold_per_floor":[111,111,32,32,50,85,85,116,116,116,141,159,159,189,189,266,266,285,37,37,49,63,63,63,63,87,115,134,152,152,196,196,271,271,281,124,151,165,183,183,220,244,271,300,322,348,382,393,393,393,393,393],"floor_reached":51,"playtime":1777,"items_purged":["Strike_G","Defend_G+1"],"score":1519,"play_id":"db18fdd8-b976-4492-a6b3-7e766a308613","local_time":"20210101055649","is_ascension_mode":true,"campfire_choices":[{"data":"Accuracy","floor":7.0,"key":"SMITH"},{"data":"Cloak And Dagger","floor":10.0,"key":"SMITH"},{"data":"Blade Dance","floor":13.0,"key":"SMITH"},{"data":"Neutralize","floor":15.0,"key":"SMITH"},{"data":"Calculated Gamble","floor":23.0,"key":"SMITH"},{"data":"After Image","floor":25.0,"key":"SMITH"},{"data":"Cloak And Dagger","floor":30.0,"key":"SMITH"},{"data":"Acrobatics","floor":32.0,"key":"SMITH"},{"floor":40.0,"key":"REST"},{"floor":49.0,"key":"REST"}],"circlet_count":0,"master_deck":["AscendersBane","Strike_G+1","Strike_G+1","Strike_G+1","Defend_G+1","Defend_G+1","Defend_G+1","Defend_G+1","Survivor","Neutralize+1","Cloak And Dagger+1","Accuracy+1","Blade Dance+1","Backflip","Deflect","Tactician","Backflip","After Image+1","Cloak And Dagger+1","Footwork","Calculated Gamble+1","Backstab","Blade Dance","Blade Dance","Acrobatics+1","Footwork","Madness","Madness","Envenom","Backflip+1","Expertise","Acrobatics","Deflect+1"],"relics":["Ring of the Snake","NeowsBlessing","Bottled Lightning","Bag of Marbles","Ancient Tea Set","TungstenRod","Torii","WristBlade","CeramicFish","Snake Skull","Fusion Hammer","FossilizedHelix","MealTicket","PreservedInsect","Mango"],"acts_visited":["Exordium","TheCity","TheBeyond"],"potions_floor_usage":[51],"damage_taken":[{"damage":0.0,"enemies":"Jaw Worm","floor":1.0,"turns":1.0},{"damage":0.0,"enemies":"Small Slimes","floor":5.0,"turns":1.0},{"damage":0.0,"enemies":"Lagavulin","floor":6.0,"turns":1.0},{"damage":14.0,"enemies":"3 Sentries","floor":8.0,"turns":7.0},{"damage":15.0,"enemies":"Lagavulin","floor":11.0,"turns":5.0},{"damage":0.0,"enemies":"2 Louse","floor":12.0,"turns":1.0},{"damage":5.0,"enemies":"The Guardian","floor":16.0,"turns":11.0},{"damage":0.0,"enemies":"Chosen","floor":18.0,"turns":4.0},{"damage":0.0,"enemies":"Spheric Guardian","floor":21.0,"turns":3.0},{"damage":0.0,"enemies":"Centurion and Healer","floor":22.0,"turns":4.0},{"damage":0.0,"enemies":"Snecko","floor":27.0,"turns":2.0},{"damage":0.0,"enemies":"Snake Plant","floor":28.0,"turns":3.0},{"damage":0.0,"enemies":"Centurion and Healer","floor":29.0,"turns":3.0},{"damage":0.0,"enemies":"Book of Stabbing","floor":31.0,"turns":2.0},{"damage":55.0,"enemies":"Automaton","floor":33.0,"turns":9.0},{"damage":0.0,"enemies":"3 Shapes","floor":35.0,"turns":4.0},{"damage":0.0,"enemies":"Orb Walker","floor":37.0,"turns":2.0},{"damage":0.0,"enemies":"Jaw Worm Horde","floor":38.0,"turns":3.0},{"damage":24.0,"enemies":"Giant Head","floor":41.0,"turns":6.0},{"damage":0.0,"enemies":"3 Darklings","floor":42.0,"turns":2.0},{"damage":9.0,"enemies":"Nemesis","floor":44.0,"turns":5.0},{"damage":0.0,"enemies":"Transient","floor":45.0,"turns":6.0},{"damage":0.0,"enemies":"Writhing Mass","floor":46.0,"turns":5.0},{"damage":0.0,"enemies":"Mind Bloom Boss Battle","floor":47.0,"turns":7.0},{"damage":0.0,"enemies":"Spire Growth","floor":48.0,"turns":4.0},{"damage":68,"enemies":"Awakened One","floor":50,"turns":11},{"damage":14,"enemies":"Time Eater","floor":51,"turns":4}],"seed_played":"-780140801340207804","potions_obtained":[{"floor":6.0,"key":"Strength Potion"},{"floor":8.0,"key":"Explosive Potion"},{"floor":16.0,"key":"SteroidPotion"},{"floor":18.0,"key":"Regen Potion"},{"floor":33.0,"key":"LiquidMemories"},{"floor":42.0,"key":"CunningPotion"},{"floor":45.0,"key":"AttackPotion"},{"floor":48.0,"key":"Fire Potion"}],"is_trial":false,"path_per_floor":["M","?","$","?","M","E","R","E","T","R","E","M","R","?","R","B",null,"M","$","?","M","M","R","?","R","T","M","M","M","R","E","R","B",null,"M","$","M","M","?","R","E","M","T","E","M","M","?","M","R","B","B"],"character_chosen":"THE_SILENT","items_purchased":["Accuracy","Footwork","Calculated Gamble","FearPotion"],"campfire_rested":2,"item_purchase_floors":[3,19,19,36],"current_hp_per_floor":[59,52,52,57,57,57,57,43,43,43,28,28,28,28,28,23,59,59,59,59,59,59,59,59,59,59,59,68,68,68,68,68,13,57,57,57,57,57,45,66,42,42,42,33,33,33,47,47,72,4,0,0],"gold":393,"neow_bonus":"THREE_ENEMY_KILL","is_daily":false,"chose_seed":false,"campfire_upgraded":8,"win_rate":0.0,"timestamp":1609448209,"path_taken":["M","?","$","?","M","E","R","E","T","R","E","M","R","?","R","BOSS","M","$","?","M","M","R","?","R","T","M","M","M","R","E","R","BOSS","M","$","M","M","?","R","E","M","T","E","M","M","?","?","R","BOSS","BOSS"],"items_purchased_type":["Card","Card","Card","Potion"],"build_version":"2020-12-22","purchased_purges":2,"victory":false,"max_hp_per_floor":[66,66,66,71,71,71,71,71,71,71,71,71,71,71,71,71,71,71,71,71,71,71,71,71,71,71,71,71,71,71,71,71,71,71,71,71,71,71,71,71,71,71,71,71,71,71,85,85,85,85,85,85],"card_choices":[{"not_picked":["PiercingWail","Prepared"],"picked":"Cloak And Dagger","floor":1.0},{"not_picked":["Outmaneuver","Dagger Throw"],"picked":"Blade Dance","floor":5.0},{"not_picked":["Deflect","Prepared"],"picked":"Backflip","floor":6.0},{"not_picked":["Doppelganger","Deadly Poison"],"picked":"Deflect","floor":8.0},{"not_picked":["Poisoned Stab","Dagger Throw"],"picked":"Tactician","floor":11.0},{"not_picked":["Deadly Poison","Sucker Punch"],"picked":"Backflip","floor":12.0},{"not_picked":["Burst","Grand Finale"],"picked":"After Image","floor":16.0},{"not_picked":["Crippling Poison","Dagger Spray"],"picked":"Cloak And Dagger","floor":18.0},{"not_picked":["Bouncing Flask","Quick Slash","Bane+1"],"picked":"SKIP","floor":21.0},{"not_picked":["Bouncing Flask","Quick Slash","Bane+1"],"picked":"SKIP","floor":21.0},{"not_picked":["Endless Agony","Prepared"],"picked":"Backstab","floor":22.0},{"not_picked":["Terror","Slice"],"picked":"Blade Dance","floor":27.0},{"not_picked":["Reflex","Backflip"],"picked":"Blade Dance","floor":28.0},{"not_picked":["Sucker Punch","Bouncing Flask","Slice"],"picked":"SKIP","floor":29.0},{"not_picked":["A Thousand Cuts","Endless Agony"],"picked":"Acrobatics","floor":31.0},{"not_picked":["Bane","Noxious Fumes","Dagger Throw+1"],"picked":"SKIP","floor":35.0},{"not_picked":["Endless Agony","Bane"],"picked":"Footwork","floor":37.0},{"not_picked":["Sucker Punch","Skewer","Dagger Throw"],"picked":"SKIP","floor":38.0},{"not_picked":["Predator+1","Choke"],"picked":"Envenom","floor":41.0},{"not_picked":["Deadly Poison+1","Flying Knee+1"],"picked":"Backflip+1","floor":42.0},{"not_picked":["Caltrops","Deadly Poison+1","Bane"],"picked":"SKIP","floor":44.0},{"not_picked":["Masterful Stab","PiercingWail"],"picked":"Expertise","floor":45.0},{"not_picked":["Tactician","Infinite Blades"],"picked":"Acrobatics","floor":46.0},{"not_picked":["Choke","Flying Knee"],"picked":"Deflect+1","floor":47.0},{"not_picked":["Dagger Throw","Riddle With Holes","Bane"],"picked":"SKIP","floor":48.0}],"player_experience":976460,"relics_obtained":[{"floor":6.0,"key":"Bottled Lightning"},{"floor":8.0,"key":"Bag of Marbles"},{"floor":9.0,"key":"Ancient Tea Set"},{"floor":11.0,"key":"TungstenRod"},{"floor":26.0,"key":"CeramicFish"},{"floor":31.0,"key":"Snake Skull"},{"floor":41.0,"key":"FossilizedHelix"},{"floor":43.0,"key":"MealTicket"},{"floor":44.0,"key":"PreservedInsect"},{"floor":47.0,"key":"Mango"}],"event_choices":[{"cards_removed":["Strike_G"],"damage_healed":0.0,"max_hp_gain":0.0,"max_hp_loss":0.0,"gold_gain":0.0,"event_name":"Golden Wing","player_choice":"Card Removal","floor":2.0,"gold_loss":0.0,"damage_taken":7.0},{"damage_healed":0.0,"max_hp_gain":5.0,"max_hp_loss":0.0,"gold_gain":0.0,"event_name":"Big Fish","player_choice":"Donut","floor":4.0,"gold_loss":0.0,"damage_taken":0.0},{"damage_healed":0.0,"max_hp_gain":0.0,"max_hp_loss":0.0,"gold_gain":30.0,"event_name":"Dead Adventurer","player_choice":"Searched \u00273\u0027 times","floor":14.0,"gold_loss":0.0,"damage_taken":0.0,"relics_obtained":["Torii"]},{"damage_healed":0.0,"max_hp_gain":0.0,"max_hp_loss":0.0,"gold_gain":0.0,"event_name":"Back to Basics","player_choice":"Simplicity","floor":20.0,"gold_loss":0.0,"damage_taken":0.0,"cards_upgraded":["Strike_G","Strike_G","Strike_G","Defend_G","Defend_G","Defend_G","Defend_G","Defend_G"]},{"damage_healed":0.0,"max_hp_gain":0.0,"max_hp_loss":0.0,"gold_gain":0.0,"event_name":"Vampires","player_choice":"Ignored","floor":24.0,"gold_loss":0.0,"damage_taken":0.0},{"damage_healed":0.0,"max_hp_gain":0.0,"max_hp_loss":0.0,"gold_gain":0.0,"event_name":"Winding Halls","player_choice":"Embrace Madness","floor":39.0,"gold_loss":0.0,"damage_taken":13.0,"cards_obtained":["Madness","Madness"]},{"damage_healed":0.0,"max_hp_gain":0.0,"max_hp_loss":0.0,"gold_gain":0.0,"event_name":"MindBloom","player_choice":"Fight","floor":47.0,"gold_loss":0.0,"damage_taken":0.0}],"is_beta":false,"boss_relics":[{"not_picked":["Runic Pyramid","Black Star"],"picked":"WristBlade"},{"not_picked":["Pandora\u0027s Box","Velvet Choker"],"picked":"Fusion Hammer"}],"items_purged_floors":[19,36],"is_endless":false,"potions_floor_spawned":[6,8,16,18,22,33,37,42,45,48],"killed_by":"Time Eater","ascension_level":20}}