{"host":"rknezr0ykt7pds1i","time":1609444728,"event":{"mods":["BaseMod","Downfall","Marisa????????","Minty Spire (QoL Compilation)","Replay The Spire","StSLib","The Alterego","The Servant 0.9.4","Waifu the Spire"],"gold_per_floor":[110,110,34,50,69,69,69,89,116,116,116,149,149,174,174,278,278,290,302,302,302],"floor_reached":20,"playtime":1163,"items_purged":["Voices"],"score":182,"play_id":"e370812e-24ce-4488-a891-4b7a936e5e5a","local_time":"20201231145848","is_ascension_mode":false,"campfire_choices":[{"data":"MasterSpark","floor":6,"key":"SMITH"},{"data":"PropBag","floor":13,"key":"SMITH"},{"data":"EnergyFlow","floor":15,"key":"SMITH"}],"circlet_count":0,"master_deck":["Strike_MRS","Strike_MRS","Strike_MRS","Strike_MRS","Defend_MRS","Defend_MRS","Defend_MRS","Defend_MRS","MasterSpark+1","UpSweep+1","EnergyFlow+1","Acceleration","OortCloud+1","AsteroidBelt","PropBag+1","expansioncontent:DefensiveMode","Occultation","IllusionStar","SuperNova","EnergyRecoil+1","6A"],"relics":["MiniHakkero","NeowsBlessing","ReplayTheSpireMod:CursedCoin","Replay:Mystery Machine","Gremlin Food","Omamori","Simple Rune","Ring of Chaos","Blue Candle"],"acts_visited":["Exordium","TheCity"],"potions_floor_usage":[16],"damage_taken":[{"damage":0,"enemies":"Small Slimes","floor":1,"turns":1},{"damage":0,"enemies":"Jaw Worm","floor":4,"turns":1},{"damage":0,"enemies":"Cultist","floor":5,"turns":1},{"damage":0,"enemies":"Blue Slaver","floor":8,"turns":3},{"damage":7,"enemies":"Gremlin Nob","floor":12,"turns":5},{"damage":4,"enemies":"3 Sentries","floor":14,"turns":9},{"damage":27,"enemies":"Fading Forest","floor":16,"turns":11},{"damage":49,"enemies":"3 Byrds","floor":18,"turns":7},{"damage":10,"enemies":"Shell Parasite","floor":19,"turns":7},{"damage":18,"enemies":"Snake Plant","floor":20,"turns":4}],"seed_played":"3671112577494430223","potions_obtained":[{"floor":5,"key":"ColorlessPotion"}],"is_trial":false,"path_per_floor":["M","?","$","M","M","R","?","M","T","?","?","E","R","E","R","B",null,"M","M","M"],"character_chosen":"MARISA","items_purchased":["ReplayTheSpireMod:CursedCoin","Replay:Mystery Machine"],"campfire_rested":0,"item_purchase_floors":[3,3],"current_hp_per_floor":[75,75,75,75,75,75,75,75,75,75,75,68,68,64,64,47,75,26,16,0,0],"gold":302,"neow_bonus":"THREE_ENEMY_KILL","is_daily":false,"chose_seed":false,"campfire_upgraded":3,"win_rate":0.0,"timestamp":1609444728,"path_taken":["M","?","?","?","M","R","?","?","T","?","?","E","R","E","R","BOSS","M","?","M"],"items_purchased_type":["Relic","Relic"],"build_version":"2020-12-22","purchased_purges":1,"victory":false,"max_hp_per_floor":[75,75,75,75,75,75,75,75,75,75,75,75,75,75,75,75,75,75,75,75,75],"card_choices":[{"not_picked":["GrandCross","DragonMeteor"],"picked":"EnergyFlow","floor":1},{"not_picked":["PowerUp","ShootingEcho"],"picked":"Acceleration","floor":4},{"not_picked":["SporeBomb","WitchOfGreed"],"picked":"OortCloud","floor":5},{"not_picked":["NonDirectionalLaser","GalacticHalo"],"picked":"AsteroidBelt","floor":8},{"not_picked":["ManaConvection","PropBag"],"picked":"Occultation","floor":12},{"not_picked":["EarthLightRay","DeepEcoloBomb"],"picked":"IllusionStar","floor":14},{"not_picked":["JA","ManaRampage"],"picked":"SuperNova","floor":16},{"not_picked":["ShootingEcho+1","WitchOfGreed"],"picked":"EnergyRecoil+1","floor":18},{"not_picked":["IllusionStar","PowerUp"],"picked":"6A","floor":19}],"player_experience":209432,"relics_obtained":[{"floor":9,"key":"Gremlin Food"},{"floor":12,"key":"Omamori"},{"floor":14,"key":"Simple Rune"}],"event_choices":[{"damage_healed":0,"gold_gain":0,"player_choice":"Ignored","damage_taken":0,"max_hp_gain":0,"max_hp_loss":0,"event_name":"Golden Wing","floor":2,"gold_loss":0},{"damage_healed":0,"gold_gain":0,"player_choice":"Upgraded","damage_taken":0,"max_hp_gain":0,"max_hp_loss":0,"event_name":"Upgrade Shrine","floor":7,"gold_loss":0,"cards_upgraded":["OortCloud"]},{"damage_healed":0,"gold_gain":0,"player_choice":"2 cards matched","damage_taken":0,"max_hp_gain":0,"max_hp_loss":0,"event_name":"Match and Keep!","floor":11,"gold_loss":0,"cards_obtained":["PropBag","expansioncontent:DefensiveMode"]}],"is_beta":false,"boss_relics":[{"not_picked":["Pandora\u0027s Box","Philosopher\u0027s Stone"],"picked":"Ring of Chaos"}],"items_purged_floors":[3],"is_endless":false,"potions_floor_spawned":[5],"killed_by":"Snake Plant","ascension_level":0}}