{"host":"gl7gfqdgzaxu5sie","time":1609406286,"event":{"mods":["AchievementEnabler","BaseMod","Colored Map","DeckTracker","Minty Spire (QoL Compilation)"],"gold_per_floor":[114,130,142,159,6,6,37,50,101,119,119,119],"floor_reached":11,"playtime":591,"items_purged":[],"score":116,"play_id":"aae1599b-63af-4dcd-8fbc-8fa598bb7b9a","local_time":"20201231181806","is_ascension_mode":true,"campfire_choices":[{"data":"Barricade","floor":6,"key":"SMITH"}],"circlet_count":0,"master_deck":["AscendersBane","Strike_R","Strike_R","Strike_R","Strike_R","Strike_R","Defend_R","Defend_R","Defend_R","Defend_R","Bash","Exhume","Whirlwind","Power Through","Feel No Pain","Barricade+1","True Grit","Disarm"],"relics":["Burning Blood","TheAbacus","Regal Pillow","PreservedInsect"],"acts_visited":["Exordium"],"potions_floor_usage":[7,7,11],"damage_taken":[{"damage":5,"enemies":"Cultist","floor":1,"turns":5},{"damage":13,"enemies":"Jaw Worm","floor":2,"turns":4},{"damage":10,"enemies":"2 Louse","floor":3,"turns":2},{"damage":16,"enemies":"Red Slaver","floor":4,"turns":6},{"damage":26,"enemies":"Gremlin Nob","floor":7,"turns":5},{"damage":5,"enemies":"3 Louse","floor":8,"turns":2},{"damage":21,"enemies":"Blue Slaver","floor":10,"turns":5},{"damage":20,"enemies":"3 Sentries","floor":11,"turns":3}],"seed_played":"3706527857531182061","potions_obtained":[{"floor":3,"key":"Explosive Potion"},{"floor":4,"key":"BlessingOfTheForge"},{"floor":8,"key":"SkillPotion"}],"is_trial":false,"path_per_floor":["M","M","M","M","$","R","E","M","T","M","E"],"character_chosen":"IRONCLAD","items_purchased":["TheAbacus"],"campfire_rested":0,"item_purchase_floors":[5],"current_hp_per_floor":[73,66,62,52,52,52,32,33,33,18,0,0],"gold":119,"neow_bonus":"ONE_RANDOM_RARE_CARD","is_daily":false,"chose_seed":false,"campfire_upgraded":1,"win_rate":0.0,"timestamp":1609406286,"path_taken":["M","M","M","M","?","R","E","M","T","M","E"],"items_purchased_type":["Relic"],"build_version":"2020-12-22","purchased_purges":0,"victory":false,"max_hp_per_floor":[80,80,80,80,80,80,80,80,80,80,80,80],"card_choices":[{"not_picked":["Havoc","Warcry"],"picked":"Whirlwind","floor":1},{"not_picked":["Clothesline","Cleave"],"picked":"Power Through","floor":2},{"not_picked":["Pommel Strike","Havoc"],"picked":"Feel No Pain","floor":3},{"not_picked":["Rupture","Warcry"],"picked":"Barricade","floor":4},{"not_picked":["Clothesline","Flex"],"picked":"True Grit","floor":7},{"not_picked":["Heavy Blade","True Grit","Clash"],"picked":"SKIP","floor":8},{"not_picked":["Perfected Strike","Clash"],"picked":"Disarm","floor":10}],"player_experience":560562,"relics_obtained":[{"floor":7,"key":"Regal Pillow"},{"floor":9,"key":"PreservedInsect"}],"event_choices":[],"is_beta":false,"boss_relics":[],"items_purged_floors":[],"is_endless":false,"potions_floor_spawned":[3,4,8],"killed_by":"3 Sentries","ascension_level":10}}