{"host":"stk82ot58bnorhun","time":1609421599,"event":{"mods":["BaseMod","Downfall","Minty Spire (QoL Compilation)","StSLib"],"gold_per_floor":[115,133,133,143,158,158,11,39,39,59,59,71,71,81,81,178,178,192,203,234,82,82,82,113,113,139,139,64,64,64],"floor_reached":29,"playtime":806,"items_purged":["Strike_R","Strike_R"],"score":292,"play_id":"39c455b8-fd9d-4259-a099-d3c262597d92","local_time":"20201231213319","is_ascension_mode":true,"campfire_choices":[{"data":"Flex","floor":6.0,"key":"SMITH"},{"data":"Armaments","floor":11.0,"key":"SMITH"},{"data":"Berserk","floor":15.0,"key":"SMITH"},{"floor":23.0,"key":"REST"}],"circlet_count":0,"master_deck":["Strike_R","Strike_R","Defend_R","Defend_R","Defend_R","Defend_R","Bash","Pummel","Sword Boomerang+1","Flex+1","Inflame","Armaments+1","Berserk+1","Demon Form","Burning Pact","Sword Boomerang","Clothesline+1"],"relics":["Black Blood","Ancient Tea Set","Lantern","Red Mask","Bottled Tornado","Red Skull"],"acts_visited":["Exordium","TheCity"],"potions_floor_usage":[24],"damage_taken":[{"damage":1.0,"enemies":"Cultist","floor":1.0,"turns":3.0},{"damage":2.0,"enemies":"2 Louse","floor":2.0,"turns":3.0},{"damage":12.0,"enemies":"Jaw Worm","floor":4.0,"turns":2.0},{"damage":18.0,"enemies":"Exordium Wildlife","floor":5.0,"turns":4.0},{"damage":35.0,"enemies":"Gremlin Nob","floor":8.0,"turns":4.0},{"damage":9.0,"enemies":"2 Fungi Beasts","floor":10.0,"turns":3.0},{"damage":8.0,"enemies":"Blue Slaver","floor":12.0,"turns":4.0},{"damage":5.0,"enemies":"Exordium Wildlife","floor":14.0,"turns":4.0},{"damage":32.0,"enemies":"The Guardian","floor":16.0,"turns":9.0},{"damage":28.0,"enemies":"2 Thieves","floor":18.0,"turns":3.0},{"damage":38.0,"enemies":"3 Byrds","floor":19.0,"turns":6.0},{"damage":62.0,"enemies":"Masked Bandits","floor":20.0,"turns":5.0},{"damage":50,"enemies":"Slavers","floor":24,"turns":5},{"damage":31,"enemies":"Snake Plant","floor":29,"turns":3}],"seed_played":"-5409500330331611280","potions_obtained":[{"floor":1.0,"key":"FairyPotion"},{"floor":4.0,"key":"Dexterity Potion"},{"floor":18.0,"key":"Energy Potion"}],"is_trial":false,"path_per_floor":["M","M","?","M","M","R","$","E","T","M","R","M","?","M","R","B",null,"M","M","?","$","?","R","E","$","T","?","?","M"],"character_chosen":"IRONCLAD","items_purchased":["Inflame","Energy Potion"],"campfire_rested":1,"item_purchase_floors":[7,21],"current_hp_per_floor":[88,88,88,82,70,70,70,41,41,38,38,36,36,37,37,11,88,72,46,37,37,37,63,25,25,25,25,25,0,0],"gold":64,"neow_bonus":"TEN_PERCENT_HP_BONUS","is_daily":false,"chose_seed":false,"campfire_upgraded":3,"win_rate":0.0,"timestamp":1609421599,"path_taken":["M","M","?","M","M","R","$","E","T","M","R","M","?","M","R","BOSS","M","M","?","$","?","R","E","?","T","?","?","M"],"items_purchased_type":["Card","Potion"],"build_version":"2020-12-22","purchased_purges":2,"victory":false,"max_hp_per_floor":[88,88,88,88,88,88,88,88,88,88,88,88,88,88,88,88,88,88,88,88,88,88,88,88,88,88,88,88,88,88],"card_choices":[{"not_picked":["Body Slam","Anger"],"picked":"Pummel","floor":1.0},{"not_picked":["Carnage","Combust"],"picked":"Sword Boomerang","floor":2.0},{"not_picked":["Thunderclap","Battle Trance"],"picked":"Flex","floor":4.0},{"not_picked":["Clash","Anger","Heavy Blade"],"picked":"SKIP","floor":5.0},{"not_picked":["Perfected Strike","Ghostly Armor","Clash"],"picked":"SKIP","floor":8.0},{"not_picked":["Warcry","Flex"],"picked":"Armaments","floor":10.0},{"not_picked":["Uppercut","Ghostly Armor","Shockwave"],"picked":"SKIP","floor":12.0},{"not_picked":["True Grit","Clothesline"],"picked":"Berserk","floor":14.0},{"not_picked":["Double Tap","Immolate"],"picked":"Demon Form","floor":16.0},{"not_picked":["Heavy Blade+1","Infernal Blade"],"picked":"Burning Pact","floor":18.0},{"not_picked":["Combust+1","Dark Embrace","Blood for Blood"],"picked":"SKIP","floor":19.0},{"not_picked":["Armaments","Juggernaut"],"picked":"Clothesline+1","floor":24}],"player_experience":63899,"relics_obtained":[{"floor":8.0,"key":"Ancient Tea Set"},{"floor":9.0,"key":"Lantern"},{"floor":20.0,"key":"Red Mask"},{"floor":24,"key":"Bottled Tornado"},{"floor":26,"key":"Red Skull"}],"event_choices":[{"damage_healed":0.0,"max_hp_gain":0.0,"max_hp_loss":0.0,"gold_gain":0.0,"event_name":"Liars Game","player_choice":"Ignored","floor":3.0,"gold_loss":0.0,"damage_taken":0.0},{"damage_healed":0.0,"max_hp_gain":0.0,"max_hp_loss":0.0,"gold_gain":0.0,"event_name":"Upgrade Shrine","player_choice":"Upgraded","floor":13.0,"gold_loss":0.0,"damage_taken":0.0,"cards_upgraded":["Sword Boomerang"]},{"damage_healed":0.0,"max_hp_gain":0.0,"max_hp_loss":0.0,"gold_gain":0.0,"event_name":"Masked Bandits","player_choice":"Fought Bandits","floor":20.0,"gold_loss":0.0,"damage_taken":0.0},{"damage_healed":0.0,"max_hp_gain":0.0,"max_hp_loss":0.0,"gold_gain":0.0,"event_name":"The Library","player_choice":"Read","floor":22.0,"gold_loss":0.0,"damage_taken":0.0,"cards_obtained":["Sword Boomerang"]},{"damage_healed":0,"gold_gain":0,"player_choice":"Ignored","damage_taken":0,"max_hp_gain":0,"max_hp_loss":0,"event_name":"Ghosts","floor":27,"gold_loss":0},{"cards_removed":["Strike_R"],"damage_healed":0,"gold_gain":0,"player_choice":"Gave Gold","damage_taken":0,"max_hp_gain":0,"max_hp_loss":0,"event_name":"Beggar","floor":28,"gold_loss":75}],"is_beta":false,"boss_relics":[{"not_picked":["Runic Cube","Coffee Dripper"],"picked":"Black Blood"}],"items_purged_floors":[7,21],"is_endless":false,"potions_floor_spawned":[1,4,18],"killed_by":"Snake Plant","ascension_level":4}}