{"host":"l3h7vlt0ggqh50f5","time":1609407420,"event":{"mods":["BaseMod","Colored Map","Colored Powertips","Minty Spire (QoL Compilation)","Relic Stats","ojb\u0027s Info Mod"],"gold_per_floor":[109,109,120,120,133,133,177,177,177,15,54,68,68,84,84,210,210,225,246,269,282,303,341,341,384,384,418,418,418,436,456,456,584,584,604,629,649,663,225,225,225,225],"floor_reached":41,"playtime":3245,"items_purged":[],"score":775,"play_id":"c9f0007b-1490-441d-b317-b150f01ef799","local_time":"20201231103700","is_ascension_mode":true,"campfire_choices":[{"data":"Footwork","floor":6.0,"key":"SMITH"},{"data":"Predator","floor":8.0,"key":"SMITH"},{"data":"PiercingWail","floor":15.0,"key":"SMITH"},{"data":"Leg Sweep","floor":24.0,"key":"SMITH"},{"data":"Choke","floor":28.0,"key":"SMITH"},{"floor":32.0,"key":"REST"},{"data":"After Image","floor":40,"key":"SMITH"}],"circlet_count":0,"master_deck":["Strike_G","Strike_G","Strike_G+1","Strike_G","Strike_G","Defend_G+1","Defend_G","Defend_G","Defend_G","Defend_G","Survivor","Neutralize+1","Predator+1","Footwork+1","Acrobatics","Slice+1","Infinite Blades+1","Blade Dance","Dash","Dagger Throw","Deflect+1","PiercingWail+1","Storm of Steel","Backflip","Accuracy+1","Choke+1","Backflip","Dagger Spray+1","Leg Sweep+1","Adrenaline","Well Laid Plans+1","Blade Dance","After Image+1","Cloak And Dagger+1","PiercingWail+1","Die Die Die"],"relics":["Ring of the Snake","NeowsBlessing","Golden Idol","Shuriken","Sundial","Torii","Calling Bell","Darkstone Periapt","Tough Bandages","War Paint","White Beast Statue","Singing Bowl","Eternal Feather","Whetstone","Philosopher\u0027s Stone","Pen Nib","Omamori"],"acts_visited":["Exordium","TheCity","TheBeyond"],"potions_floor_usage":[33,33,37,38],"damage_taken":[{"damage":0.0,"enemies":"Jaw Worm","floor":1.0,"turns":1.0},{"damage":0.0,"enemies":"2 Louse","floor":3.0,"turns":1.0},{"damage":0.0,"enemies":"Cultist","floor":5.0,"turns":1.0},{"damage":27.0,"enemies":"Gremlin Nob","floor":7.0,"turns":5.0},{"damage":0.0,"enemies":"Lagavulin","floor":11.0,"turns":6.0},{"damage":2.0,"enemies":"Gremlin Gang","floor":12.0,"turns":3.0},{"damage":2.0,"enemies":"Lots of Slimes","floor":14.0,"turns":5.0},{"damage":9.0,"enemies":"Slime Boss","floor":16.0,"turns":5.0},{"damage":1.0,"enemies":"3 Byrds","floor":18.0,"turns":6.0},{"damage":6.0,"enemies":"2 Thieves","floor":19.0,"turns":3.0},{"damage":0.0,"enemies":"3 Cultists","floor":20.0,"turns":6.0},{"damage":1.0,"enemies":"Shelled Parasite and Fungi","floor":21.0,"turns":4.0},{"damage":1.0,"enemies":"Centurion and Healer","floor":22.0,"turns":6.0},{"damage":9.0,"enemies":"Book of Stabbing","floor":23.0,"turns":6.0},{"damage":19.0,"enemies":"Slavers","floor":25.0,"turns":10.0},{"damage":0.0,"enemies":"Gremlin Leader","floor":27.0,"turns":5.0},{"damage":14.0,"enemies":"Cultist and Chosen","floor":30.0,"turns":6.0},{"damage":0.0,"enemies":"3 Cultists","floor":31.0,"turns":3.0},{"damage":13,"enemies":"Champ","floor":33,"turns":7},{"damage":1,"enemies":"Orb Walker","floor":35,"turns":3},{"damage":22,"enemies":"3 Darklings","floor":36,"turns":4},{"damage":0,"enemies":"Maw","floor":37,"turns":6},{"damage":23,"enemies":"Spire Growth","floor":38,"turns":4},{"damage":43,"enemies":"Nemesis","floor":41,"turns":2}],"seed_played":"8871469395866464587","potions_obtained":[{"floor":3.0,"key":"AttackPotion"},{"floor":11.0,"key":"Strength Potion"},{"floor":12.0,"key":"SteroidPotion"},{"floor":13.0,"key":"SkillPotion"},{"floor":13.0,"key":"BlessingOfTheForge"},{"floor":14.0,"key":"Fire Potion"},{"floor":19.0,"key":"ColorlessPotion"},{"floor":21.0,"key":"SpeedPotion"},{"floor":23.0,"key":"Swift Potion"},{"floor":25.0,"key":"DuplicationPotion"},{"floor":27.0,"key":"Weak Potion"},{"floor":30.0,"key":"Fire Potion"},{"floor":31.0,"key":"FearPotion"},{"floor":33,"key":"DuplicationPotion"},{"floor":35,"key":"BlessingOfTheForge"},{"floor":37,"key":"Fire Potion"},{"floor":38,"key":"Fire Potion"}],"is_trial":false,"path_per_floor":["M","?","M","?","M","R","E","R","T","$","E","M","?","M","R","B",null,"M","M","M","M","M","E","R","E","T","E","R","?","M","M","R","B",null,"M","M","M","M","$","R","E"],"character_chosen":"THE_SILENT","items_purchased":["Infinite Blades","Blade Dance","Dash","Pen Nib","Die Die Die","Omamori"],"campfire_rested":1,"item_purchase_floors":[10,10,10,39,39,39],"current_hp_per_floor":[63,63,63,63,63,63,36,36,36,36,36,34,34,32,32,23,55,54,48,48,47,46,37,37,18,18,18,36,36,24,24,62,49,63,62,42,42,21,21,42,0,0],"gold":225,"neow_bonus":"THREE_ENEMY_KILL","is_daily":false,"chose_seed":false,"campfire_upgraded":6,"win_rate":0.0,"timestamp":1609407420,"path_taken":["M","?","M","?","M","R","E","R","T","$","E","M","?","M","R","BOSS","M","M","M","M","M","E","R","E","T","E","R","?","?","M","R","BOSS","M","M","M","M","$","R","E"],"items_purchased_type":["Card","Card","Card","Relic","Card","Relic"],"build_version":"2020-12-22","purchased_purges":0,"victory":false,"max_hp_per_floor":[70,70,70,65,65,65,65,65,65,65,65,65,65,65,65,65,65,65,65,65,65,65,65,65,65,65,65,65,65,67,67,67,67,67,67,69,69,71,71,71,71,71],"relic_stats":{"Darkstone Periapt":0,"Torii":40,"Singing Bowl":6,"counters":[24,108],"Golden Idol":144,"Eternal Feather":57,"Pen Nib":[0],"Whetstone":["Slice","Strike_G"],"War Paint":["Defend_G","Deflect"],"Tough Bandages":[291],"Shuriken":[83],"Sundial":[10],"obtain_stats":[{"Darkstone Periapt":17,"NeowsBlessing":0,"Torii":11,"Singing Bowl":25,"Golden Idol":4,"Eternal Feather":26,"Pen Nib":39,"Omamori":39,"Whetstone":27,"War Paint":17,"White Beast Statue":23,"Calling Bell":17,"Tough Bandages":17,"Shuriken":7,"Sundial":9,"Philosopher\u0027s Stone":34,"Ring of the Snake":0},{"Darkstone Periapt":8,"NeowsBlessing":0,"Torii":5,"Singing Bowl":15,"Golden Idol":2,"Eternal Feather":15,"Pen Nib":23,"Omamori":23,"Whetstone":16,"War Paint":8,"White Beast Statue":14,"Calling Bell":8,"Tough Bandages":8,"Shuriken":4,"Sundial":4,"Philosopher\u0027s Stone":19,"Ring of the Snake":0},{"Darkstone Periapt":27,"NeowsBlessing":0,"Torii":14,"Singing Bowl":68,"Golden Idol":2,"Eternal Feather":68,"Pen Nib":106,"Omamori":106,"Whetstone":73,"War Paint":27,"White Beast Statue":58,"Calling Bell":27,"Tough Bandages":27,"Shuriken":8,"Sundial":8,"Philosopher\u0027s Stone":89,"Ring of the Snake":0}],"Ring of the Snake":[48]},"card_choices":[{"not_picked":["Deadly Poison","Acrobatics"],"picked":"Predator","floor":1.0},{"not_picked":["Dagger Spray","Poisoned Stab"],"picked":"Footwork","floor":3.0},{"not_picked":["Sucker Punch","Deadly Poison"],"picked":"Acrobatics","floor":5.0},{"not_picked":["Deflect","Dodge and Roll"],"picked":"Slice","floor":7.0},{"not_picked":["Sucker Punch","Doppelganger"],"picked":"Dagger Throw","floor":11.0},{"not_picked":["Poisoned Stab","Flying Knee"],"picked":"Deflect","floor":12.0},{"not_picked":["Flying Knee","Prepared"],"picked":"PiercingWail","floor":14.0},{"not_picked":["Doppelganger","Corpse Explosion"],"picked":"Storm of Steel","floor":16.0},{"not_picked":["Eviscerate","Deflect"],"picked":"Backflip","floor":18.0},{"not_picked":["Predator","PiercingWail"],"picked":"Accuracy+1","floor":19.0},{"not_picked":["Flechettes+1","Poisoned Stab+1"],"picked":"Choke","floor":20.0},{"not_picked":["Setup","Deflect"],"picked":"Backflip","floor":21.0},{"not_picked":["Underhanded Strike+1","Dagger Throw"],"picked":"Dagger Spray+1","floor":22.0},{"not_picked":["Reflex","Concentrate"],"picked":"Leg Sweep","floor":23.0},{"not_picked":["Calculated Gamble+1","Backstab"],"picked":"Adrenaline","floor":25.0},{"not_picked":["Concentrate","Backflip+1"],"picked":"Well Laid Plans+1","floor":27.0},{"not_picked":["Finisher","Choke","Caltrops"],"picked":"Singing Bowl","floor":30.0},{"not_picked":["Endless Agony","Caltrops"],"picked":"Blade Dance","floor":31.0},{"not_picked":["Doppelganger","Bullet Time"],"picked":"After Image","floor":33},{"not_picked":["Sucker Punch+1","Expertise"],"picked":"Cloak And Dagger+1","floor":35},{"not_picked":["Choke+1","Dagger Spray","Deadly Poison+1"],"picked":"Singing Bowl","floor":36},{"not_picked":["Acrobatics","Outmaneuver+1"],"picked":"PiercingWail+1","floor":37},{"not_picked":["Underhanded Strike","Expertise","Flying Knee+1"],"picked":"Singing Bowl","floor":38}],"player_experience":296593,"relics_obtained":[{"floor":7.0,"key":"Shuriken"},{"floor":9.0,"key":"Sundial"},{"floor":11.0,"key":"Torii"},{"floor":17.0,"key":"Darkstone Periapt"},{"floor":17.0,"key":"Tough Bandages"},{"floor":17.0,"key":"War Paint"},{"floor":23.0,"key":"White Beast Statue"},{"floor":25.0,"key":"Singing Bowl"},{"floor":26.0,"key":"Eternal Feather"},{"floor":27.0,"key":"Whetstone"}],"event_choices":[{"damage_healed":0.0,"max_hp_gain":0.0,"max_hp_loss":0.0,"gold_gain":0.0,"event_name":"Living Wall","player_choice":"Grow","floor":2.0,"gold_loss":0.0,"damage_taken":0.0,"cards_upgraded":["Neutralize"]},{"damage_healed":0.0,"max_hp_gain":0.0,"max_hp_loss":5.0,"gold_gain":0.0,"event_name":"Golden Idol","player_choice":"Lose Max HP","floor":4.0,"gold_loss":0.0,"damage_taken":0.0,"relics_obtained":["Golden Idol"]},{"damage_healed":0.0,"max_hp_gain":0.0,"max_hp_loss":0.0,"gold_gain":0.0,"event_name":"Lab","player_choice":"Got Potions","floor":13.0,"gold_loss":0.0,"damage_taken":0.0},{"damage_healed":0.0,"max_hp_gain":0.0,"max_hp_loss":0.0,"gold_gain":0.0,"event_name":"Accursed Blacksmith","player_choice":"Forge","floor":29.0,"gold_loss":0.0,"damage_taken":0.0,"cards_upgraded":["Infinite Blades"]}],"is_beta":false,"boss_relics":[{"not_picked":["SlaversCollar","Astrolabe"],"picked":"Calling Bell"},{"not_picked":["SacredBark","Runic Dome"],"picked":"Philosopher\u0027s Stone"}],"items_purged_floors":[],"is_endless":false,"potions_floor_spawned":[3,11,12,14,19,21,23,25,27,30,31,33,35,36,37,38],"killed_by":"Nemesis","ascension_level":9}}