{"host":"37dk0reb6x0du8wx","time":1609415093,"event":{"mods":["BaseMod","Colored Map","DeckTracker","Minty Spire (QoL Compilation)","Quick Restart","StSLib","SuperFastMode","The Dragon Tamer"],"gold_per_floor":[117,117,117,131,154,154,172,185,185,219,219,144,165,179,179,179,179],"floor_reached":16,"playtime":312,"items_purged":["Strike_B"],"score":103,"play_id":"5b46d21f-409e-4019-9883-16e0add7374a","local_time":"20201231204453","is_ascension_mode":true,"campfire_choices":[{"data":"Zap","floor":6,"key":"SMITH"},{"floor":11,"key":"REST"},{"floor":15,"key":"REST"}],"circlet_count":0,"master_deck":["Strike_B","Strike_B","Defend_B","Defend_B","Defend_B","Defend_B","Zap+1","Dualcast","Consume","Hyperbeam","Capacitor","Redo","Self Repair","Tempest","Leap"],"relics":["Cracked Core","NeowsBlessing","Golden Idol","Sundial","Odd Mushroom"],"acts_visited":["Exordium"],"potions_floor_usage":[16,16,16],"damage_taken":[{"damage":0,"enemies":"2 Louse","floor":1,"turns":1},{"damage":0,"enemies":"Cultist","floor":4,"turns":1},{"damage":0,"enemies":"Small Slimes","floor":5,"turns":1},{"damage":17,"enemies":"Looter","floor":7,"turns":4},{"damage":0,"enemies":"Gremlin Gang","floor":8,"turns":1},{"damage":0,"enemies":"The Mushroom Lair","floor":10,"turns":1},{"damage":12,"enemies":"Large Slime","floor":13,"turns":4},{"damage":28,"enemies":"Exordium Thugs","floor":14,"turns":4},{"damage":51,"enemies":"Hexaghost","floor":16,"turns":8}],"seed_played":"-7944628529507811382","potions_obtained":[{"floor":4,"key":"LiquidMemories"},{"floor":5,"key":"Fire Potion"},{"floor":7,"key":"Energy Potion"}],"is_trial":false,"path_per_floor":["M","?","?","M","M","R","M","M","T","?","R","$","M","M","R","B"],"character_chosen":"DEFECT","items_purchased":[],"campfire_rested":2,"item_purchase_floors":[],"current_hp_per_floor":[75,57,57,57,57,57,40,40,40,40,62,62,50,29,51,0,0],"gold":179,"neow_bonus":"THREE_ENEMY_KILL","is_daily":false,"chose_seed":false,"campfire_upgraded":1,"win_rate":0.0,"timestamp":1609415093,"path_taken":["M","?","?","?","M","R","?","M","T","?","R","$","M","M","R","BOSS"],"items_purchased_type":[],"build_version":"2020-12-22","purchased_purges":1,"victory":false,"max_hp_per_floor":[75,75,75,75,75,75,75,75,75,75,75,75,75,75,75,75,75],"card_choices":[{"not_picked":["Ball Lightning","Go for the Eyes"],"picked":"Consume","floor":1},{"not_picked":["Lockon","Reinforced Body"],"picked":"Capacitor","floor":4},{"not_picked":["Stack","Turbo"],"picked":"Redo","floor":5},{"not_picked":["Hologram","Beam Cell"],"picked":"Self Repair","floor":7},{"not_picked":["Stack","Gash"],"picked":"Tempest","floor":8},{"not_picked":["Self Repair","Lockon"],"picked":"Leap","floor":10},{"not_picked":["Leap","Steam","Hologram"],"picked":"SKIP","floor":13},{"not_picked":["Leap","Static Discharge","Sunder"],"picked":"SKIP","floor":14}],"player_experience":107224,"relics_obtained":[{"floor":9,"key":"Sundial"},{"floor":10,"key":"Odd Mushroom"}],"event_choices":[{"damage_healed":0,"gold_gain":0,"player_choice":"Take Damage","damage_taken":18,"relics_obtained":["Golden Idol"],"max_hp_gain":0,"max_hp_loss":0,"event_name":"Golden Idol","floor":2,"gold_loss":0},{"damage_healed":0,"gold_gain":0,"cards_transformed":["Strike_B"],"player_choice":"Transformed","damage_taken":0,"max_hp_gain":0,"max_hp_loss":0,"event_name":"Transmorgrifier","floor":3,"gold_loss":0,"cards_obtained":["Hyperbeam"]},{"damage_healed":0,"gold_gain":0,"player_choice":"Fought Mushrooms","damage_taken":0,"max_hp_gain":0,"max_hp_loss":0,"event_name":"Mushrooms","floor":10,"gold_loss":0}],"is_beta":false,"boss_relics":[],"items_purged_floors":[12],"is_endless":false,"potions_floor_spawned":[4,5,7,8,14],"killed_by":"Hexaghost","ascension_level":2}}