{"host":"873t0y8ybyo38pfq","time":1609448190,"event":{"mods":["BaseMod","Bestiary","Colored Map","Colored Powertips","Highlight Path","Minty Spire (QoL Compilation)","Quick Restart","RNG Fix","Rare Cards Sparkle","Relic Stats","StSLib"],"gold_per_floor":[117,1,17,17,92,92,111,132,158,188,188,206,206,218,218,289,289,304,304,304,320,320,320],"floor_reached":22,"playtime":506,"items_purged":["Strike_B"],"score":393,"play_id":"d8b21574-f1d1-4d0c-b28c-413ba134cfb9","local_time":"20201231155630","is_ascension_mode":true,"campfire_choices":[{"data":"Darkness","floor":6,"key":"SMITH"},{"floor":11,"key":"REST"},{"floor":13,"key":"REST"},{"floor":15,"key":"REST"}],"circlet_count":0,"master_deck":["AscendersBane","Defend_B","Defend_B","Defend_B","Defend_B","Zap","Dualcast","Conserve Battery","Lockon","Darkness+1","Conserve Battery","Consume","Go for the Eyes","Conserve Battery","Hello World","Core Surge","Bite","Bite","Bite","Bite","Bite","Leap"],"relics":["Cracked Core","NeowsBlessing","Odd Mushroom","Akabeko","Bag of Marbles","Coffee Dripper"],"acts_visited":["Exordium","TheCity"],"potions_floor_usage":[10,16,18,22],"damage_taken":[{"damage":0,"enemies":"2 Louse","floor":1,"turns":1},{"damage":0,"enemies":"Jaw Worm","floor":3,"turns":1},{"damage":0,"enemies":"Cultist","floor":7,"turns":1},{"damage":14,"enemies":"The Mushroom Lair","floor":8,"turns":5},{"damage":34,"enemies":"3 Sentries","floor":10,"turns":8},{"damage":18,"enemies":"Exordium Wildlife","floor":12,"turns":3},{"damage":7,"enemies":"Looter","floor":14,"turns":3},{"damage":39,"enemies":"The Guardian","floor":16,"turns":12},{"damage":6,"enemies":"Spheric Guardian","floor":18,"turns":5},{"damage":28,"enemies":"Chosen","floor":21,"turns":6},{"damage":20,"enemies":"Centurion and Healer","floor":22,"turns":2}],"seed_played":"-8883008928313456937","potions_obtained":[{"floor":1,"key":"Dexterity Potion"},{"floor":4,"key":"Energy Potion"},{"floor":16,"key":"EssenceOfSteel"},{"floor":21,"key":"SkillPotion"}],"is_trial":false,"path_per_floor":["M","$","M","?","?","R","M","?","T","E","R","M","R","M","R","B",null,"M","?","?","M","M"],"character_chosen":"DEFECT","items_purchased":["Lockon"],"campfire_rested":3,"item_purchase_floors":[2],"current_hp_per_floor":[64,64,64,64,53,53,53,39,39,5,26,8,29,22,43,4,54,48,28,28,12,0,0],"gold":320,"neow_bonus":"THREE_ENEMY_KILL","is_daily":false,"chose_seed":false,"campfire_upgraded":1,"win_rate":0.0,"timestamp":1609448190,"path_taken":["M","$","M","?","?","R","?","?","T","E","R","M","R","?","R","BOSS","M","?","?","M","M"],"items_purchased_type":["Card"],"build_version":"2020-12-22","purchased_purges":1,"victory":false,"max_hp_per_floor":[71,71,71,71,71,71,71,71,71,71,71,71,71,71,71,71,71,71,76,53,53,53,53],"relic_stats":{"counters":[11,47],"obtain_stats":[{"NeowsBlessing":0,"Bag of Marbles":10,"Coffee Dripper":17,"Odd Mushroom":8,"Cracked Core":0,"Akabeko":9},{"NeowsBlessing":0,"Bag of Marbles":5,"Coffee Dripper":8,"Odd Mushroom":4,"Cracked Core":0,"Akabeko":4},{"NeowsBlessing":0,"Bag of Marbles":16,"Coffee Dripper":34,"Odd Mushroom":8,"Cracked Core":0,"Akabeko":8}]},"card_choices":[{"not_picked":["Melter","Chill"],"picked":"Conserve Battery","floor":1},{"not_picked":["Rebound","Sweeping Beam"],"picked":"Darkness","floor":3},{"not_picked":["Hologram","Go for the Eyes"],"picked":"Conserve Battery","floor":7},{"not_picked":["Coolheaded","Ball Lightning"],"picked":"Consume","floor":8},{"not_picked":["Heatsinks","Electrodynamics"],"picked":"Go for the Eyes","floor":10},{"not_picked":["Heatsinks","Tempest"],"picked":"Conserve Battery","floor":12},{"not_picked":["Turbo","Rebound"],"picked":"Hello World","floor":14},{"not_picked":["Meteor Strike","Amplify"],"picked":"Core Surge","floor":16},{"not_picked":["Streamline","Gash","Sunder"],"picked":"SKIP","floor":18},{"not_picked":["Consume","Gash"],"picked":"Leap","floor":21}],"player_experience":1451960,"relics_obtained":[{"floor":8,"key":"Odd Mushroom"},{"floor":9,"key":"Akabeko"},{"floor":10,"key":"Bag of Marbles"}],"event_choices":[{"damage_healed":0,"gold_gain":0,"player_choice":"Got Potions","damage_taken":0,"max_hp_gain":0,"max_hp_loss":0,"event_name":"Lab","floor":4,"gold_loss":0},{"damage_healed":0,"gold_gain":75,"player_choice":"Gather Gold","damage_taken":11,"max_hp_gain":0,"max_hp_loss":0,"event_name":"World of Goop","floor":5,"gold_loss":0},{"damage_healed":0,"gold_gain":0,"player_choice":"Fought Mushrooms","damage_taken":0,"max_hp_gain":0,"max_hp_loss":0,"event_name":"Mushrooms","floor":8,"gold_loss":0},{"damage_healed":0,"gold_gain":0,"player_choice":"Shed Blood","damage_taken":25,"max_hp_gain":5,"max_hp_loss":0,"event_name":"Forgotten Altar","floor":19,"gold_loss":0},{"damage_healed":0,"gold_gain":0,"player_choice":"Became a vampire","damage_taken":0,"max_hp_gain":0,"max_hp_loss":23,"event_name":"Vampires","floor":20,"gold_loss":0,"cards_obtained":["Bite","Bite","Bite","Bite","Bite"]}],"is_beta":false,"boss_relics":[{"not_picked":["Calling Bell","Ectoplasm"],"picked":"Coffee Dripper"}],"items_purged_floors":[2],"is_endless":false,"potions_floor_spawned":[1,16,21],"killed_by":"Centurion and Healer","ascension_level":20}}