{"host":"tjq6rykv202u6iqx","time":1609379305,"event":{"mods":["AchievementEnabler","BaseMod","Minty Spire (QoL Compilation)","Rare Cards Sparkle","Relic Stats"],"gold_per_floor":[214,35,46,64,78,104,118,147,172,172,192,192,217,240,240,316,316,327,345,50,100,110,110,142,157,182,217,217,217,231,331,331,408,408,421,434,215,215,215,215,234,269,269,303,172,191,208,228,228,228,228,228,47,76,76,76],"floor_reached":55,"playtime":7009,"items_purged":["SandsOfTime","Strike_P","FlyingSleeves","Strike_P"],"score":1832,"play_id":"48d0b590-fc5e-4db4-ada5-e0e0a475a03f","local_time":"20201230194825","is_ascension_mode":true,"campfire_choices":[{"data":"EmptyFist","floor":10.0,"key":"SMITH"},{"data":"Eruption","floor":12.0,"key":"SMITH"},{"data":"Tantrum","floor":15.0,"key":"SMITH"},{"data":"Vault","floor":23.0,"key":"SMITH"},{"floor":28.0,"key":"REST"},{"data":"FlurryOfBlows","floor":32.0,"key":"SMITH"},{"data":"Scrawl","floor":40.0,"key":"SMITH"},{"floor":49,"key":"RECALL"},{"data":"DeusExMachina","floor":52,"key":"SMITH"}],"circlet_count":0,"master_deck":["AscendersBane","Strike_P","Defend_P+1","Defend_P+1","Eruption+1","Vigilance","SashWhip","WheelKick","FearNoEvil","FlurryOfBlows+1","EmptyFist+1","Indignation","DeusExMachina","Tantrum+1","MasterReality","DeceiveReality+1","SignatureMove+1","Ragnarok+1","Vault+1","DeusExMachina+1","Scrawl+1","Violence","Adaptation","ForeignInfluence+1","Panacea","Fasting2"],"relics":["PureWater","War Paint","Dead Branch","Smiling Mask","Centennial Puzzle","Odd Mushroom","Astrolabe","Toolbox","Omamori","PreservedInsect","FaceOfCleric","Mango","Pantograph","Coffee Dripper","ClockworkSouvenir","Vajra","GoldenEye","Blood Vial","Lantern"],"acts_visited":["Exordium","TheCity","TheBeyond","TheEnding"],"potions_floor_usage":[55,55],"damage_taken":[{"damage":4.0,"enemies":"Jaw Worm","floor":1.0,"turns":5.0},{"damage":6.0,"enemies":"2 Louse","floor":3.0,"turns":3.0},{"damage":0.0,"enemies":"Cultist","floor":4.0,"turns":2.0},{"damage":16.0,"enemies":"Large Slime","floor":5.0,"turns":6.0},{"damage":5.0,"enemies":"3 Sentries","floor":6.0,"turns":4.0},{"damage":14.0,"enemies":"Lots of Slimes","floor":7.0,"turns":3.0},{"damage":0.0,"enemies":"Gremlin Nob","floor":8.0,"turns":2.0},{"damage":0.0,"enemies":"Looter","floor":11.0,"turns":2.0},{"damage":0.0,"enemies":"Lagavulin","floor":13.0,"turns":4.0},{"damage":0.0,"enemies":"The Mushroom Lair","floor":14.0,"turns":2.0},{"damage":0.0,"enemies":"Slime Boss","floor":16.0,"turns":2.0},{"damage":11.0,"enemies":"2 Thieves","floor":18.0,"turns":3.0},{"damage":2.0,"enemies":"Chosen","floor":19.0,"turns":4.0},{"damage":18.0,"enemies":"Snake Plant","floor":22.0,"turns":4.0},{"damage":4.0,"enemies":"Book of Stabbing","floor":24.0,"turns":2.0},{"damage":0.0,"enemies":"Centurion and Healer","floor":25.0,"turns":3.0},{"damage":8.0,"enemies":"Slavers","floor":27.0,"turns":6.0},{"damage":0.0,"enemies":"Cultist and Chosen","floor":30.0,"turns":1.0},{"damage":8.0,"enemies":"Colosseum Slavers","floor":31.0,"turns":2.0},{"damage":0.0,"enemies":"Colosseum Nobs","floor":31.0,"turns":2.0},{"damage":0.0,"enemies":"Automaton","floor":33.0,"turns":5.0},{"damage":0.0,"enemies":"3 Darklings","floor":35.0,"turns":1.0},{"damage":3.0,"enemies":"3 Shapes","floor":36.0,"turns":5.0},{"damage":0.0,"enemies":"Spire Growth","floor":41.0,"turns":2.0},{"damage":0.0,"enemies":"Giant Head","floor":42.0,"turns":3.0},{"damage":1.0,"enemies":"Reptomancer","floor":44.0,"turns":2.0},{"damage":0.0,"enemies":"Sphere and 2 Shapes","floor":46.0,"turns":5.0},{"damage":0.0,"enemies":"Jaw Worm Horde","floor":47.0,"turns":2.0},{"damage":4,"enemies":"Writhing Mass","floor":48,"turns":5},{"damage":16,"enemies":"Donu and Deca","floor":50,"turns":4},{"damage":8,"enemies":"Shield and Spear","floor":54,"turns":3},{"damage":122,"enemies":"The Heart","floor":55,"turns":6}],"seed_played":"4817202047247239248","potions_obtained":[{"floor":3.0,"key":"Strength Potion"},{"floor":6.0,"key":"Strength Potion"},{"floor":11.0,"key":"Block Potion"},{"floor":13.0,"key":"Strength Potion"},{"floor":16.0,"key":"LiquidMemories"},{"floor":22.0,"key":"Swift Potion"},{"floor":30.0,"key":"SneckoOil"},{"floor":31.0,"key":"GamblersBrew"}],"is_trial":false,"path_per_floor":["M","$","M","M","M","E","M","E","T","R","M","R","E","?","R","B",null,"M","M","$","?","M","R","E","M","T","E","R","?","M","?","R","B",null,"M","M","$","?","?","R","M","E","T","E","$","M","M","M","R","B",null,"R","$","E","B"],"character_chosen":"WATCHER","items_purchased":["WheelKick","AttackPotion","FearNoEvil","Vault","Toolbox","ClockworkSouvenir","Adaptation","Panacea","Fasting2"],"campfire_rested":1,"item_purchase_floors":[2,2,2,20,20,37,45,53,53],"current_hp_per_floor":[57,57,51,51,35,30,16,16,16,16,16,16,16,16,16,16,55,44,42,42,42,24,24,20,20,20,12,32,32,33,41,41,67,81,82,80,80,80,75,75,76,77,77,77,77,80,83,82,82,79,91,91,91,86,0,0],"gold":76,"neow_bonus":"HUNDRED_GOLD","is_daily":false,"chose_seed":false,"campfire_upgraded":7,"win_rate":0.0,"timestamp":1609379305,"path_taken":["M","$","M","M","M","E","M","E","T","R","M","R","E","?","R","BOSS","M","M","$","?","?","R","E","M","T","E","R","?","?","?","R","BOSS","M","M","$","?","?","R","M","E","T","E","$","M","M","M","R","BOSS","R","$","E","BOSS"],"items_purchased_type":["Card","Potion","Card","Card","Relic","Relic","Card","Card","Card"],"build_version":"2020-12-22","purchased_purges":4,"victory":false,"max_hp_per_floor":[68,68,68,68,68,68,68,68,68,68,68,68,68,68,68,68,68,68,68,68,68,68,68,68,68,68,68,68,68,69,85,85,86,86,87,88,88,88,88,88,89,90,90,91,91,92,93,94,94,95,95,95,95,96,96,96],"relic_stats":{"Blood Vial":12,"Centennial Puzzle":[40],"FaceOfCleric":14,"counters":[32,105],"Dead Branch":[226],"Astrolabe":["DeceiveReality","SignatureMove","Ragnarok"],"Pantograph":43,"PreservedInsect":306,"War Paint":["Defend_P","Defend_P"],"Smiling Mask":250,"GoldenEye":[14],"obtain_stats":[{"Lantern":54,"Dead Branch":8,"Astrolabe":17,"Vajra":42,"Mango":31,"PreservedInsect":27,"Omamori":24,"War Paint":6,"Odd Mushroom":14,"Smiling Mask":9,"GoldenEye":43,"ClockworkSouvenir":37,"Blood Vial":44,"Centennial Puzzle":13,"FaceOfCleric":29,"Pantograph":31,"Toolbox":20,"Coffee Dripper":34,"PureWater":0},{"Lantern":31,"Dead Branch":7,"Astrolabe":11,"Vajra":25,"Mango":20,"PreservedInsect":17,"Omamori":15,"War Paint":5,"Odd Mushroom":10,"Smiling Mask":7,"GoldenEye":25,"ClockworkSouvenir":23,"Blood Vial":26,"Centennial Puzzle":9,"FaceOfCleric":17,"Pantograph":20,"Toolbox":13,"Coffee Dripper":21,"PureWater":0},{"Lantern":99,"Dead Branch":25,"Astrolabe":35,"Vajra":78,"Mango":62,"PreservedInsect":57,"Omamori":48,"War Paint":20,"Odd Mushroom":33,"Smiling Mask":25,"GoldenEye":78,"ClockworkSouvenir":73,"Blood Vial":80,"Centennial Puzzle":31,"FaceOfCleric":57,"Pantograph":62,"Toolbox":42,"Coffee Dripper":67,"PureWater":0}]},"card_choices":[{"not_picked":["PathToVictory","MentalFortress"],"picked":"SashWhip","floor":1.0},{"not_picked":["WreathOfFlame","Sanctity"],"picked":"FlurryOfBlows","floor":3.0},{"not_picked":["Study","Prostrate"],"picked":"FlyingSleeves","floor":4.0},{"not_picked":["FlyingSleeves","Protect"],"picked":"SandsOfTime","floor":5.0},{"not_picked":["WindmillStrike","Conclude"],"picked":"EmptyFist","floor":6.0},{"not_picked":["EmptyFist","ClearTheMind"],"picked":"Indignation","floor":7.0},{"not_picked":["BowlingBash","Fasting2"],"picked":"DeusExMachina","floor":8.0},{"not_picked":["EmptyBody","Weave","FlurryOfBlows"],"picked":"SKIP","floor":11.0},{"not_picked":["EmptyBody","CutThroughFate","FlurryOfBlows"],"picked":"SKIP","floor":13.0},{"not_picked":["Vengeance","ThirdEye"],"picked":"Tantrum","floor":14.0},{"not_picked":["Vault","Omniscience"],"picked":"MasterReality","floor":16.0},{"not_picked":["Protect","JustLucky","CutThroughFate"],"picked":"SKIP","floor":18.0},{"not_picked":["Indignation","SashWhip","ClearTheMind"],"picked":"SKIP","floor":19.0},{"not_picked":["Prostrate+1","CrushJoints","WreathOfFlame"],"picked":"SKIP","floor":22.0},{"not_picked":["ThirdEye","ReachHeaven+1","Omniscience"],"picked":"SKIP","floor":24.0},{"not_picked":["MentalFortress","ReachHeaven","Consecrate"],"picked":"SKIP","floor":25.0},{"not_picked":["Evaluate","SashWhip+1"],"picked":"DeusExMachina","floor":27.0},{"not_picked":["BowlingBash","Prostrate","Protect"],"picked":"SKIP","floor":30.0},{"not_picked":["BowlingBash","Prostrate","Protect"],"picked":"SKIP","floor":30.0},{"not_picked":["LessonLearned","Blasphemy"],"picked":"Scrawl","floor":33.0},{"not_picked":["Crescendo","BowlingBash+1","WheelKick"],"picked":"SKIP","floor":35.0},{"not_picked":["Vengeance","CrushJoints","EmptyFist"],"picked":"SKIP","floor":36.0},{"not_picked":["HandOfGreed","Flash of Steel"],"picked":"Violence","floor":39.0},{"not_picked":["Protect","Worship","EmptyBody"],"picked":"SKIP","floor":41.0},{"not_picked":["EmptyFist","WaveOfTheHand","WheelKick+1"],"picked":"SKIP","floor":42.0},{"not_picked":["Blasphemy","WindmillStrike","CutThroughFate"],"picked":"SKIP","floor":44.0},{"not_picked":["Protect","Indignation+1","FlurryOfBlows"],"picked":"SKIP","floor":46.0},{"not_picked":["Prostrate","WreathOfFlame","SashWhip+1"],"picked":"SKIP","floor":47.0},{"not_picked":["EmptyFist","FollowUp"],"picked":"ForeignInfluence+1","floor":48},{"not_picked":["ReachHeaven+1","SandsOfTime","Indignation"],"picked":"SKIP","floor":54}],"player_experience":792292,"relics_obtained":[{"floor":6.0,"key":"War Paint"},{"floor":8.0,"key":"Dead Branch"},{"floor":9.0,"key":"Smiling Mask"},{"floor":13.0,"key":"Centennial Puzzle"},{"floor":14.0,"key":"Odd Mushroom"},{"floor":24.0,"key":"Omamori"},{"floor":27.0,"key":"PreservedInsect"},{"floor":31.0,"key":"Mango"},{"floor":31.0,"key":"Pantograph"},{"floor":42.0,"key":"Vajra"},{"floor":43.0,"key":"GoldenEye"},{"floor":44.0,"key":"Blood Vial"},{"floor":54,"key":"Lantern"}],"event_choices":[{"damage_healed":0.0,"max_hp_gain":0.0,"max_hp_loss":0.0,"gold_gain":0.0,"event_name":"Mushrooms","player_choice":"Fought Mushrooms","floor":14.0,"gold_loss":0.0,"damage_taken":0.0},{"damage_healed":0.0,"max_hp_gain":0.0,"max_hp_loss":0.0,"gold_gain":100.0,"event_name":"The Joust","player_choice":"Bet on Murderer","floor":21.0,"gold_loss":50.0,"damage_taken":0.0},{"damage_healed":0.0,"max_hp_gain":0.0,"max_hp_loss":0.0,"gold_gain":0.0,"event_name":"FaceTrader","player_choice":"Trade","floor":29.0,"gold_loss":0.0,"damage_taken":0.0,"relics_obtained":["FaceOfCleric"]},{"damage_healed":0.0,"max_hp_gain":0.0,"max_hp_loss":0.0,"gold_gain":0.0,"event_name":"Colosseum","player_choice":"Fight","floor":31.0,"gold_loss":0.0,"damage_taken":0.0},{"damage_healed":0.0,"max_hp_gain":0.0,"max_hp_loss":0.0,"gold_gain":0.0,"event_name":"Colosseum","player_choice":"Fought Nobs","floor":31.0,"gold_loss":0.0,"damage_taken":0.0},{"damage_healed":0.0,"max_hp_gain":0.0,"max_hp_loss":0.0,"gold_gain":0.0,"event_name":"Tomb of Lord Red Mask","player_choice":"Ignored","floor":38.0,"gold_loss":0.0,"damage_taken":0.0},{"damage_healed":0.0,"max_hp_gain":0.0,"max_hp_loss":0.0,"gold_gain":0.0,"event_name":"SensoryStone","player_choice":"Memory 2","floor":39.0,"gold_loss":0.0,"damage_taken":5.0}],"is_beta":false,"boss_relics":[{"not_picked":["Runic Pyramid","Calling Bell"],"picked":"Astrolabe"},{"not_picked":["Philosopher\u0027s Stone","Sozu"],"picked":"Coffee Dripper"}],"items_purged_floors":[20,37,45,53],"is_endless":false,"potions_floor_spawned":[3,6,11,13,16,22,24,30,31,41,42,44,54],"killed_by":"The Heart","ascension_level":19}}