{"host":"359hz4210ybch7ku","time":1609451851,"event":{"mods":["BaseMod","Block Reminder","Colored Map","Colored Powertips","Highlight Path","Minty Spire (QoL Compilation)","Slay the Relics Exporter","StSLib"],"gold_per_floor":[363,363,6,23,40,40,70,83,83,83,108,156,17,39,39,171,171,205,205,237,246,270,270,270,270],"floor_reached":24,"playtime":2074,"items_purged":["Strike_P","Strike_P"],"score":208,"play_id":"0613d0cf-c3ca-4214-b8d3-661fb53859c5","local_time":"20201231135731","is_ascension_mode":false,"campfire_choices":[{"data":"BattleHymn","floor":6,"key":"SMITH"},{"floor":15,"key":"REST"},{"data":"Establishment","floor":23,"key":"SMITH"}],"circlet_count":0,"master_deck":["Strike_P","Strike_P","Defend_P","Defend_P","Defend_P","Defend_P","Eruption","Vigilance","BattleHymn+1","FollowUp","FollowUp","BattleHymn","Adaptation","LikeWater","InnerPeace","EmptyBody","Evaluate","FearNoEvil","Establishment+1","EmptyFist","FlyingSleeves","RitualDagger"],"relics":["HolyWater","Boot","Vajra","Kunai","CeramicFish","Golden Idol","Oddly Smooth Stone"],"acts_visited":["Exordium","TheCity"],"potions_floor_usage":[16,16,20,20,24],"damage_taken":[{"damage":1,"enemies":"Jaw Worm","floor":1,"turns":3},{"damage":0,"enemies":"Cultist","floor":4,"turns":2},{"damage":0,"enemies":"2 Louse","floor":5,"turns":2},{"damage":7,"enemies":"Gremlin Nob","floor":7,"turns":3},{"damage":17,"enemies":"Large Slime","floor":8,"turns":5},{"damage":9,"enemies":"3 Louse","floor":11,"turns":3},{"damage":26,"enemies":"3 Sentries","floor":12,"turns":7},{"damage":0,"enemies":"Looter","floor":14,"turns":5},{"damage":2,"enemies":"Hexaghost","floor":16,"turns":7},{"damage":0,"enemies":"3 Byrds","floor":18,"turns":4},{"damage":0,"enemies":"Spheric Guardian","floor":20,"turns":3},{"damage":16,"enemies":"Centurion and Healer","floor":22,"turns":5},{"damage":45,"enemies":"Slavers","floor":24,"turns":2}],"seed_played":"-5459573758188702383","potions_obtained":[{"floor":8,"key":"BlessingOfTheForge"},{"floor":12,"key":"DistilledChaos"},{"floor":14,"key":"DuplicationPotion"},{"floor":16,"key":"SneckoOil"},{"floor":18,"key":"ColorlessPotion"}],"is_trial":false,"path_per_floor":["M","?","$","M","M","R","E","M","T","?","M","E","$","M","R","B",null,"M","?","M","?","M","R","E"],"character_chosen":"WATCHER","items_purchased":["Vajra","BattleHymn","FollowUp","Evaluate"],"campfire_rested":1,"item_purchase_floors":[3,3,3,13],"current_hp_per_floor":[64,64,64,64,64,64,57,40,40,40,31,5,5,5,23,21,60,60,60,60,54,38,38,0,0],"gold":270,"neow_bonus":"TWO_FIFTY_GOLD","is_daily":false,"chose_seed":false,"campfire_upgraded":2,"win_rate":0.0,"timestamp":1609451851,"path_taken":["M","?","$","M","M","R","E","?","T","?","M","E","$","M","R","BOSS","M","?","M","?","M","R","E"],"items_purchased_type":["Relic","Card","Card","Card"],"build_version":"2020-12-22","purchased_purges":2,"victory":false,"max_hp_per_floor":[65,65,65,65,65,65,65,65,65,60,60,60,60,60,60,60,60,60,60,60,60,60,60,60,60],"card_choices":[{"not_picked":["Halt","Swivel"],"picked":"EmptyBody","floor":1},{"not_picked":["Prostrate","Protect"],"picked":"FollowUp","floor":4},{"not_picked":["Prostrate","Worship"],"picked":"BattleHymn","floor":5},{"not_picked":["FlurryOfBlows","InnerPeace"],"picked":"Adaptation","floor":7},{"not_picked":["ThirdEye","Brilliance"],"picked":"LikeWater","floor":8},{"not_picked":["Nirvana","JustLucky"],"picked":"InnerPeace","floor":11},{"not_picked":["JustLucky","CutThroughFate"],"picked":"EmptyBody","floor":12},{"not_picked":["ReachHeaven","Protect"],"picked":"FearNoEvil","floor":14},{"not_picked":["DeusExMachina","Vault"],"picked":"Establishment","floor":16},{"not_picked":["SashWhip","PathToVictory"],"picked":"EmptyFist","floor":18},{"not_picked":["BattleHymn","Evaluate"],"picked":"FlyingSleeves","floor":20},{"not_picked":["Collect+1","JustLucky","EmptyFist"],"picked":"SKIP","floor":22}],"player_experience":104294,"relics_obtained":[{"floor":7,"key":"Kunai"},{"floor":9,"key":"CeramicFish"},{"floor":12,"key":"Oddly Smooth Stone"}],"event_choices":[{"cards_removed":["EmptyBody"],"damage_healed":0,"gold_gain":0,"player_choice":"Gave Card","damage_taken":0,"relics_obtained":["Boot"],"max_hp_gain":0,"max_hp_loss":0,"event_name":"WeMeetAgain","floor":2,"gold_loss":0},{"damage_healed":0,"gold_gain":0,"player_choice":"Lose Max HP","damage_taken":0,"relics_obtained":["Golden Idol"],"max_hp_gain":0,"max_hp_loss":5,"event_name":"Golden Idol","floor":10,"gold_loss":0},{"damage_healed":0,"gold_gain":0,"player_choice":"Ignored","damage_taken":0,"max_hp_gain":0,"max_hp_loss":0,"event_name":"Ghosts","floor":19,"gold_loss":0},{"damage_healed":0,"gold_gain":0,"player_choice":"Joined the Cult","damage_taken":6,"max_hp_gain":0,"max_hp_loss":0,"event_name":"Nest","floor":21,"gold_loss":0,"cards_obtained":["RitualDagger"]}],"is_beta":false,"boss_relics":[{"not_picked":["Coffee Dripper","Calling Bell"],"picked":"HolyWater"}],"items_purged_floors":[3,13],"is_endless":false,"potions_floor_spawned":[8,12,14,16,18],"killed_by":"Slavers","ascension_level":0}}