{"host":"w1xj5yb993x94b3l","time":1609424842,"event":{"mods":["AchievementEnabler","Act Like it!","Aspiration","BaseMod","Beaked The Cultist","BetterRewards","CCEM","Clockwork Mod","Colored Powertips","Conspire","Downfall","Energized Spire","Friendly Minions","GifTheSpireLib","Glutton Mod","Halation","Hubris","Infinite Spire","Lobotomy","LobotomyExtend","Mad Scientist","Marisa????????","Minty Spire (QoL Compilation)","Relic Sorter","Replay The Spire","Slumbering Mod","Spikes Relics","StSLib","Stuff the Spire","The Bladedancer","The Construct","The Disciple","The Jungle","The Mystic","The Runesmith","The Sage","The Servant 0.9.4","Trackpad","vexMod"],"gold_per_floor":[117,132,132,132,145,145,157,157,157],"floor_reached":8,"playtime":857,"items_purged":[],"score":55,"play_id":"a9800b69-22da-4fa9-92e2-824f1c49311a","local_time":"20201231152722","is_ascension_mode":true,"campfire_choices":[{"data":"construct:ForceCore+1","floor":6,"key":"SMITH"}],"circlet_count":0,"master_deck":["construct:Strike_Gold","construct:Strike_Gold","construct:Strike_Gold","construct:Strike_Gold","construct:Strike_Gold","construct:Defend_Gold","construct:Defend_Gold","construct:Defend_Gold","construct:Defend_Gold","construct:Defend_Gold","construct:AttackMode","construct:DefenseMode","Defend_P","champ:Taunt","Reforge","construct:ForceCore+2","construct:Disrupt","construct:FierceBash","construct:PowerUp"],"relics":["construct:ClockworkPhoenix","construct:Challenge1","LetterFromLob","hubris:TinFlute"],"acts_visited":["Exordium"],"potions_floor_usage":[7],"damage_taken":[{"damage":11,"enemies":"Jaw Worm","floor":1,"turns":15},{"damage":3,"enemies":"Small Slimes","floor":2,"turns":7},{"damage":1,"enemies":"2 Louse","floor":5,"turns":4},{"damage":8,"enemies":"Red Slaver","floor":7,"turns":6},{"damage":67,"enemies":"3 Sentries","floor":8,"turns":16}],"seed_played":"-6275755701264403089","potions_obtained":[{"floor":2,"key":"construct:ShiftPotion"},{"floor":5,"key":"AttackPotion"}],"is_trial":false,"path_per_floor":["M","M","?","T","M","R","M","E"],"character_chosen":"THE_CONSTRUCT_MOD","items_purchased":[],"campfire_rested":0,"item_purchase_floors":[],"current_hp_per_floor":[77,74,74,74,73,73,65,0,0],"gold":157,"neow_bonus":"RANDOM_COLORLESS_2","is_daily":false,"chose_seed":false,"campfire_upgraded":1,"win_rate":0.0,"timestamp":1609424842,"path_taken":["M","M","?","?","M","R","M","E"],"items_purchased_type":[],"build_version":"2020-12-22","purchased_purges":0,"victory":false,"max_hp_per_floor":[85,85,85,85,85,85,85,85,85],"card_choices":[{"not_picked":["Secret Technique","expansioncontent:StudyTheSpire"],"picked":"Reforge","floor":0},{"not_picked":["construct:SuppressiveFire","construct:PowerUp"],"picked":"construct:ForceCore","floor":1},{"not_picked":["construct:Analyze","construct:ModeShift"],"picked":"construct:Disrupt","floor":2},{"not_picked":["construct:Boost","construct:HeavyBolt"],"picked":"construct:FierceBash","floor":5},{"not_picked":["construct:Overcharge","construct:FlameCore"],"picked":"construct:PowerUp","floor":7}],"player_experience":229793,"relics_obtained":[{"floor":1,"key":"LetterFromLob"},{"floor":4,"key":"hubris:TinFlute"}],"event_choices":[],"is_beta":false,"boss_relics":[],"items_purged_floors":[],"is_endless":false,"potions_floor_spawned":[2,5],"killed_by":"3 Sentries","ascension_level":3}}