{"host":"akjsb4vg7478j4ls","time":1609437911,"event":{"mods":["BaseMod","Colored Powertips","Minty Spire (QoL Compilation)","Rare Cards Sparkle"],"gold_per_floor":[116,116,127,127,127,162,162,7,7,20,20,48,63,63,63,192,192,211,225,16,40,40,40,64,102,102,102,123,73,73,73,73,199,199,219,242,242,87,103,103,116,116,143,158,221,221,234,295,295,295,295],"floor_reached":50,"playtime":2284,"items_purged":[],"score":620,"play_id":"1c59a71b-59b6-4b09-8576-17ac0b232d82","local_time":"20201231160511","is_ascension_mode":false,"campfire_choices":[{"data":"Inflame","floor":7,"key":"SMITH"},{"data":"Infernal Blade","floor":11,"key":"SMITH"},{"data":"1","floor":15,"key":"LIFT"},{"floor":23,"key":"REST"},{"data":"2","floor":27,"key":"LIFT"},{"data":"3","floor":30,"key":"LIFT"},{"data":"Limit Break","floor":32,"key":"SMITH"},{"floor":40,"key":"REST"},{"floor":42,"key":"REST"},{"floor":49,"key":"REST"}],"circlet_count":0,"master_deck":["Strike_R+1","Strike_R","Strike_R","Strike_R","Strike_R","Defend_R","Defend_R","Defend_R","Defend_R+1","Bash","Inflame+1","Sentinel","Second Wind","Infernal Blade+1","Limit Break+1","Pommel Strike+1","Injury","Berserk","Heavy Blade+1","Shrug It Off","Spot Weakness","Clothesline+1","Perfected Strike","Regret","Heavy Blade","Wild Strike","Demon Form","CurseOfTheBell","Dark Embrace+1","Seeing Red+1","Limit Break+1","Twin Strike+1","Uppercut+1","Twin Strike+1","Armaments","Writhe","Sever Soul+1","Clothesline+1"],"relics":["Burning Blood","NeowsBlessing","MealTicket","Pen Nib","Brimstone","Shuriken","Girya","Golden Idol","Cursed Key","HandDrill","MutagenicStrength","Sundial","Dead Branch","Calling Bell","Omamori","Blue Candle","Champion Belt","DollysMirror","Whetstone","Magic Flower","Unceasing Top"],"acts_visited":["Exordium","TheCity","TheBeyond"],"potions_floor_usage":[12,16,21,24,25,33,36,48,48,48,50],"damage_taken":[{"damage":0,"enemies":"Small Slimes","floor":1,"turns":1},{"damage":0,"enemies":"Jaw Worm","floor":3,"turns":1},{"damage":0,"enemies":"Gremlin Nob","floor":6,"turns":1},{"damage":0,"enemies":"2 Louse","floor":10,"turns":2},{"damage":11,"enemies":"3 Sentries","floor":12,"turns":4},{"damage":4,"enemies":"2 Fungi Beasts","floor":13,"turns":3},{"damage":0,"enemies":"Slime Boss","floor":16,"turns":3},{"damage":32,"enemies":"3 Byrds","floor":18,"turns":4},{"damage":32,"enemies":"2 Thieves","floor":19,"turns":3},{"damage":9,"enemies":"Centurion and Healer","floor":21,"turns":3},{"damage":0,"enemies":"Snecko","floor":24,"turns":2},{"damage":2,"enemies":"Gremlin Leader","floor":25,"turns":3},{"damage":11,"enemies":"Chosen and Byrds","floor":28,"turns":3},{"damage":30,"enemies":"Automaton","floor":33,"turns":5},{"damage":5,"enemies":"3 Shapes","floor":35,"turns":2},{"damage":54,"enemies":"3 Darklings","floor":36,"turns":5},{"damage":32,"enemies":"4 Shapes","floor":39,"turns":3},{"damage":17,"enemies":"Writhing Mass","floor":41,"turns":3},{"damage":12,"enemies":"Spire Growth","floor":44,"turns":2},{"damage":3,"enemies":"Mind Bloom Boss Battle","floor":45,"turns":5},{"damage":2,"enemies":"Maw","floor":47,"turns":4},{"damage":37,"enemies":"2 Orb Walkers","floor":48,"turns":3},{"damage":88,"enemies":"Awakened One","floor":50,"turns":6}],"seed_played":"9137981359553925278","potions_obtained":[{"floor":6,"key":"CultistPotion"},{"floor":10,"key":"FearPotion"},{"floor":12,"key":"SkillPotion"},{"floor":18,"key":"Energy Potion"},{"floor":21,"key":"CultistPotion"},{"floor":25,"key":"FearPotion"},{"floor":28,"key":"BlessingOfTheForge"},{"floor":35,"key":"DuplicationPotion"},{"floor":39,"key":"Explosive Potion"},{"floor":48,"key":"AttackPotion"}],"is_trial":false,"path_per_floor":["M","?","M","?","?","E","R","$","T","M","R","E","M","?","R","B",null,"M","M","$","M","?","R","M","E","T","R","M","$","R","?","R","B",null,"M","M","?","$","M","R","M","R","T","M","?","?","M","?","R","B"],"character_chosen":"IRONCLAD","items_purchased":["Brimstone","HandDrill","BloodPotion","Wild Strike","DollysMirror"],"campfire_rested":4,"item_purchase_floors":[8,20,20,29,38],"current_hp_per_floor":[80,55,61,45,71,77,77,80,80,80,80,75,77,77,77,80,80,54,28,43,56,56,80,80,80,80,80,75,80,80,80,80,56,80,80,32,32,47,21,45,34,58,58,52,55,75,80,52,76,0,0],"gold":295,"neow_bonus":"THREE_ENEMY_KILL","is_daily":false,"chose_seed":false,"campfire_upgraded":3,"win_rate":0.0,"timestamp":1609437911,"path_taken":["M","?","M","?","?","E","R","$","T","M","R","E","M","?","R","BOSS","M","M","$","M","?","R","M","E","T","R","M","$","R","?","R","BOSS","M","M","?","$","M","R","M","R","T","M","?","?","M","?","R","BOSS"],"items_purchased_type":["Relic","Relic","Potion","Card","Relic"],"build_version":"2020-12-22","purchased_purges":0,"victory":false,"max_hp_per_floor":[80,80,80,80,80,80,80,80,80,80,80,80,80,80,80,80,80,80,80,80,80,80,80,80,80,80,80,80,80,80,80,80,80,80,80,80,80,80,80,80,80,80,80,80,80,80,80,80,80,80,80],"card_choices":[{"not_picked":["Sword Boomerang","Havoc"],"picked":"Inflame","floor":1},{"not_picked":["True Grit","Warcry"],"picked":"Sentinel","floor":3},{"not_picked":["Battle Trance","Searing Blow"],"picked":"Second Wind","floor":6},{"not_picked":["Iron Wave","Sever Soul"],"picked":"Infernal Blade","floor":10},{"not_picked":["Perfected Strike","Iron Wave"],"picked":"Limit Break","floor":12},{"not_picked":["Headbutt","Corruption"],"picked":"Pommel Strike","floor":13},{"not_picked":["Fiend Fire","Brutality"],"picked":"Berserk","floor":16},{"not_picked":["Whirlwind","Flex+1"],"picked":"Heavy Blade+1","floor":18},{"not_picked":["Sword Boomerang","Thunderclap"],"picked":"Shrug It Off","floor":19},{"not_picked":["Dual Wield","Pommel Strike"],"picked":"Spot Weakness","floor":21},{"not_picked":["Havoc","Thunderclap"],"picked":"Clothesline","floor":24},{"not_picked":["Immolate","Dark Embrace"],"picked":"Perfected Strike","floor":25},{"not_picked":["Sword Boomerang","Havoc"],"picked":"Heavy Blade","floor":28},{"not_picked":["Impervious","Brutality"],"picked":"Demon Form","floor":33},{"not_picked":["Heavy Blade","Body Slam"],"picked":"Dark Embrace+1","floor":35},{"not_picked":["Sever Soul","Body Slam+1"],"picked":"Seeing Red+1","floor":36},{"not_picked":["Shrug It Off","Brutality"],"picked":"Twin Strike+1","floor":39},{"not_picked":["Heavy Blade","Anger+1"],"picked":"Uppercut+1","floor":41},{"not_picked":["Pummel+1","Dropkick+1"],"picked":"Twin Strike+1","floor":44},{"not_picked":["Pummel","True Grit"],"picked":"Armaments","floor":45},{"not_picked":["Rampage+1","Rupture+1"],"picked":"Sever Soul+1","floor":47},{"not_picked":["Iron Wave+1","Pommel Strike"],"picked":"Clothesline+1","floor":48}],"player_experience":59785,"relics_obtained":[{"floor":6,"key":"Pen Nib"},{"floor":9,"key":"Shuriken"},{"floor":12,"key":"Girya"},{"floor":25,"key":"Sundial"},{"floor":26,"key":"Dead Branch"},{"floor":34,"key":"Omamori"},{"floor":34,"key":"Blue Candle"},{"floor":34,"key":"Champion Belt"},{"floor":43,"key":"Whetstone"},{"floor":45,"key":"Magic Flower"},{"floor":48,"key":"Unceasing Top"}],"event_choices":[{"damage_healed":0,"gold_gain":0,"player_choice":"Success","damage_taken":25,"relics_obtained":["MealTicket"],"max_hp_gain":0,"max_hp_loss":0,"event_name":"Scrap Ooze","floor":2,"gold_loss":0},{"damage_healed":0,"gold_gain":0,"player_choice":"Entered Light","damage_taken":16,"max_hp_gain":0,"max_hp_loss":0,"event_name":"Shining Light","floor":4,"gold_loss":0,"cards_upgraded":["Defend_R","Strike_R"]},{"damage_healed":26,"gold_gain":0,"player_choice":"Banana","damage_taken":0,"max_hp_gain":0,"max_hp_loss":0,"event_name":"Big Fish","floor":5,"gold_loss":0},{"damage_healed":0,"gold_gain":0,"player_choice":"Take Wound","damage_taken":0,"relics_obtained":["Golden Idol"],"max_hp_gain":0,"max_hp_loss":0,"event_name":"Golden Idol","floor":14,"gold_loss":0,"cards_obtained":["Injury"]},{"damage_healed":0,"gold_gain":0,"player_choice":"Inject Mutagens","damage_taken":0,"relics_obtained":["MutagenicStrength"],"max_hp_gain":0,"max_hp_loss":0,"event_name":"Drug Dealer","floor":22,"gold_loss":0},{"damage_healed":0,"gold_gain":0,"player_choice":"Ignored","damage_taken":0,"max_hp_gain":0,"max_hp_loss":0,"event_name":"Ghosts","floor":31,"gold_loss":0},{"damage_healed":0,"gold_gain":0,"player_choice":"Ignored","damage_taken":0,"max_hp_gain":0,"max_hp_loss":0,"event_name":"Tomb of Lord Red Mask","floor":37,"gold_loss":0},{"damage_healed":0,"gold_gain":0,"player_choice":"Fight","damage_taken":0,"max_hp_gain":0,"max_hp_loss":0,"event_name":"MindBloom","floor":45,"gold_loss":0},{"damage_healed":20,"gold_gain":0,"player_choice":"Writhe","damage_taken":0,"max_hp_gain":0,"max_hp_loss":0,"event_name":"Winding Halls","floor":46,"gold_loss":0,"cards_obtained":["Writhe"]},{"damage_healed":0,"gold_gain":0,"player_choice":"Fight","damage_taken":0,"max_hp_gain":0,"max_hp_loss":0,"event_name":"Mysterious Sphere","floor":48,"gold_loss":0}],"is_beta":false,"boss_relics":[{"not_picked":["Fusion Hammer","Black Blood"],"picked":"Cursed Key"},{"not_picked":["Runic Cube","Black Star"],"picked":"Calling Bell"}],"items_purged_floors":[],"is_endless":false,"potions_floor_spawned":[6,10,12,18,21,25,28,35,39,41,47,48],"killed_by":"Awakened One","ascension_level":0}}