{"host":"xlrfj7mv1s7y09pf","time":1609430126,"event":{"mods":["BaseMod","Minty Spire (QoL Compilation)","Rare Cards Sparkle"],"gold_per_floor":[115,390,403,422,422,448,448,283,283,298,298,312,332,344,344,344,344],"floor_reached":16,"playtime":442,"items_purged":["Regret"],"score":172,"play_id":"0395d63e-9108-4341-a453-42e4724c06d2","local_time":"20201231105526","is_ascension_mode":true,"campfire_choices":[{"floor":7,"key":"DIG"},{"floor":15,"key":"REST"}],"circlet_count":0,"master_deck":["AscendersBane","Strike_R","Strike_R","Strike_R","Strike_R","Defend_R","Defend_R","Defend_R","Defend_R","Bash","Iron Wave","Iron Wave","Armaments","Infernal Blade","Dramatic Entrance","Shockwave"],"relics":["Burning Blood","NeowsBlessing","Toy Ornithopter","Shovel","Lantern","Blue Candle"],"acts_visited":["Exordium"],"potions_floor_usage":[6,16],"damage_taken":[{"damage":0,"enemies":"Small Slimes","floor":1,"turns":1},{"damage":0,"enemies":"Cultist","floor":3,"turns":1},{"damage":0,"enemies":"2 Louse","floor":4,"turns":1},{"damage":46,"enemies":"3 Sentries","floor":6,"turns":13},{"damage":4,"enemies":"Blue Slaver","floor":10,"turns":3},{"damage":4,"enemies":"Large Slime","floor":12,"turns":7},{"damage":2,"enemies":"Looter","floor":13,"turns":3},{"damage":6,"enemies":"Blue Slaver","floor":14,"turns":4},{"damage":106,"enemies":"Slime Boss","floor":16,"turns":11}],"seed_played":"1302121583784538477","potions_obtained":[{"floor":1,"key":"EssenceOfSteel"},{"floor":6,"key":"LiquidBronze"},{"floor":10,"key":"FairyPotion"}],"is_trial":false,"path_per_floor":["M","?","M","M","T","E","R","$","T","M","?","M","M","M","R","B"],"character_chosen":"IRONCLAD","items_purchased":["Dramatic Entrance"],"campfire_rested":1,"item_purchase_floors":[8],"current_hp_per_floor":[78,78,80,80,80,40,40,40,40,42,42,44,48,48,72,0,0],"gold":344,"neow_bonus":"THREE_ENEMY_KILL","is_daily":false,"chose_seed":false,"campfire_upgraded":0,"win_rate":0.0,"timestamp":1609430126,"path_taken":["M","?","M","?","?","E","R","$","T","M","?","?","M","M","R","BOSS"],"items_purchased_type":["Card"],"build_version":"2020-12-22","purchased_purges":1,"victory":false,"max_hp_per_floor":[80,80,80,80,80,80,80,80,80,80,80,80,80,80,80,80,80],"card_choices":[{"not_picked":["Pummel","Clothesline"],"picked":"Iron Wave","floor":1},{"not_picked":["Clash","Havoc"],"picked":"Iron Wave","floor":3},{"not_picked":["Double Tap","Warcry"],"picked":"Armaments","floor":4},{"not_picked":["Shockwave","Hemokinesis"],"picked":"Infernal Blade","floor":6},{"not_picked":["Body Slam","Dark Embrace","Rupture"],"picked":"SKIP","floor":10},{"not_picked":["Wild Strike","Havoc","Anger"],"picked":"SKIP","floor":12},{"not_picked":["Warcry","Entrench","Intimidate"],"picked":"SKIP","floor":13},{"not_picked":["Pommel Strike","Disarm","Hemokinesis"],"picked":"SKIP","floor":14}],"player_experience":276866,"relics_obtained":[{"floor":5,"key":"Toy Ornithopter"},{"floor":6,"key":"Shovel"},{"floor":7,"key":"Lantern"},{"floor":9,"key":"Blue Candle"}],"event_choices":[{"damage_healed":0,"gold_gain":275,"player_choice":"Desecrate","damage_taken":0,"max_hp_gain":0,"max_hp_loss":0,"event_name":"Golden Shrine","floor":2,"gold_loss":0,"cards_obtained":["Regret"]},{"damage_healed":0,"gold_gain":0,"cards_transformed":["Strike_R"],"player_choice":"Transformed","damage_taken":0,"max_hp_gain":0,"max_hp_loss":0,"event_name":"Transmorgrifier","floor":11,"gold_loss":0,"cards_obtained":["Shockwave"]}],"is_beta":false,"boss_relics":[],"items_purged_floors":[8],"is_endless":false,"potions_floor_spawned":[1,6,10,13],"killed_by":"Slime Boss","ascension_level":13}}