{"host":"oy4pyvr762z5n0bb","time":1609395143,"event":{"mods":["AchievementEnabler","BaseMod","Colored Map","Colored Powertips","Googly Eyes","Key Reminder","Minty Spire (QoL Compilation)","Quick Restart","Relic Sorter","StSLib","SuperFastMode","Unceasing Turn Reminder","slay the spire mod where everything is the same but ironclad has a cowboy hat"],"gold_per_floor":[12,12,12,26,49,49,49,93,144,182,104,104,29,65,65,65,65],"floor_reached":16,"playtime":350,"items_purged":["Strike_R"],"score":151,"play_id":"5c42158e-f157-4833-818c-87c743528f87","local_time":"20201230221223","is_ascension_mode":true,"campfire_choices":[{"data":"Bash","floor":6,"key":"SMITH"},{"floor":12,"key":"REST"},{"data":"Carnage","floor":15,"key":"SMITH"}],"circlet_count":0,"master_deck":["Strike_R","Strike_R","Strike_R","Strike_R","Defend_R","Defend_R","Defend_R","Defend_R","Bash+1","Limit Break","Pommel Strike","Thunderclap","Dropkick","Parasite","Headbutt","Wild Strike","Carnage+1","Armaments"],"relics":["Burning Blood","Golden Idol","Blood Vial","keyreminder:keyreminder","Oddly Smooth Stone","Bronze Scales","MealTicket"],"acts_visited":["Exordium"],"potions_floor_usage":[],"damage_taken":[{"damage":5,"enemies":"2 Louse","floor":1,"turns":4},{"damage":5,"enemies":"Small Slimes","floor":4,"turns":3},{"damage":1,"enemies":"Cultist","floor":5,"turns":3},{"damage":37,"enemies":"Gremlin Nob","floor":8,"turns":4},{"damage":36,"enemies":"3 Sentries","floor":10,"turns":10},{"damage":12,"enemies":"Gremlin Nob","floor":14,"turns":3},{"damage":42,"enemies":"The Guardian","floor":16,"turns":8}],"seed_played":"4506362022379257216","potions_obtained":[{"floor":4,"key":"FearPotion"},{"floor":8,"key":"Ancient Potion"}],"is_trial":false,"path_per_floor":["M","$","?","M","M","R","?","E","T","E","$","R","$","E","R","B"],"character_chosen":"IRONCLAD","items_purchased":["Carnage"],"campfire_rested":1,"item_purchase_floors":[11],"current_hp_per_floor":[73,73,53,54,59,59,79,48,48,20,20,44,44,40,40,0,0],"gold":65,"neow_bonus":"THREE_RARE_CARDS","is_daily":false,"chose_seed":false,"campfire_upgraded":2,"win_rate":0.0,"timestamp":1609395143,"path_taken":["M","$","?","M","M","R","?","E","T","E","$","R","$","E","R","BOSS"],"items_purchased_type":["Card"],"build_version":"2020-12-22","purchased_purges":1,"victory":false,"max_hp_per_floor":[80,80,80,80,80,80,80,80,80,80,80,80,80,80,80,80,80],"card_choices":[{"not_picked":["Demon Form","Reaper"],"picked":"Limit Break","floor":0},{"not_picked":["Second Wind","Twin Strike"],"picked":"Pommel Strike","floor":1},{"not_picked":["Body Slam","Anger"],"picked":"Thunderclap","floor":4},{"not_picked":["Shrug It Off","Impervious"],"picked":"Dropkick","floor":5},{"not_picked":["Bludgeon","Feel No Pain"],"picked":"Headbutt","floor":8},{"not_picked":["Combust","Seeing Red"],"picked":"Wild Strike","floor":10},{"not_picked":["Warcry","Body Slam"],"picked":"Armaments","floor":14}],"player_experience":621113,"relics_obtained":[{"floor":8,"key":"Blood Vial"},{"floor":9,"key":"Oddly Smooth Stone"},{"floor":10,"key":"Bronze Scales"},{"floor":14,"key":"MealTicket"}],"event_choices":[{"damage_healed":0,"gold_gain":0,"player_choice":"Take Damage","damage_taken":20,"relics_obtained":["Golden Idol"],"max_hp_gain":0,"max_hp_loss":0,"event_name":"Golden Idol","floor":3,"gold_loss":0},{"damage_healed":20,"gold_gain":0,"player_choice":"Healed and dodged fight","damage_taken":0,"max_hp_gain":0,"max_hp_loss":0,"event_name":"Mushrooms","floor":7,"gold_loss":0,"cards_obtained":["Parasite"]}],"is_beta":false,"boss_relics":[],"items_purged_floors":[13],"is_endless":false,"potions_floor_spawned":[4,8],"killed_by":"The Guardian","ascension_level":6}}