{"host":"2no1vwhhkhf0ohz3","time":1609413507,"event":{"mods":["AchievementEnabler","BaseMod","Colored Map","DeckTracker","Keyboard Shortcuts","Minty Spire (QoL Compilation)","Relic Stats","SuperFastMode"],"gold_per_floor":[110,120,120,120,130,130,130,160,160,160,194,14,89,101,101,201,201,215,215,215],"floor_reached":19,"playtime":362,"items_purged":["Strike_B"],"score":201,"play_id":"35935dac-4a1e-4258-8a53-4113397f6a5b","local_time":"20201231201827","is_ascension_mode":true,"campfire_choices":[{"data":"Zap","floor":6,"key":"SMITH"},{"floor":10,"key":"REST"},{"floor":15,"key":"REST"}],"circlet_count":0,"master_deck":["Defend_B","Defend_B","Defend_B","Zap+1","Dualcast","Ball Lightning","Coolheaded+1","Cold Snap","Conserve Battery","Capacitor","Heatsinks","Amplify","Echo Form","Capacitor+1","Sunder+1","Lockon+1","Beam Cell"],"relics":["Cracked Core","NeowsBlessing","Calipers","Anchor","The Courier","Gambling Chip","Astrolabe"],"acts_visited":["Exordium","TheCity"],"potions_floor_usage":[16],"damage_taken":[{"damage":0,"enemies":"Small Slimes","floor":1,"turns":1},{"damage":0,"enemies":"2 Louse","floor":2,"turns":1},{"damage":0,"enemies":"Jaw Worm","floor":5,"turns":1},{"damage":36,"enemies":"Gremlin Nob","floor":8,"turns":5},{"damage":7,"enemies":"Lagavulin","floor":11,"turns":6},{"damage":7,"enemies":"Lots of Slimes","floor":14,"turns":3},{"damage":28,"enemies":"The Guardian","floor":16,"turns":13},{"damage":30,"enemies":"2 Thieves","floor":18,"turns":3},{"damage":46,"enemies":"3 Byrds","floor":19,"turns":3}],"seed_played":"5599466521432284686","potions_obtained":[{"floor":2,"key":"Swift Potion"},{"floor":8,"key":"GamblersBrew"},{"floor":18,"key":"CultistPotion"}],"is_trial":false,"path_per_floor":["M","M","?","?","M","R","?","E","T","R","E","$","?","M","R","B",null,"M","M"],"character_chosen":"DEFECT","items_purchased":["Capacitor","Heatsinks"],"campfire_rested":2,"item_purchase_floors":[12,12],"current_hp_per_floor":[75,75,68,50,50,50,50,14,14,36,29,29,18,11,33,5,75,45,0,0],"gold":215,"neow_bonus":"THREE_ENEMY_KILL","is_daily":false,"chose_seed":false,"campfire_upgraded":1,"win_rate":0.0,"timestamp":1609413507,"path_taken":["M","M","?","?","M","R","?","E","T","R","E","$","?","M","R","BOSS","M","M"],"items_purchased_type":["Card","Card"],"build_version":"2020-12-22","purchased_purges":1,"victory":false,"max_hp_per_floor":[75,75,75,75,75,75,75,75,75,75,75,75,75,75,75,75,75,75,75,75],"relic_stats":{"counters":[9,36],"Gambling Chip":[7],"Astrolabe":["Capacitor","Sunder","Lockon"],"obtain_stats":[{"Anchor":8,"Calipers":4,"NeowsBlessing":0,"Gambling Chip":11,"Astrolabe":17,"The Courier":9,"Cracked Core":0},{"Anchor":4,"Calipers":2,"NeowsBlessing":0,"Gambling Chip":5,"Astrolabe":7,"The Courier":4,"Cracked Core":0},{"Anchor":8,"Calipers":2,"NeowsBlessing":0,"Gambling Chip":14,"Astrolabe":30,"The Courier":8,"Cracked Core":0}]},"card_choices":[{"not_picked":["Stack","Reinforced Body"],"picked":"Ball Lightning","floor":1},{"not_picked":["Stack","Redo"],"picked":"Coolheaded","floor":2},{"not_picked":["Gash","Redo"],"picked":"Cold Snap","floor":5},{"not_picked":["Leap","Hologram"],"picked":"Conserve Battery","floor":8},{"not_picked":["Redo","Streamline","Rebound"],"picked":"SKIP","floor":11},{"not_picked":["Redo","Streamline","Rebound"],"picked":"SKIP","floor":11},{"not_picked":["Barrage","Leap"],"picked":"Amplify","floor":14},{"not_picked":["Seek","Meteor Strike"],"picked":"Echo Form","floor":16},{"not_picked":["Leap","Scrape"],"picked":"Beam Cell","floor":18}],"player_experience":275498,"relics_obtained":[{"floor":8,"key":"Anchor"},{"floor":9,"key":"The Courier"},{"floor":11,"key":"Gambling Chip"}],"event_choices":[{"cards_removed":["Strike_B"],"damage_healed":0,"gold_gain":0,"player_choice":"Card Removal","damage_taken":7,"max_hp_gain":0,"max_hp_loss":0,"event_name":"Golden Wing","floor":3,"gold_loss":0},{"damage_healed":0,"gold_gain":0,"player_choice":"Success","damage_taken":18,"relics_obtained":["Calipers"],"max_hp_gain":0,"max_hp_loss":0,"event_name":"Scrap Ooze","floor":4,"gold_loss":0},{"damage_healed":0,"gold_gain":0,"player_choice":"Grow","damage_taken":0,"max_hp_gain":0,"max_hp_loss":0,"event_name":"Living Wall","floor":7,"gold_loss":0,"cards_upgraded":["Coolheaded"]},{"damage_healed":0,"gold_gain":75,"player_choice":"Gather Gold","damage_taken":11,"max_hp_gain":0,"max_hp_loss":0,"event_name":"World of Goop","floor":13,"gold_loss":0}],"is_beta":false,"boss_relics":[{"not_picked":["SlaversCollar","FrozenCore"],"picked":"Astrolabe"}],"items_purged_floors":[12],"is_endless":false,"potions_floor_spawned":[2,8,18],"killed_by":"3 Byrds","ascension_level":3}}