{"host":"2p6teegtjitvh23g","time":1609429368,"event":{"mods":["Act Like it!","Ascension Reborn","BaseMod","Better Note","Better Third Choice","Colored Map","Colored Powertips","Defuse TimeMaze Blight","Hermit","Marisa£®ÏF”Í°°ƒß¿Ì…≥£©","Minty Spire (QoL Compilation)","MostiFishMod","Quick Restart","Relic Stats","Replay The Spire","Shop Mod","Spicy Shops","StSLib","The Cursed","The Runesmith","UnlockEverythingMod","Waifu the Spire","noobMod","vexMod"],"gold_per_floor":[119,139,158,41,41,41,75,75,75,93,105,31,31,31,31,192,192,256,256,301,85,138,217,268,268,268,314,314,90,90,137,137,341,341,402,402,402,402,493,576,629,761,814,402,402,9,56,138,138,258,258,258,33,125,230],"floor_reached":56,"playtime":3658,"items_purged":["hermit:Strike_Hermit","hermit:Strike_Hermit","hermit:Strike_Hermit","hermit:Strike_Hermit"],"score":1628,"play_id":"cf2fbf57-33a7-4a80-92d1-012e142b3cf0","local_time":"20201231234248","is_ascension_mode":true,"campfire_choices":[{"floor":6.0,"key":"DIG"},{"data":"Master of Strategy","floor":15.0,"key":"SMITH"},{"floor":30.0,"key":"DIG"},{"data":"MostiFishMod:WinterMarkForm","floor":32.0,"key":"SMITH"},{"floor":45.0,"key":"RECALL"},{"floor":49,"key":"DIG"},{"floor":52,"key":"DIG"}],"circlet_count":0,"master_deck":["hermit:Defend_Hermit","hermit:Defend_Hermit","hermit:Defend_Hermit","hermit:Defend_Hermit","hermit:Snapshot","hermit:Covet+1","Trip","hermit:Quickdraw","hermit:TrackingShot","hermit:Determination","Master of Strategy+1","MostiFishMod:OneDayCity+1","Purity","Decay","hermit:FullyLoaded","Regret","hermit:Deadeye","hermit:EyeOfTheStorm","hermit:NoHoldsBarred+1","hermit:OverwhelmingPower","MostiFishMod:FrostNova","MostiFishMod:WinterMarkForm+1","hermit:Glare","hermit:Headshot+1","hermit:FromBeyond","hermit:Quickdraw","hermit:ShadowCloak","hermit:Magnum+1","hermit:HeroicBravado+1","hermit:Gestalt","Madness","Madness","hermit:Quickdraw+1","hermit:CalledShot","hermit:Virtue+1","Clumsy","hermit:Glare+1","hermit:Combo+1","hermit:BlackWind+1","hermit:Quickdraw+1","hermit:Quickdraw+1","Deep Breath+1","hermit:Quickdraw+1","hermit:Glare+1","hermit:FinalCanter+1","Injury"],"relics":["hermit:Momento","ice","DaveBox","SynthV:TestCard","BargainBundle","DianDianMeat","Du-Vu Doll","MerchantsRug","Shovel","Iron Hammer","Gremlin Horn","FossilizedHelix","Replay:Bandana","FrostBlade","Mirror","Nilry\u0027s Codex","Unceasing Top","Letter Opener","Golden Egg","DianPoetry","RhineCircuit","Peace Pipe","ReplayTheSpireMod:TigerMarble","Vajra","Membership Card","InkBottle","hermit:RedScarf","SynthV:C4","Pet Ghost","Molten Egg 2","Torii","Lizard Tail","hermit:Spyglass","SynthV","Bronze Scales","Orichalcum","Bottled Lightning"],"acts_visited":["Exordium","TheCity","TheBeyond","TheEnding"],"potions_floor_usage":[],"damage_taken":[{"damage":0.0,"enemies":"2 Louse","floor":1.0,"turns":3.0},{"damage":0.0,"enemies":"Cultist","floor":2.0,"turns":4.0},{"damage":0.0,"enemies":"Jaw Worm","floor":3.0,"turns":2.0},{"damage":14.0,"enemies":"3 Sentries","floor":7.0,"turns":6.0},{"damage":0.0,"enemies":"2 Fungi Beasts","floor":10.0,"turns":2.0},{"damage":9.0,"enemies":"Blue Slaver","floor":11.0,"turns":3.0},{"damage":0.0,"enemies":"Slime Boss","floor":16.0,"turns":3.0},{"damage":4.0,"enemies":"3 Byrds","floor":18.0,"turns":2.0},{"damage":3.0,"enemies":"Chosen","floor":20.0,"turns":3.0},{"damage":6.0,"enemies":"3 Cultists","floor":22.0,"turns":3.0},{"damage":13.0,"enemies":"Slavers","floor":23.0,"turns":3.0},{"damage":0.0,"enemies":"Snecko","floor":24.0,"turns":3.0},{"damage":0.0,"enemies":"Shelled Parasite and Fungi","floor":27.0,"turns":2.0},{"damage":3.0,"enemies":"Cultist and Chosen","floor":31.0,"turns":3.0},{"damage":2.0,"enemies":"Champ","floor":33.0,"turns":4.0},{"damage":0.0,"enemies":"3 Darklings","floor":35.0,"turns":2.0},{"damage":2.0,"enemies":"2 Orb Walkers","floor":39.0,"turns":2.0},{"damage":2.0,"enemies":"Reptomancer","floor":40.0,"turns":3.0},{"damage":0.0,"enemies":"3 Shapes","floor":41.0,"turns":1.0},{"damage":0.0,"enemies":"Giant Head","floor":42.0,"turns":4.0},{"damage":0,"enemies":"Spire Growth","floor":47,"turns":1},{"damage":0,"enemies":"R_Hoarder","floor":48,"turns":2},{"damage":0,"enemies":"Awakened One","floor":50,"turns":5},{"damage":0,"enemies":"Shield and Spear","floor":54,"turns":1},{"damage":47,"enemies":"The Heart","floor":55,"turns":4}],"seed_played":"-4481010423665361357","potions_obtained":[{"floor":2.0,"key":"EssenceOfSteel"},{"floor":16.0,"key":"Explosive Potion"},{"floor":20.0,"key":"ColorlessPotion"},{"floor":22.0,"key":"SpeedPotion"},{"floor":24.0,"key":"SpeedPotion"},{"floor":39.0,"key":"FearPotion"},{"floor":42.0,"key":"SmokeBomb"},{"floor":48,"key":"AttackPotion"},{"floor":54,"key":"Flashbang"}],"is_trial":false,"path_per_floor":["M","M","M","$","?","R","E","?","T","M","M","$","?","?","R","B",null,"M","?","M","$","M","E","M","?","T","M","T","$","R","M","R","B",null,"M","?","?","?","?","E","M","E","T","$","R","$","M","E","R","B",null,"R","$","E","B",null],"character_chosen":"HERMIT","items_purchased":["BargainBundle","Du-Vu Doll","Potion Belt","ReplayTheSpireMod:ShopPack","MerchantsRug","Adrenaline Potion","FairyPotion","AttackPotion","FearPotion","Shovel","hermit:FullyLoaded","hermit:TakeAim","Replay:Bandana","Mirror","Golden Egg","Membership Card","InkBottle","hermit:RedScarf","SynthV:C4","Orrery","Pet Ghost","Molten Egg 2","Deep Breath","War Paint","hermit:Quickdraw+1","SynthV","Bronze Scales","Orichalcum"],"campfire_rested":0,"item_purchase_floors":[4,4,4,4,4,4,4,4,4,4,4,4,12,21,29,44,44,44,44,44,46,46,46,46,46,53,53,53],"current_hp_per_floor":[75,75,75,103,111,111,97,97,97,106,107,107,118,118,118,130,180,191,147,160,160,154,158,176,160,160,179,179,179,179,196,196,215,311,333,338,338,338,336,366,392,419,419,602,602,671,707,744,744,744,790,790,828,828,781],"gold":230,"neow_bonus":"RANDOM_COLORLESS","is_daily":false,"chose_seed":false,"campfire_upgraded":2,"win_rate":0.0,"timestamp":1609429368,"path_taken":["M","M","M","$","?","R","E","?","T","?","M","?","?","?","R","BOSS","M","?","M","$","M","E","M","?","T","M","?","$","R","M","R","BOSS","M","?","?","?","?","E","M","E","T","?","R","$","M","E","R","BOSS","R","$","E","BOSS"],"items_purchased_type":["Relic","Relic","Relic","Relic","Relic","Potion","Potion","Potion","Potion","Relic","Card","Card","Relic","Relic","Relic","Relic","Relic","Relic","Relic","Relic","Relic","Relic","Card","Relic","Card","Relic","Relic","Relic"],"build_version":"2020-12-22","purchased_purges":4,"victory":true,"max_hp_per_floor":[75,75,75,103,111,111,111,111,111,120,130,130,141,141,141,153,180,195,200,216,216,216,233,251,251,251,270,270,270,270,290,290,311,311,333,380,380,380,380,412,438,465,465,648,648,717,753,790,790,790,790,790,828,828,828],"relic_stats":{"Peace Pipe":0,"Lizard Tail":0,"Shovel":4,"Gremlin Horn":[23,23],"Torii":0,"counters":[25,71],"Bronze Scales":[0],"Letter Opener":[229],"Orichalcum":[6],"obtain_stats":[{"Golden Egg":29,"DaveBox":0,"Gremlin Horn":6,"Torii":48,"Nilry\u0027s Codex":25,"DianPoetry":30,"SynthV":53,"Vajra":43,"ice":0,"SynthV:C4":44,"Pet Ghost":46,"Replay:Bandana":12,"Lizard Tail":49,"Shovel":4,"Strawberry":40,"Iron Hammer":5,"hermit:RedScarf":44,"InkBottle":44,"hermit:Spyglass":52,"DianDianMeat":4,"Potion Belt":4,"MerchantsRug":4,"BargainBundle":4,"Letter Opener":28,"War Paint":46,"Orichalcum":53,"RhineCircuit":34,"Du-Vu Doll":4,"FrostBlade":17,"Peace Pipe":39,"Replay:Baseball":23,"SynthV:TestCard":1,"Bronze Scales":53,"Orrery":44,"Molten Egg 2":46,"ReplayTheSpireMod:TigerMarble":42,"Membership Card":44,"Bottled Lightning":54,"Mirror":21,"hermit:Momento":0,"FossilizedHelix":7,"Unceasing Top":26,"ReplayTheSpireMod:ShopPack":4},{"Golden Egg":13,"DaveBox":0,"Gremlin Horn":3,"Torii":22,"Nilry\u0027s Codex":12,"DianPoetry":13,"SynthV":23,"Vajra":20,"ice":0,"SynthV:C4":20,"Pet Ghost":20,"Replay:Bandana":6,"Lizard Tail":22,"Shovel":3,"Strawberry":18,"Iron Hammer":3,"hermit:RedScarf":20,"InkBottle":20,"hermit:Spyglass":23,"DianDianMeat":3,"Potion Belt":3,"MerchantsRug":3,"BargainBundle":3,"Letter Opener":13,"War Paint":20,"Orichalcum":23,"RhineCircuit":15,"Du-Vu Doll":3,"FrostBlade":7,"Peace Pipe":17,"Replay:Baseball":11,"SynthV:TestCard":1,"Bronze Scales":23,"Orrery":20,"Molten Egg 2":20,"ReplayTheSpireMod:TigerMarble":20,"Membership Card":20,"Bottled Lightning":24,"Mirror":9,"hermit:Momento":0,"FossilizedHelix":4,"Unceasing Top":12,"ReplayTheSpireMod:ShopPack":3},{"Golden Egg":39,"DaveBox":0,"Gremlin Horn":9,"Torii":61,"Nilry\u0027s Codex":37,"DianPoetry":39,"SynthV":66,"Vajra":58,"ice":0,"SynthV:C4":58,"Pet Ghost":58,"Replay:Bandana":20,"Lizard Tail":61,"Shovel":9,"Strawberry":53,"Iron Hammer":9,"hermit:RedScarf":58,"InkBottle":58,"hermit:Spyglass":66,"DianDianMeat":9,"Potion Belt":9,"MerchantsRug":9,"BargainBundle":9,"Letter Opener":39,"War Paint":58,"Orichalcum":66,"RhineCircuit":46,"Du-Vu Doll":9,"FrostBlade":23,"Peace Pipe":50,"Replay:Baseball":34,"SynthV:TestCard":3,"Bronze Scales":66,"Orrery":58,"Molten Egg 2":58,"ReplayTheSpireMod:TigerMarble":58,"Membership Card":58,"Bottled Lightning":67,"Mirror":28,"hermit:Momento":0,"FossilizedHelix":15,"Unceasing Top":37,"ReplayTheSpireMod:ShopPack":9}],"Unceasing Top":[7],"InkBottle":[12]},"card_choices":[{"not_picked":["Replay:Bootleg Shield Generator","vexMod:EmailVexCard"],"picked":"Trip","floor":0.0},{"not_picked":["hermit:WideOpen","hermit:Vantage"],"picked":"hermit:Quickdraw","floor":1.0},{"not_picked":["hermit:LowProfile","hermit:Feint","hermit:Headshot","hermit:HoleUp"],"picked":"hermit:TrackingShot","floor":2.0},{"not_picked":["hermit:LoneWolf","hermit:Glare","hermit:Vantage","hermit:LowProfile"],"picked":"hermit:Determination","floor":3.0},{"not_picked":["The Bomb","Chrysalis","MostiFishMod:MusicBox","HandOfGreed"],"picked":"Master of Strategy","floor":4.0},{"not_picked":["ReplayTheSpireMod:Uncanny Aura","Survey Options","Crow Ritual","Finesse"],"picked":"MostiFishMod:OneDayCity","floor":4.0},{"not_picked":["ReplayTheSpireMod:Necrogeddon","Bandage Up","Mind Blast","Blind"],"picked":"Purity","floor":4.0},{"not_picked":["hermit:HighCaliber","hermit:FlashPowder","hermit:Shortfuse","hermit:Misfire","hermit:Roughhouse"],"picked":"SKIP","floor":7.0},{"not_picked":["hermit:Brawl","hermit:BigShot","hermit:LowProfile","hermit:CursedWeapon"],"picked":"hermit:Deadeye","floor":10.0},{"not_picked":["hermit:Coalescence","hermit:LowProfile","hermit:WideOpen","hermit:Ricochet"],"picked":"hermit:EyeOfTheStorm","floor":11.0},{"not_picked":["hermit:Dissolve","hermit:BlackWind","hermit:Adapt","hermit:DeadOrAlive"],"picked":"hermit:OverwhelmingPower","floor":16.0},{"not_picked":["hermit:Virtue","hermit:Enervate","hermit:Roulette+1","hermit:PistolWhip"],"picked":"hermit:Glare","floor":18.0},{"not_picked":["hermit:ItchyTrigger","hermit:FullyLoaded+1","hermit:Brawl","hermit:Feint+1"],"picked":"hermit:Headshot+1","floor":20.0},{"not_picked":["hermit:Vantage","hermit:Desperado+1","hermit:CalledShot","hermit:LowProfile","hermit:NoHoldsBarred"],"picked":"SKIP","floor":22.0},{"not_picked":["hermit:Enervate","hermit:Manifest","hermit:Gestalt+1","hermit:LowProfile+1"],"picked":"hermit:FromBeyond","floor":23.0},{"not_picked":["hermit:Manifest+1","hermit:BodyArmor+1","hermit:FlashPowder","hermit:CalledShot+1"],"picked":"hermit:Quickdraw","floor":24.0},{"not_picked":["hermit:SprayPray+1","hermit:Dive","hermit:Feint","hermit:Roulette"],"picked":"hermit:ShadowCloak","floor":27.0},{"not_picked":["hermit:HoleUp","hermit:Brawl","hermit:DeadMansHand+1","hermit:Headshot"],"picked":"hermit:Magnum","floor":31.0},{"not_picked":["hermit:HighNoon","hermit:DeadOrAlive","hermit:FromBeyond","hermit:Adapt"],"picked":"hermit:HeroicBravado","floor":33.0},{"not_picked":["hermit:ShadowCloak","hermit:WideOpen+1","hermit:Midnight+1","hermit:Shortfuse+1"],"picked":"hermit:Gestalt","floor":35.0},{"not_picked":["hermit:LowProfile+1","hermit:Determination","hermit:Shortfuse","hermit:WideOpen"],"picked":"hermit:Quickdraw+1","floor":40.0},{"not_picked":["hermit:ItchyTrigger","hermit:Midnight","hermit:Desperado","hermit:TrackingShot"],"picked":"hermit:CalledShot","floor":41.0},{"not_picked":["hermit:TrackingShot","hermit:Cheat+1","hermit:DeadOrAlive","hermit:Glare"],"picked":"hermit:Virtue+1","floor":42.0},{"not_picked":["hermit:CursedWeapon","hermit:ItchyTrigger","hermit:HoleUp","hermit:WideOpen"],"picked":"hermit:Glare","floor":44.0},{"not_picked":["hermit:Ricochet","hermit:Feint+1","hermit:Shortfuse+1","hermit:Glare"],"picked":"hermit:Combo","floor":44.0},{"not_picked":["hermit:Coalescence+1","hermit:BodyArmor","hermit:Snipe","hermit:EternalForm"],"picked":"hermit:BlackWind","floor":44.0},{"not_picked":["hermit:BodyArmor+1","hermit:Grudge+1","hermit:Determination+1","hermit:Misfire"],"picked":"hermit:Quickdraw","floor":44.0},{"not_picked":["hermit:EyeOfTheStorm+1","hermit:Feint+1","hermit:Dive","hermit:Enervate"],"picked":"hermit:Quickdraw+1","floor":44.0},{"not_picked":["hermit:LoneWolf","hermit:BodyArmor","hermit:Snipe","hermit:Deadeye+1"],"picked":"hermit:Glare+1","floor":47},{"not_picked":["hermit:Quickdraw+1","hermit:Combo","hermit:Ricochet+1","hermit:Dive+1"],"picked":"hermit:FinalCanter+1","floor":48},{"not_picked":["hermit:NoHoldsBarred+1","hermit:Vantage+1","hermit:EyeOfTheStorm","hermit:TakeCover","hermit:Malice+1"],"picked":"SKIP","floor":54}],"player_experience":302232,"relics_obtained":[{"floor":1.0,"key":"SynthV:TestCard"},{"floor":6.0,"key":"Gremlin Horn"},{"floor":7.0,"key":"FossilizedHelix"},{"floor":23.0,"key":"Replay:Baseball"},{"floor":25.0,"key":"Nilry\u0027s Codex"},{"floor":26.0,"key":"Unceasing Top"},{"floor":28.0,"key":"Letter Opener"},{"floor":30.0,"key":"DianPoetry"},{"floor":39.0,"key":"Peace Pipe"},{"floor":40.0,"key":"Strawberry"},{"floor":42.0,"key":"ReplayTheSpireMod:TigerMarble"},{"floor":43.0,"key":"Vajra"},{"floor":48,"key":"Torii"},{"floor":49,"key":"Lizard Tail"},{"floor":52,"key":"hermit:Spyglass"},{"floor":54,"key":"Bottled Lightning"}],"event_choices":[{"damage_healed":0.0,"max_hp_gain":0.0,"max_hp_loss":0.0,"gold_gain":0.0,"event_name":"Big Fish","player_choice":"Box","floor":5.0,"gold_loss":0.0,"damage_taken":0.0,"relics_obtained":["Iron Hammer"],"cards_obtained":["Regret"]},{"cards_removed":["hermit:FullyLoaded"],"damage_healed":0.0,"max_hp_gain":0.0,"max_hp_loss":0.0,"gold_gain":0.0,"event_name":"betterNote:BetterNote","player_choice":"Give","floor":8.0,"gold_loss":0.0,"damage_taken":0.0,"cards_obtained":["TheCursedMod:Defend_TheCursed"]},{"damage_healed":0.0,"max_hp_gain":5.0,"max_hp_loss":0.0,"gold_gain":0.0,"event_name":"Forgotten Altar","player_choice":"Shed Blood","floor":19.0,"gold_loss":0.0,"damage_taken":49.0},{"damage_healed":0.0,"max_hp_gain":0.0,"max_hp_loss":0.0,"gold_gain":0.0,"event_name":"Cursed Tome","player_choice":"Obtained Book","floor":25.0,"gold_loss":0.0,"damage_taken":16.0},{"damage_healed":0.0,"max_hp_gain":0.0,"max_hp_loss":0.0,"gold_gain":0.0,"event_name":"Winding Halls","player_choice":"Embrace Madness","floor":36.0,"gold_loss":0.0,"damage_taken":42.0,"cards_obtained":["Madness","Madness"]},{"damage_healed":0.0,"max_hp_gain":0.0,"max_hp_loss":0.0,"gold_gain":0.0,"event_name":"Tomb of Lord Red Mask","player_choice":"Ignored","floor":37.0,"gold_loss":0.0,"damage_taken":0.0},{"damage_healed":0.0,"max_hp_gain":0.0,"max_hp_loss":0.0,"gold_gain":0.0,"event_name":"Mysterious Sphere","player_choice":"Fight","floor":39.0,"gold_loss":0.0,"damage_taken":0.0}],"is_beta":false,"boss_relics":[{"not_picked":["HereWithMe","SynthV:MejaisSoulstealer"],"picked":"FrostBlade"},{"not_picked":["MostiFishMod:Hod","ChewingGum"],"picked":"RhineCircuit"}],"items_purged_floors":[4,44,46,53],"is_endless":false,"potions_floor_spawned":[2,11,16,20,22,24,39,42,48,54],"ascension_level":0}}