{"host":"hgkb2zpbo2dcws21","time":1609417683,"event":{"mods":["AchievementEnabler","BaseMod","Colored Map","Colored Powertips","Custom Start","DeckTracker","KOR Keyword Fix","Minty Spire (QoL Compilation)","Relic Stats","StSLib","SuperFastMode"],"gold_per_floor":[118,133,433,49,49,81,81,110,110,124,138,153,169,169,169,246,246,260,310,100,100,116,116,116,116,116,116,116,116,116,130,130,203,203,218,218,237,38,55,55,87,112,164,177,203,219,245,260,260,260,260,260,260,8,37,37],"floor_reached":57,"playtime":2805,"items_purged":["Shame","Strike_R","Bash"],"score":2780,"play_id":"bc4c28b3-a67e-4f3e-9466-ea732b1b2dde","local_time":"20201231212803","is_ascension_mode":true,"campfire_choices":[{"floor":7.0,"key":"REST"},{"floor":15.0,"key":"REST"},{"floor":24.0,"key":"DIG"},{"floor":27.0,"key":"DIG"},{"floor":29.0,"key":"REST"},{"floor":32.0,"key":"DIG"},{"floor":40.0,"key":"DIG"},{"floor":49.0,"key":"RECALL"},{"floor":53,"key":"DIG"}],"circlet_count":0,"master_deck":["AscendersBane","Defend_R","Defend_R","Disarm","Second Wind","Headbutt","Dark Embrace","Body Slam","Reckless Charge","Power Through","Fire Breathing","Feed","Evolve","Shrug It Off","Shrug It Off","Flex","Rage","Ghostly+1","Ghostly+1","Ghostly+1","Impervious+1","Warcry+1","Bloodletting+1","Burning Pact+1","Body Slam","Shrug It Off+1","Barricade","Panacea+1"],"relics":["Burning Blood","Old Coin","Medical Kit","WarpedTongs","Shovel","Letter Opener","Gremlin Horn","Mark of Pain","Bronze Scales","InkBottle","Toxic Egg 2","Unceasing Top","Empty Cage","Mango","PreservedInsect","Incense Burner","Strawberry","Shuriken","Bottled Tornado","Pen Nib"],"acts_visited":["Exordium","TheCity","TheBeyond","TheEnding"],"potions_floor_usage":[56,56],"damage_taken":[{"damage":4.0,"enemies":"Cultist","floor":1.0,"turns":4.0},{"damage":5.0,"enemies":"2 Louse","floor":2.0,"turns":3.0},{"damage":37.0,"enemies":"Gremlin Nob","floor":6.0,"turns":4.0},{"damage":24.0,"enemies":"Lagavulin","floor":8.0,"turns":8.0},{"damage":8.0,"enemies":"Jaw Worm","floor":10.0,"turns":4.0},{"damage":10.0,"enemies":"Gremlin Gang","floor":11.0,"turns":5.0},{"damage":4.0,"enemies":"3 Louse","floor":12.0,"turns":4.0},{"damage":17.0,"enemies":"Exordium Wildlife","floor":13.0,"turns":4.0},{"damage":26.0,"enemies":"Slime Boss","floor":16.0,"turns":7.0},{"damage":5.0,"enemies":"Chosen","floor":18.0,"turns":5.0},{"damage":18.0,"enemies":"Shell Parasite","floor":22.0,"turns":5.0},{"damage":33.0,"enemies":"Slavers","floor":23.0,"turns":3.0},{"damage":18.0,"enemies":"Cultist and Chosen","floor":31.0,"turns":6.0},{"damage":22.0,"enemies":"Collector","floor":33.0,"turns":13.0},{"damage":9.0,"enemies":"Orb Walker","floor":35.0,"turns":4.0},{"damage":0.0,"enemies":"3 Darklings","floor":37.0,"turns":5.0},{"damage":6.0,"enemies":"Jaw Worm Horde","floor":39.0,"turns":5.0},{"damage":3.0,"enemies":"Nemesis","floor":41.0,"turns":7.0},{"damage":33.0,"enemies":"Mind Bloom Boss Battle","floor":42.0,"turns":4.0},{"damage":14.0,"enemies":"4 Shapes","floor":44.0,"turns":2.0},{"damage":14.0,"enemies":"Transient","floor":46.0,"turns":6.0},{"damage":0.0,"enemies":"Giant Head","floor":47.0,"turns":8.0},{"damage":0.0,"enemies":"Writhing Mass","floor":48.0,"turns":6.0},{"damage":17,"enemies":"Time Eater","floor":50,"turns":12},{"damage":4,"enemies":"Awakened One","floor":51,"turns":11},{"damage":10,"enemies":"Shield and Spear","floor":55,"turns":6},{"damage":27,"enemies":"The Heart","floor":56,"turns":9}],"seed_played":"7679111297258724937","potions_obtained":[{"floor":1.0,"key":"Fire Potion"},{"floor":2.0,"key":"ColorlessPotion"},{"floor":6.0,"key":"SteroidPotion"},{"floor":11.0,"key":"Fruit Juice"},{"floor":18.0,"key":"SmokeBomb"},{"floor":35.0,"key":"Dexterity Potion"},{"floor":42.0,"key":"BloodPotion"},{"floor":46.0,"key":"GamblersBrew"}],"is_trial":false,"path_per_floor":["M","M","?","$","?","E","R","E","T","M","M","M","M","?","R","B",null,"M","?","$","?","M","E","R","?","T","R","?","R","$","M","R","B",null,"M","?","M","$","M","R","E","?","T","M","T","M","E","M","R","B","B",null,"R","$","E","B",null],"character_chosen":"IRONCLAD","items_purchased":["Dark Embrace","Medical Kit","Body Slam","Evolve","Shrug It Off","Burning Pact+1","Barricade","Panacea+1"],"campfire_rested":3,"item_purchase_floors":[4,4,4,20,20,38,54,54],"current_hp_per_floor":[70,71,45,45,45,14,36,18,18,16,17,19,8,8,32,12,63,64,64,64,64,55,28,28,28,28,28,28,40,40,28,28,16,38,38,38,44,44,48,62,65,41,41,37,44,52,58,64,64,53,55,74,74,74,70,53],"gold":37,"neow_bonus":"TRANSFORM_TWO_CARDS","is_daily":false,"chose_seed":false,"campfire_upgraded":0,"win_rate":0.0,"timestamp":1609417683,"path_taken":["M","?","?","$","?","E","R","E","T","M","M","M","?","?","R","BOSS","M","?","$","?","?","E","R","?","T","R","?","R","?","?","R","BOSS","M","?","M","$","?","R","E","?","T","M","?","M","E","M","R","BOSS","BOSS","R","$","E","BOSS"],"items_purchased_type":["Card","Relic","Card","Card","Card","Card","Card","Card"],"build_version":"2020-12-22","purchased_purges":3,"victory":true,"max_hp_per_floor":[75,75,75,75,75,75,75,75,75,75,80,80,80,80,80,80,80,80,80,80,80,83,83,83,83,83,83,41,41,41,41,41,45,45,48,48,48,48,52,66,66,69,69,73,80,80,80,80,80,80,80,80,80,80,80,84],"relic_stats":{"Gremlin Horn":[22,24],"counters":[27,160],"PreservedInsect":207,"Pen Nib":[1],"Letter Opener":[506],"Medical Kit":[78],"Burning Blood":162,"WarpedTongs":[147],"Shovel":5,"Shuriken":[9],"Bronze Scales":[426],"obtain_stats":[{"Gremlin Horn":9,"Mango":40,"PreservedInsect":41,"Pen Nib":55,"Incense Burner":42,"Letter Opener":8,"Bottled Tornado":53,"Medical Kit":4,"Empty Cage":34,"Burning Blood":0,"Old Coin":3,"WarpedTongs":5,"Shovel":6,"Shuriken":47,"Bronze Scales":24,"Strawberry":45,"Mark of Pain":17,"Toxic Egg 2":27,"InkBottle":26,"Unceasing Top":32},{"Gremlin Horn":4,"Mango":17,"PreservedInsect":18,"Pen Nib":26,"Incense Burner":19,"Letter Opener":4,"Bottled Tornado":25,"Medical Kit":2,"Empty Cage":14,"Burning Blood":0,"Old Coin":2,"WarpedTongs":2,"Shovel":3,"Shuriken":22,"Bronze Scales":12,"Strawberry":20,"Mark of Pain":9,"Toxic Egg 2":12,"InkBottle":12,"Unceasing Top":13},{"Gremlin Horn":19,"Mango":89,"PreservedInsect":96,"Pen Nib":151,"Incense Burner":100,"Letter Opener":19,"Bottled Tornado":145,"Medical Kit":7,"Empty Cage":75,"Burning Blood":0,"Old Coin":7,"WarpedTongs":7,"Shovel":11,"Shuriken":116,"Bronze Scales":56,"Strawberry":102,"Mark of Pain":43,"Toxic Egg 2":56,"InkBottle":56,"Unceasing Top":62}],"InkBottle":[57],"Unceasing Top":[2]},"card_choices":[{"not_picked":["Warcry","Heavy Blade"],"picked":"Second Wind","floor":1.0},{"not_picked":["Flex","Anger"],"picked":"Headbutt","floor":2.0},{"not_picked":["Armaments","Body Slam"],"picked":"Reckless Charge","floor":6.0},{"not_picked":["Spot Weakness","Sword Boomerang","True Grit"],"picked":"SKIP","floor":8.0},{"not_picked":["Headbutt","Clothesline","Searing Blow"],"picked":"SKIP","floor":10.0},{"not_picked":["Berserk","Armaments","Flex"],"picked":"SKIP","floor":11.0},{"not_picked":["Iron Wave","Dark Embrace"],"picked":"Power Through","floor":12.0},{"not_picked":["Flex","Disarm"],"picked":"Fire Breathing","floor":13.0},{"not_picked":["Corruption","Limit Break"],"picked":"Feed","floor":16.0},{"not_picked":["Iron Wave+1","Uppercut","Perfected Strike"],"picked":"SKIP","floor":18.0},{"not_picked":["Bloodletting","Metallicize"],"picked":"Shrug It Off","floor":22.0},{"not_picked":["Blood for Blood","Second Wind+1","Wild Strike"],"picked":"SKIP","floor":31.0},{"not_picked":["Immolate","Reaper"],"picked":"Impervious+1","floor":33.0},{"not_picked":["Clash+1","Searing Blow"],"picked":"Warcry+1","floor":35.0},{"not_picked":["Evolve","Cleave","Blood for Blood"],"picked":"SKIP","floor":37.0},{"not_picked":["Clothesline","Metallicize","Blood for Blood"],"picked":"SKIP","floor":39.0},{"not_picked":["Shockwave+1","Evolve"],"picked":"Body Slam","floor":41.0},{"not_picked":["Twin Strike","Rampage"],"picked":"Shrug It Off+1","floor":44.0},{"not_picked":["Body Slam","Wild Strike","Thunderclap"],"picked":"SKIP","floor":46.0},{"not_picked":["Clash","Headbutt","Wild Strike"],"picked":"SKIP","floor":47.0},{"not_picked":["Inflame","Heavy Blade","Pummel+1"],"picked":"SKIP","floor":48.0},{"not_picked":["Metallicize","Headbutt","Clothesline+1"],"picked":"SKIP","floor":55}],"player_experience":1122503,"relics_obtained":[{"floor":6.0,"key":"Shovel"},{"floor":8.0,"key":"Letter Opener"},{"floor":9.0,"key":"Gremlin Horn"},{"floor":24.0,"key":"Bronze Scales"},{"floor":26.0,"key":"InkBottle"},{"floor":27.0,"key":"Toxic Egg 2"},{"floor":32.0,"key":"Unceasing Top"},{"floor":40.0,"key":"Mango"},{"floor":41.0,"key":"PreservedInsect"},{"floor":42.0,"key":"Incense Burner"},{"floor":45.0,"key":"Strawberry"},{"floor":47.0,"key":"Shuriken"},{"floor":53,"key":"Bottled Tornado"},{"floor":55,"key":"Pen Nib"}],"event_choices":[{"damage_healed":0.0,"max_hp_gain":0.0,"max_hp_loss":0.0,"gold_gain":0.0,"event_name":"Scrap Ooze","player_choice":"Success","floor":3.0,"gold_loss":0.0,"damage_taken":26.0,"relics_obtained":["Old Coin"]},{"damage_healed":0.0,"max_hp_gain":0.0,"max_hp_loss":0.0,"gold_gain":0.0,"event_name":"Accursed Blacksmith","player_choice":"Rummage","floor":5.0,"gold_loss":0.0,"damage_taken":0.0,"relics_obtained":["WarpedTongs"],"cards_obtained":["Pain"]},{"cards_removed":["Pain"],"damage_healed":0.0,"max_hp_gain":0.0,"max_hp_loss":0.0,"gold_gain":0.0,"event_name":"Living Wall","player_choice":"Forget","floor":14.0,"gold_loss":0.0,"damage_taken":0.0},{"damage_healed":0.0,"max_hp_gain":0.0,"max_hp_loss":0.0,"gold_gain":50.0,"event_name":"Nest","player_choice":"Stole From Cult","floor":19.0,"gold_loss":0.0,"damage_taken":0.0},{"damage_healed":0.0,"max_hp_gain":0.0,"max_hp_loss":0.0,"gold_gain":0.0,"event_name":"Match and Keep!","player_choice":"0 cards matched","floor":21.0,"gold_loss":0.0,"damage_taken":0.0,"cards_obtained":[]},{"damage_healed":0.0,"max_hp_gain":0.0,"max_hp_loss":0.0,"gold_gain":0.0,"cards_transformed":["Strike_R","Strike_R"],"event_name":"Drug Dealer","player_choice":"Became Test Subject","floor":25.0,"gold_loss":0.0,"damage_taken":0.0,"cards_obtained":["Flex","Rage"]},{"damage_healed":0.0,"max_hp_gain":0.0,"max_hp_loss":42.0,"gold_gain":0.0,"event_name":"Ghosts","player_choice":"Became a Ghost","floor":28.0,"gold_loss":0.0,"damage_taken":0.0,"cards_obtained":["Ghostly","Ghostly","Ghostly"]},{"damage_healed":0.0,"max_hp_gain":0.0,"max_hp_loss":0.0,"gold_gain":0.0,"cards_transformed":["Defend_R"],"event_name":"Transmorgrifier","player_choice":"Transformed","floor":36.0,"gold_loss":0.0,"damage_taken":0.0,"cards_obtained":["Bloodletting"]},{"damage_healed":0.0,"max_hp_gain":0.0,"max_hp_loss":0.0,"gold_gain":0.0,"event_name":"MindBloom","player_choice":"Fight","floor":42.0,"gold_loss":0.0,"damage_taken":0.0}],"is_beta":false,"boss_relics":[{"not_picked":["Snecko Eye","Astrolabe"],"picked":"Mark of Pain"},{"not_picked":["Tiny House","Philosopher\u0027s Stone"],"picked":"Empty Cage"}],"items_purged_floors":[4,20,38],"is_endless":false,"potions_floor_spawned":[1,2,6,11,18,35,42,46,48,55],"ascension_level":20}}