{"host":"appz8zkad29u9482","time":1609396696,"event":{"mods":["2.2 Compatiblity","Act Like it!","Aspiration","BaseMod","Better Altar","Better Match","Better Note","Better Skull","Better Third Choice","BetterRewards","CapriCore","Conspire","Disable Question Mark Monsters","Energized Spire","Gensokyo","GifTheSpireLib","Gold Saver","Halation","Hermit","Hubris","Infinite Spire","Jedi Mod","Jorbs\u0027s Wanderer Trilogy","Koishi","Marisa????????","Minty Spire (QoL Compilation)","Permanent Neow","Reimu??????","Replay The Spire","Spicy Shops","StSLib","Strawberry Spire","Stuff the Spire","The Administrix","The Cursed","The Hierophant","The Immortal","The Marked","The Servant 0.9.4","yUi"],"gold_per_floor":[731,750,194,210,210,210,235,235,235,235,259,259,71,71,71,173,173,191,391,316,316,345,345,367,389,389,664,685,218,241,253,253],"floor_reached":31,"playtime":2273,"items_purged":[],"score":385,"play_id":"c813f252-a311-4f7b-8278-0760a0f76c8a","local_time":"20201230203816","is_ascension_mode":false,"campfire_choices":[{"data":"TheCursedMod:EmpowerCircles","floor":6,"key":"SMITH"},{"data":"TheCursedMod:CursedWand","floor":10,"key":"SMITH"},{"data":"TheCursedMod:HellfireBreathing","floor":15,"key":"SMITH"},{"data":"TheCursedMod:CollectTribute","floor":23,"key":"SMITH"}],"circlet_count":0,"master_deck":["TheCursedMod:Strike_TheCursed","TheCursedMod:Strike_TheCursed","TheCursedMod:Strike_TheCursed","TheCursedMod:Defend_TheCursed","TheCursedMod:Defend_TheCursed","TheCursedMod:Defend_TheCursed","TheCursedMod:Defend_TheCursed","TheCursedMod:CursedWand+1","TheCursedMod:CleanUpWorkshop","TheCursedMod:Dregs","TheCursedMod:EmpowerCircles+1","TheCursedMod:FleshFromBone","TheCursedMod:HellfireBreathing+1","TheCursedMod:CursedBlade","TheCursedMod:CircleOfCorruption","TheCursedMod:ForbiddenAlchemy+1","TheCursedMod:CursedSpellbook","TheCursedMod:CursedSpellbook","Injury","TheCursedMod:HellsGateOpen+1","TheCursedMod:Grudge","Burn","TheCursedMod:CollectTribute+1","strawberrySpire:AscendersBanana","hubris:Greed","Voices","TheCursedMod:ReleasedStrength","TheCursedMod:HellfireBreathing+1","TheCursedMod:SpitefulPlan+1","TheCursedMod:Evocation+1","TheCursedMod:ShockAndAwe","TheCursedMod:CircleOfCorruption+1","Regret","TheCursedMod:CircleOfAbyss"],"relics":["TheCursedMod:BlackMagic101","halation:PromiseList","Replay:Towering Pillar of Hats","PureWhite:ReiMu","infinitespire:Midas Blood","Centennial Puzzle","Replay:Ancient Bell","jedi:shrinkray","White Beast Statue","conspire:InfiniteJournal","Nloth\u0027s Gift","StuffTheSpire:Nightcore","Replay:Wax Seal","Toolbox","aspiration:StickyExplosives_weak"],"acts_visited":["Exordium","TheCity"],"potions_floor_usage":[7,7,7,7,11,11,11,16,16,16,16,16,16,16,18,18,18,18,18,22,22,22,22,24,24,25,25,25,25,25,25,25,28,28,28,30,30,30,30,30,30,31,31,31,31],"damage_taken":[{"damage":0,"enemies":"Jaw Worm","floor":1,"turns":5},{"damage":0,"enemies":"2 Louse","floor":2,"turns":3},{"damage":2,"enemies":"Small Slimes","floor":4,"turns":3},{"damage":18,"enemies":"strawberrySpire:EnergyPylons","floor":7,"turns":3},{"damage":19,"enemies":"3 Louse","floor":11,"turns":3},{"damage":0,"enemies":"Slime Boss","floor":16,"turns":7},{"damage":6,"enemies":"Chosen","floor":18,"turns":5},{"damage":14,"enemies":"Spheric Guardian","floor":22,"turns":4},{"damage":2,"enemies":"Snecko","floor":24,"turns":5},{"damage":2,"enemies":"Shelled Parasite and Fungi","floor":25,"turns":4},{"damage":5,"enemies":"Cultist and Chosen","floor":28,"turns":3},{"damage":2,"enemies":"Centurion and Healer","floor":30,"turns":3},{"damage":45,"enemies":"Nightmare","floor":31,"turns":2}],"seed_played":"5205516689500893306","potions_obtained":[{"floor":1,"key":"Swift Potion"},{"floor":2,"key":"LiquidMemories"},{"floor":18,"key":"LiquidBronze"},{"floor":24,"key":"infinitespire:BlackPotion"},{"floor":28,"key":"LiquidMemories"}],"is_trial":false,"path_per_floor":["M","M","$","M","?","R","E","?","T","R","M","?","$","?","R","B",null,"M","?","?","?","M","R","M","M","T","?","M","$","M","NM"],"character_chosen":"THE_CURSED","items_purchased":["halation:PromiseList","Replay:Towering Pillar of Hats","TheCursedMod:CursedBlade","TheCursedMod:CircleOfCorruption","Centennial Puzzle","TheCursedMod:HellsGateOpen+1","TheCursedMod:Grudge","TheCursedMod:CircleOfAbyss","Replay:Wax Seal","Toolbox","aspiration:StickyExplosives_weak"],"campfire_rested":0,"item_purchase_floors":[3,3,3,3,13,13,13,29,29,29,29],"current_hp_per_floor":[75,75,75,73,73,73,55,55,55,55,36,51,51,51,51,51,75,69,69,69,69,55,55,53,51,51,51,46,46,44,0,0],"gold":253,"neow_bonus":"TRANSFORM_CARD","is_daily":false,"chose_seed":false,"campfire_upgraded":4,"win_rate":0.0,"timestamp":1609396696,"path_taken":["M","M","$","M","?","R","E","?","T","R","M","?","$","?","R","BOSS","M","?","?","?","?","R","M","M","T","?","M","?","M","NM"],"items_purchased_type":["Relic","Relic","Card","Card","Relic","Card","Card","Card","Relic","Relic","Relic"],"build_version":"2020-12-22","purchased_purges":0,"victory":false,"max_hp_per_floor":[75,75,75,75,75,75,75,75,75,75,75,75,75,75,75,75,75,75,75,75,75,75,75,75,75,75,75,75,75,75,75,75],"card_choices":[{"not_picked":["TheCursedMod:TacticalStrike","TheCursedMod:SurpriseAttack"],"picked":"TheCursedMod:FleshFromBone","floor":1},{"not_picked":["TheCursedMod:RavingStaff","TheCursedMod:EmpowerCircles"],"picked":"TheCursedMod:HellfireBreathing","floor":2},{"not_picked":["TheCursedMod:CircleOfWindfury","TheCursedMod:CursedShiv"],"picked":"TheCursedMod:ForbiddenAlchemy","floor":4},{"not_picked":["TheCursedMod:FleshFromBone","TheCursedMod:StingEye"],"picked":"TheCursedMod:CursedSpellbook","floor":7},{"not_picked":["TheCursedMod:CircleOfCorruption","TheCursedMod:FleshFromBone"],"picked":"TheCursedMod:CursedSpellbook","floor":11},{"not_picked":["TheCursedMod:ManaCirculation","TheCursedMod:DemonicPact"],"picked":"TheCursedMod:CollectTribute","floor":16},{"not_picked":["hubris:Lust","Amnesia"],"picked":"strawberrySpire:AscendersBanana","floor":17},{"not_picked":["conspire:Blindness","Injury"],"picked":"hubris:Greed","floor":17},{"not_picked":["Replay:Hysterical Blindness","hubris:Disease"],"picked":"Voices","floor":17},{"not_picked":["TheCursedMod:CursedAmulet","TheCursedMod:CircleOfWindfury"],"picked":"TheCursedMod:ReleasedStrength","floor":18},{"not_picked":["TheCursedMod:CircleOfWindfury+1","TheCursedMod:AshesToAshes+1"],"picked":"TheCursedMod:HellfireBreathing+1","floor":20},{"not_picked":["TheCursedMod:SpreadPlague+1","TheCursedMod:HellsGateOpen+1"],"picked":"TheCursedMod:SpitefulPlan+1","floor":20},{"not_picked":["TheCursedMod:CircleOfFocus","TheCursedMod:TroublousMinions+1"],"picked":"TheCursedMod:Evocation+1","floor":22},{"not_picked":["TheCursedMod:Wield","TheCursedMod:CircleOfCorruption"],"picked":"TheCursedMod:ShockAndAwe","floor":24},{"not_picked":["TheCursedMod:BloodBarrier","TheCursedMod:CursedAmulet"],"picked":"TheCursedMod:CircleOfCorruption+1","floor":25},{"not_picked":["TheCursedMod:Torture","TheCursedMod:CursedSpellbook","TheCursedMod:CursedShiv"],"picked":"SKIP","floor":28},{"not_picked":["TheCursedMod:CursedShiv","TheCursedMod:CursedAmulet","TheCursedMod:CursedArmor"],"picked":"SKIP","floor":30}],"player_experience":405004,"relics_obtained":[{"floor":7,"key":"PureWhite:ReiMu"},{"floor":8,"key":"hubris:BundleOfHerbs"},{"floor":9,"key":"infinitespire:Midas Blood"},{"floor":26,"key":"StuffTheSpire:Nightcore"}],"event_choices":[{"damage_healed":0,"gold_gain":0,"player_choice":"Grow","damage_taken":0,"max_hp_gain":0,"max_hp_loss":0,"event_name":"Living Wall","floor":5,"gold_loss":0,"cards_upgraded":["TheCursedMod:ForbiddenAlchemy"]},{"damage_healed":51,"gold_gain":0,"player_choice":"Embrace Burn","damage_taken":0,"max_hp_gain":0,"max_hp_loss":75,"event_name":"betterThird:BetterShining","floor":14,"gold_loss":0},{"damage_healed":0,"gold_gain":200,"player_choice":"Gold","damage_taken":0,"max_hp_gain":0,"max_hp_loss":0,"event_name":"Wheel of Change","floor":19,"gold_loss":0},{"damage_healed":0,"gold_gain":0,"player_choice":"2","damage_taken":0,"max_hp_gain":0,"max_hp_loss":0,"event_name":"betterMatch:BetterMatch","floor":20,"gold_loss":0,"cards_obtained":["betterMatch:UncommonCard","betterMatch:UncommonCard"]},{"damage_healed":0,"gold_gain":0,"player_choice":"Traded Relic","damage_taken":0,"relics_obtained":["Nloth\u0027s Gift"],"max_hp_gain":0,"max_hp_loss":0,"event_name":"N\u0027loth","floor":21,"relics_lost":["hubris:BundleOfHerbs"],"gold_loss":0},{"damage_healed":0,"gold_gain":275,"player_choice":"Desecrate","damage_taken":0,"max_hp_gain":0,"max_hp_loss":0,"event_name":"Golden Shrine","floor":27,"gold_loss":0,"cards_obtained":["Regret"]}],"is_beta":false,"boss_relics":[{"not_picked":["Abe\u0027s Treasure","hubris:TerracottaHorce"],"picked":"Replay:Ancient Bell"},{"not_picked":["infinitespire:Beetle Shell","halation:AfternoonTea"],"picked":"jedi:shrinkray"},{"not_picked":["Pear","TheCursedMod:BloodyHarpoon"],"picked":"White Beast Statue"},{"not_picked":["StoneCalendar","hubris:AstralHammer"],"picked":"conspire:InfiniteJournal"}],"items_purged_floors":[],"is_endless":false,"potions_floor_spawned":[1,2,18,22,24,25,28,30],"killed_by":"Nightmare","ascension_level":0}}