{"host":"szp1d6dso4pv7ddl","time":1609377929,"event":{"mods":["AchievementEnabler","Alarm Clock","BaseMod","Bestiary","Block Reminder","Colored Map","Colored Powertips","Curses Come First","Displayed Cursed Tome","Highlight Path","Minty Spire (QoL Compilation)","Permanent Neow","Quick Restart","Relic Sorter","Relic Stats","StSLib","Synergy Search"],"gold_per_floor":[109,109,60,77,87,87,34,51,51,51,51,66,80,96,96,175,225,238,163,23,23,33,33,51,51,101,135,152,10,21,21,21,21,21],"floor_reached":33,"playtime":1652,"items_purged":[],"score":453,"play_id":"4a1e88a2-80a7-4696-8232-5e253ef52688","local_time":"20201230172529","is_ascension_mode":true,"campfire_choices":[{"data":"Accuracy","floor":6,"key":"SMITH"},{"data":"Blade Dance","floor":11,"key":"SMITH"},{"floor":15,"key":"REST"},{"floor":23,"key":"REST"},{"floor":25,"key":"REST"},{"floor":32,"key":"REST"}],"circlet_count":0,"master_deck":["AscendersBane","Strike_G","Strike_G","Strike_G+1","Defend_G","Defend_G","Defend_G","Survivor","Neutralize","Flying Knee","Riddle With Holes","Dagger Throw","Underhanded Strike","Accuracy+1","Infinite Blades","Blade Dance+1","Footwork","Backflip","Envenom","Dodge and Roll","Phantasmal Killer","Cloak And Dagger","A Thousand Cuts","Deflect","Accuracy+1","Accuracy","Flash of Steel","Cloak And Dagger","Blade Dance"],"relics":["Ring of the Snake","Lantern","Tiny House","Tiny Chest","Bottled Lightning"],"acts_visited":["Exordium","TheCity"],"potions_floor_usage":[16,16,27,30],"damage_taken":[{"damage":0,"enemies":"Jaw Worm","floor":1,"turns":3},{"damage":0,"enemies":"Cultist","floor":4,"turns":3},{"damage":5,"enemies":"2 Louse","floor":5,"turns":2},{"damage":1,"enemies":"Exordium Wildlife","floor":8,"turns":4},{"damage":1,"enemies":"Lots of Slimes","floor":12,"turns":3},{"damage":0,"enemies":"2 Fungi Beasts","floor":13,"turns":2},{"damage":18,"enemies":"Large Slime","floor":14,"turns":5},{"damage":19,"enemies":"Hexaghost","floor":16,"turns":6},{"damage":0,"enemies":"Chosen","floor":18,"turns":3},{"damage":7,"enemies":"Shell Parasite","floor":22,"turns":3},{"damage":27,"enemies":"Centurion and Healer","floor":24,"turns":6},{"damage":19,"enemies":"Book of Stabbing","floor":27,"turns":4},{"damage":22,"enemies":"Snecko","floor":28,"turns":4},{"damage":6,"enemies":"Chosen and Byrds","floor":30,"turns":2},{"damage":25,"enemies":"Collector","floor":33,"turns":2}],"seed_played":"-8192455040246550006","potions_obtained":[{"floor":1,"key":"Poison Potion"},{"floor":5,"key":"AttackPotion"},{"floor":16,"key":"Fire Potion"},{"floor":17,"key":"SmokeBomb"},{"floor":28,"key":"CunningPotion"}],"is_trial":false,"path_per_floor":["M","?","$","M","M","R","$","M","T","$","R","M","M","M","R","B",null,"M","?","$","?","M","R","M","R","T","E","M","$","M","$","R","B"],"character_chosen":"THE_SILENT","items_purchased":["Underhanded Strike","Blade Dance","A Thousand Cuts","Flash of Steel","Cloak And Dagger"],"campfire_rested":4,"item_purchase_floors":[3,7,20,29,29],"current_hp_per_floor":[44,44,44,44,39,39,39,38,38,38,38,37,37,19,38,19,59,59,59,59,39,32,54,27,49,49,30,8,8,2,2,24,0,0],"gold":21,"neow_bonus":"TRANSFORM_TWO_CARDS","is_daily":false,"chose_seed":false,"campfire_upgraded":2,"win_rate":0.0,"timestamp":1609377929,"path_taken":["M","?","?","M","M","R","$","?","T","?","R","M","M","M","R","BOSS","M","?","$","?","M","R","M","R","T","E","M","?","?","$","R","BOSS"],"items_purchased_type":["Card","Card","Card","Card","Card"],"build_version":"2020-12-22","purchased_purges":0,"victory":false,"max_hp_per_floor":[66,66,66,66,66,66,66,66,66,66,66,66,66,66,66,66,71,71,71,71,76,76,76,76,76,76,76,76,76,76,76,76,76,76],"relic_stats":{"counters":[15,52],"Tiny Chest":0,"obtain_stats":[{"Lantern":9,"Tiny House":17,"Tiny Chest":26,"Bottled Lightning":27,"Ring of the Snake":0},{"Lantern":4,"Tiny House":8,"Tiny Chest":11,"Bottled Lightning":12,"Ring of the Snake":0},{"Lantern":12,"Tiny House":28,"Tiny Chest":40,"Bottled Lightning":44,"Ring of the Snake":0}],"Ring of the Snake":[30]},"card_choices":[{"not_picked":["Blur","Acrobatics"],"picked":"Dagger Throw","floor":1},{"not_picked":["Calculated Gamble","Finisher"],"picked":"Accuracy","floor":4},{"not_picked":["Reflex","Poisoned Stab"],"picked":"Infinite Blades","floor":5},{"not_picked":["Deadly Poison","Dodge and Roll"],"picked":"Footwork","floor":8},{"not_picked":["Acrobatics","Deadly Poison"],"picked":"Backflip","floor":12},{"not_picked":["Noxious Fumes","Terror"],"picked":"Envenom","floor":13},{"not_picked":["Outmaneuver","Acrobatics"],"picked":"Dodge and Roll","floor":14},{"not_picked":["Malaise","Doppelganger"],"picked":"Phantasmal Killer","floor":16},{"not_picked":["Outmaneuver","Backflip"],"picked":"Cloak And Dagger","floor":17},{"not_picked":["Dagger Spray","All Out Attack","Crippling Poison"],"picked":"SKIP","floor":18},{"not_picked":["Well Laid Plans","Sucker Punch"],"picked":"Deflect","floor":22},{"not_picked":["Endless Agony","Concentrate"],"picked":"Accuracy+1","floor":24},{"not_picked":["Terror","Leg Sweep"],"picked":"Accuracy","floor":27},{"not_picked":["Dagger Throw","Deadly Poison","Corpse Explosion"],"picked":"SKIP","floor":28},{"not_picked":["Escape Plan","Slice"],"picked":"Blade Dance","floor":30}],"player_experience":1078045,"relics_obtained":[{"floor":9,"key":"Lantern"},{"floor":26,"key":"Tiny Chest"},{"floor":27,"key":"Bottled Lightning"}],"event_choices":[{"cards_removed":["Defend_G"],"damage_healed":0,"gold_gain":0,"player_choice":"Purged","damage_taken":0,"max_hp_gain":0,"max_hp_loss":0,"event_name":"Purifier","floor":2,"gold_loss":0},{"cards_removed":["Strike_G"],"damage_healed":0,"gold_gain":0,"player_choice":"Gave Gold","damage_taken":0,"max_hp_gain":0,"max_hp_loss":0,"event_name":"Beggar","floor":19,"gold_loss":75},{"damage_healed":0,"gold_gain":0,"player_choice":"Shed Blood","damage_taken":25,"max_hp_gain":5,"max_hp_loss":0,"event_name":"Forgotten Altar","floor":21,"gold_loss":0}],"is_beta":false,"boss_relics":[{"not_picked":["Black Star","Velvet Choker"],"picked":"Tiny House"}],"items_purged_floors":[],"is_endless":false,"potions_floor_spawned":[1,5,8,13,16,22,28],"killed_by":"Collector","ascension_level":15}}