{"host":"etr9f2q07ig588e0","time":1609415917,"event":{"mods":["BaseMod","Downfall","Googly Eyes","Hubris","Minty Spire (QoL Compilation)","Replay The Spire","StSLib","SuperFastMode"],"gold_per_floor":[117,134,134,153,172,172,206,206,232,251,251,276,312,312,312,432,432,372,393,393,393,393],"floor_reached":21,"playtime":719,"items_purged":[],"score":256,"play_id":"b4885520-dad7-4a35-a451-fe2198b91d99","local_time":"20201231145837","is_ascension_mode":true,"campfire_choices":[{"floor":6,"key":"REST"},{"floor":15,"key":"REST"}],"circlet_count":0,"master_deck":["Strike_B","Strike_B","Strike_B","Strike_B","Defend_B+1","Defend_B+1","Defend_B","Defend_B","Zap","Dualcast","Loop","Undo","Ball Lightning","Hologram","Self Repair+1","Auto Shields","Stack","FIFO Queue","All For One","Coolheaded","Redo+1"],"relics":["Cracked Core","PreservedInsect","Golden Idol","War Paint","Replay:Multitool","hubris:HollowSoul","Spirit Poop"],"acts_visited":["Exordium","TheCity"],"potions_floor_usage":[10,13,13,13,19],"damage_taken":[{"damage":0,"enemies":"2 Louse","floor":1,"turns":2},{"damage":1,"enemies":"Cultist","floor":2,"turns":3},{"damage":2,"enemies":"Jaw Worm","floor":4,"turns":4},{"damage":24,"enemies":"Gremlin Gang","floor":5,"turns":4},{"damage":22,"enemies":"3 Sentries","floor":7,"turns":7},{"damage":35,"enemies":"Exordium Thugs","floor":10,"turns":4},{"damage":11,"enemies":"Lots of Slimes","floor":12,"turns":4},{"damage":0,"enemies":"Gremlin Nob","floor":13,"turns":4},{"damage":54,"enemies":"Fading Forest","floor":16,"turns":11},{"damage":18,"enemies":"2 Thieves","floor":18,"turns":4},{"damage":36,"enemies":"Chosen","floor":19,"turns":7},{"damage":23,"enemies":"Centurion and Healer","floor":21,"turns":1}],"seed_played":"7519735947225104552","potions_obtained":[{"floor":1,"key":"PowerPotion"},{"floor":2,"key":"Strength Potion"},{"floor":4,"key":"Dexterity Potion"},{"floor":12,"key":"Fire Potion"},{"floor":13,"key":"Block Potion"}],"is_trial":false,"path_per_floor":["M","M","?","M","M","R","E","?","T","M","?","M","E","$","R","B",null,"M","M","?","M"],"character_chosen":"DEFECT","items_purchased":[],"campfire_rested":2,"item_purchase_floors":[],"current_hp_per_floor":[82,81,81,79,55,79,57,57,57,29,29,18,28,28,52,16,82,64,38,38,0,0],"gold":393,"neow_bonus":"TEN_PERCENT_HP_BONUS","is_daily":false,"chose_seed":false,"campfire_upgraded":0,"win_rate":0.0,"timestamp":1609415917,"path_taken":["M","M","?","M","?","R","E","?","T","M","?","?","E","?","R","BOSS","M","M","?","?"],"items_purchased_type":[],"build_version":"2020-12-22","purchased_purges":0,"victory":false,"max_hp_per_floor":[82,82,82,82,82,82,82,82,82,82,82,82,82,82,82,82,82,82,82,82,82,82],"card_choices":[{"not_picked":["FIFO Queue","Storm"],"picked":"Loop","floor":1},{"not_picked":["Compile Driver","Recycle"],"picked":"Undo","floor":2},{"not_picked":["ReplayTheSpireMod:System Scan","Beam Cell"],"picked":"Ball Lightning","floor":4},{"not_picked":["Barrage","ReplaySort"],"picked":"Hologram","floor":5},{"not_picked":["Go for the Eyes","Meteor Strike"],"picked":"Self Repair","floor":7},{"not_picked":["Gash","Sweeping Beam"],"picked":"Auto Shields","floor":10},{"not_picked":["Barrage","Panic Button"],"picked":"Stack","floor":12},{"not_picked":["Barrage","Panic Button"],"picked":"FIFO Queue","floor":13},{"not_picked":["Machine Learning","Buffer"],"picked":"All For One","floor":16},{"not_picked":["Panic Button","Cold Snap+1"],"picked":"Coolheaded","floor":18},{"not_picked":["Heatsinks","ReplayTheSpireMod:GoodbyeWorld"],"picked":"Redo+1","floor":19}],"player_experience":421960,"relics_obtained":[{"floor":7,"key":"PreservedInsect"},{"floor":9,"key":"War Paint"},{"floor":13,"key":"Replay:Multitool"}],"event_choices":[{"damage_healed":0,"gold_gain":0,"player_choice":"Leave","damage_taken":0,"max_hp_gain":0,"max_hp_loss":0,"event_name":"FaceTrader","floor":3,"gold_loss":0},{"damage_healed":0,"gold_gain":0,"player_choice":"Take Wound","damage_taken":0,"relics_obtained":["Golden Idol"],"max_hp_gain":0,"max_hp_loss":0,"event_name":"Golden Idol","floor":8,"gold_loss":0,"cards_obtained":["Injury"]},{"damage_healed":0,"gold_gain":0,"player_choice":"Upgraded","damage_taken":0,"max_hp_gain":0,"max_hp_loss":0,"event_name":"Upgrade Shrine","floor":11,"gold_loss":0,"cards_upgraded":["Self Repair"]},{"cards_removed":["Injury"],"damage_healed":0,"gold_gain":0,"player_choice":"Offered Curse","damage_taken":0,"relics_obtained":["Spirit Poop"],"max_hp_gain":0,"max_hp_loss":0,"event_name":"Bonfire Elementals","floor":20,"gold_loss":0}],"is_beta":false,"boss_relics":[{"not_picked":["Velvet Choker","hubris:GrandSneckoEye"],"picked":"hubris:HollowSoul"}],"items_purged_floors":[],"is_endless":false,"potions_floor_spawned":[1,2,4,12,13],"killed_by":"Centurion and Healer","ascension_level":4}}