{"host":"p6y17sixyu8q9v1f","time":1609419254,"event":{"mods":["BaseMod","Colored Map","Minty Spire (QoL Compilation)"],"gold_per_floor":[119,47,47,63,63,63,88,34,87,158,172,195,238,63,63,182,182,206,13,13,37,50,94,94,94,94],"floor_reached":25,"playtime":17156,"items_purged":[],"score":326,"play_id":"f1417daa-4c18-4bb7-a773-2ceeedddd20b","local_time":"20201231065414","is_ascension_mode":true,"campfire_choices":[{"data":"Perfected Strike","floor":6,"key":"SMITH"},{"data":"Armaments","floor":15,"key":"SMITH"},{"floor":24,"key":"REST"}],"circlet_count":0,"master_deck":["Strike_R+1","Strike_R+1","Strike_R+1","Strike_R+1","Strike_R+1","Defend_R+1","Defend_R+1","Defend_R+1","Defend_R+1","Bash","Thunderclap","Perfected Strike","Spot Weakness","Perfected Strike+1","Armaments+1","Perfected Strike","Pommel Strike","Clash","Inflame","Pommel Strike","Pommel Strike","Pommel Strike","Feed","Power Through+1"],"relics":["Burning Blood","Golden Idol","Art of War","Strawberry","Mango","Akabeko","SacredBark","Membership Card","Oddly Smooth Stone"],"acts_visited":["Exordium","TheCity"],"potions_floor_usage":[7,13,21],"damage_taken":[{"damage":11,"enemies":"Jaw Worm","floor":1,"turns":4},{"damage":7,"enemies":"2 Louse","floor":4,"turns":2},{"damage":4,"enemies":"Small Slimes","floor":7,"turns":2},{"damage":15,"enemies":"3 Sentries","floor":10,"turns":5},{"damage":14,"enemies":"3 Louse","floor":11,"turns":2},{"damage":6,"enemies":"Looter","floor":12,"turns":2},{"damage":8,"enemies":"Gremlin Nob","floor":13,"turns":3},{"damage":38,"enemies":"Hexaghost","floor":16,"turns":7},{"damage":21,"enemies":"Shell Parasite","floor":18,"turns":4},{"damage":16,"enemies":"Spheric Guardian","floor":21,"turns":4},{"damage":10,"enemies":"Snecko","floor":22,"turns":3},{"damage":80,"enemies":"Gremlin Leader","floor":23,"turns":5},{"damage":66,"enemies":"Book of Stabbing","floor":25,"turns":5}],"seed_played":"2722514808978633715","potions_obtained":[{"floor":1,"key":"Weak Potion"},{"floor":4,"key":"ElixirPotion"},{"floor":12,"key":"Strength Potion"},{"floor":18,"key":"BloodPotion"}],"is_trial":false,"path_per_floor":["M","$","?","M","?","R","M","$","T","?","M","M","E","$","R","B",null,"M","$","?","M","M","E","R","E"],"character_chosen":"IRONCLAD","items_purchased":["Spot Weakness","Perfected Strike","Pommel Strike","Akabeko","Membership Card","Feed"],"campfire_rested":1,"item_purchase_floors":[2,8,14,14,19,19],"current_hp_per_floor":[75,75,59,58,38,38,40,40,40,38,30,30,42,42,42,10,78,63,63,63,95,91,20,52,0,0],"gold":94,"neow_bonus":"THREE_CARDS","is_daily":false,"chose_seed":false,"campfire_upgraded":2,"win_rate":0.0,"timestamp":1609419254,"path_taken":["M","$","?","M","?","R","M","?","T","?","M","M","E","$","R","BOSS","M","$","?","M","M","E","R","E"],"items_purchased_type":["Card","Card","Card","Relic","Relic","Card"],"build_version":"2020-12-22","purchased_purges":0,"victory":false,"max_hp_per_floor":[80,80,80,80,80,80,80,80,80,87,87,87,101,101,101,101,101,101,101,101,105,105,108,108,108,108],"card_choices":[{"not_picked":["Pommel Strike","Power Through"],"picked":"Thunderclap","floor":0},{"not_picked":["Uppercut","Power Through"],"picked":"Perfected Strike","floor":1},{"not_picked":["Clothesline","Havoc"],"picked":"Perfected Strike","floor":4},{"not_picked":["Thunderclap","Seeing Red"],"picked":"Armaments","floor":7},{"not_picked":["Uppercut","Sword Boomerang"],"picked":"Pommel Strike","floor":10},{"not_picked":["Power Through","Armaments"],"picked":"Clash","floor":11},{"not_picked":["Perfected Strike","Flex"],"picked":"Inflame","floor":12},{"not_picked":["Warcry","Carnage"],"picked":"Pommel Strike","floor":13},{"not_picked":["Sword Boomerang","Uppercut"],"picked":"Pommel Strike","floor":18},{"not_picked":["Iron Wave+1","Battle Trance"],"picked":"Power Through+1","floor":21},{"not_picked":["Sword Boomerang+1","Dropkick","Hemokinesis+1"],"picked":"SKIP","floor":22},{"not_picked":["Second Wind","Berserk","Blood for Blood+1"],"picked":"SKIP","floor":23}],"player_experience":808522,"relics_obtained":[{"floor":9,"key":"Art of War"},{"floor":10,"key":"Strawberry"},{"floor":13,"key":"Mango"},{"floor":23,"key":"Oddly Smooth Stone"}],"event_choices":[{"damage_healed":0,"gold_gain":0,"player_choice":"Entered Light","damage_taken":16,"max_hp_gain":0,"max_hp_loss":0,"event_name":"Shining Light","floor":3,"gold_loss":0,"cards_upgraded":["Defend_R","Strike_R"]},{"damage_healed":0,"gold_gain":0,"player_choice":"Take Damage","damage_taken":20,"relics_obtained":["Golden Idol"],"max_hp_gain":0,"max_hp_loss":0,"event_name":"Golden Idol","floor":5,"gold_loss":0},{"damage_healed":0,"gold_gain":0,"player_choice":"Searched \u00271\u0027 times","damage_taken":0,"max_hp_gain":0,"max_hp_loss":0,"event_name":"Dead Adventurer","floor":10,"gold_loss":0},{"damage_healed":0,"gold_gain":0,"player_choice":"Simplicity","damage_taken":0,"max_hp_gain":0,"max_hp_loss":0,"event_name":"Back to Basics","floor":20,"gold_loss":0,"cards_upgraded":["Strike_R","Strike_R","Strike_R","Strike_R","Defend_R","Defend_R","Defend_R"]}],"is_beta":false,"boss_relics":[{"not_picked":["Runic Cube","Tiny House"],"picked":"SacredBark"}],"items_purged_floors":[],"is_endless":false,"potions_floor_spawned":[1,4,12,18],"killed_by":"Book of Stabbing","ascension_level":5}}