{"host":"UwU","time":1609447267,"event":{"mods":["AchievementEnabler","Act Like it!","BaseMod","Better Altar","Better Match","Better Note","Better Sensory Stone","Better Skull","Better Third Choice","BetterRewards","CCEM","Clawfect","Colored Map","Conspire","Downfall","GifTheSpireLib","Googly Eyes","Hermit","Highlight Path","Hubris","Hunter ??","Infinite Spire","Minty Spire (QoL Compilation)","Permanent Neow","Replay The Spire","StSLib","Unceasing Turn Reminder","everything is the same but u backflip on backflip","slay the spire mod where everything is the same but ironclad has a cowboy hat"],"gold_per_floor":[109,127,47,47,63,63,76,106,176,176,188,208,226,29,29,140,140,172,199,3,34,34,34,64,64,132,132,132,163,194,220,220,326,326,352,16,44,44,73,73,98,102,102],"floor_reached":42,"playtime":2145,"items_purged":[],"score":406,"play_id":"f4bfbcda-c808-42da-9433-0ea738126401","local_time":"20201231154107","is_ascension_mode":false,"campfire_choices":[{"data":"Blood for Blood","floor":6,"key":"SMITH"},{"data":"Intimidate","floor":10,"key":"SMITH"},{"data":"Twin Strike","floor":15,"key":"SMITH"},{"data":"Demon Form","floor":23,"key":"SMITH"},{"data":"ReplayTheSpireMod:Limb From Limb","floor":25,"key":"SMITH"},{"floor":27,"key":"REST"},{"floor":32,"key":"REST"},{"data":"Run Through","floor":40,"key":"SMITH"}],"circlet_count":0,"master_deck":["Strike_R","Strike_R","Strike_R","Strike_R","Strike_R","Defend_R","Defend_R","Defend_R","Defend_R","Bash+1","Iron Wave","Twin Strike+1","Metallicize+1","Blood for Blood+1","Intimidate+1","Run Through+1","Flex+1","Hemokinesis","Spot Weakness+1","Demon Form+1","ReplayTheSpireMod:Corrosion Curse+1","Iron Wave+1","Rage+1","ReplayTheSpireMod:Limb From Limb+1","conspire:ExplosiveBarrier+1","Shrug It Off+1","Flex+1","Demon Form+1","Rupture+1","Sword Boomerang","Inflame+1","Pommel Strike"],"relics":["Burning Blood","ReplayFunnel","Toxic Egg 2","Replay:Bandana","Mark of Pain","hubris:EmptyBottle","Replay:WaspNest","Runic Cube","HandDrill","Vajra"],"acts_visited":["Exordium","TheCity","TheBeyond"],"potions_floor_usage":[8,8,16,16,21,21,24,24,30,30,33,33,35,35,39,39,41,41],"damage_taken":[{"damage":9,"enemies":"2 Louse","floor":1,"turns":3},{"damage":5,"enemies":"Jaw Worm","floor":2,"turns":4},{"damage":1,"enemies":"Small Slimes","floor":5,"turns":4},{"damage":2,"enemies":"Blue Slaver","floor":7,"turns":3},{"damage":13,"enemies":"3 Sentries","floor":8,"turns":10},{"damage":9,"enemies":"Lots of Slimes","floor":11,"turns":5},{"damage":3,"enemies":"3 Louse","floor":12,"turns":5},{"damage":6,"enemies":"Red Slaver","floor":13,"turns":3},{"damage":15,"enemies":"Slime Boss","floor":16,"turns":8},{"damage":13,"enemies":"3 Byrds","floor":18,"turns":7},{"damage":26,"enemies":"Spheric Guardian","floor":19,"turns":6},{"damage":10,"enemies":"Centurion and Healer","floor":21,"turns":7},{"damage":0,"enemies":"Snecko","floor":24,"turns":4},{"damage":20,"enemies":"Snake Plant","floor":29,"turns":3},{"damage":28,"enemies":"Centurion and Healer","floor":30,"turns":8},{"damage":19,"enemies":"Sentry and Sphere","floor":31,"turns":5},{"damage":7,"enemies":"conspire:MysteriousRune","floor":33,"turns":9},{"damage":5,"enemies":"3 Shapes","floor":35,"turns":3},{"damage":27,"enemies":"3 Darklings","floor":37,"turns":7},{"damage":27,"enemies":"Sphere and 2 Shapes","floor":39,"turns":4},{"damage":41,"enemies":"Spire Growth","floor":41,"turns":6},{"damage":30,"enemies":"4 Shapes","floor":42,"turns":4}],"seed_played":"-2859172413235718415","potions_obtained":[{"floor":2,"key":"Dexterity Potion"},{"floor":5,"key":"Weak Potion"},{"floor":8,"key":"Strength Potion"},{"floor":21,"key":"Block Potion"},{"floor":29,"key":"Swift Potion"},{"floor":31,"key":"AttackPotion"},{"floor":33,"key":"ColorlessPotion"},{"floor":37,"key":"ElixirPotion"},{"floor":39,"key":"SkillPotion"}],"is_trial":false,"path_per_floor":["M","M","$","?","M","R","M","E","T","R","M","M","M","$","R","B",null,"M","M","$","M","?","R","M","R","T","R","?","M","M","M","R","B",null,"M","$","M","?","M","R","M","M"],"character_chosen":"IRONCLAD","items_purchased":["Metallicize","Replay:Bandana","SkillPotion","hubris:EmptyBottle","SkillPotion","HandDrill","Vajra","BloodPotion"],"campfire_rested":2,"item_purchase_floors":[3,14,14,20,20,36,36,36],"current_hp_per_floor":[77,78,78,78,80,80,80,73,73,73,70,73,73,73,73,64,80,73,53,53,49,49,49,55,55,55,79,79,65,43,30,54,53,80,80,80,59,59,65,65,30,0,0],"gold":102,"neow_bonus":"UPGRADE_CARD","is_daily":false,"chose_seed":false,"campfire_upgraded":6,"win_rate":0.0,"timestamp":1609447267,"path_taken":["M","M","$","?","M","R","M","E","T","R","M","M","M","$","R","BOSS","M","M","$","M","?","R","M","R","T","R","?","M","M","M","R","BOSS","M","$","M","?","M","R","M","M"],"items_purchased_type":["Card","Relic","Potion","Relic","Potion","Relic","Relic","Potion"],"build_version":"2020-11-17","purchased_purges":0,"victory":false,"max_hp_per_floor":[80,80,80,80,80,80,80,80,80,80,80,80,80,80,80,80,80,80,80,80,80,80,80,80,80,80,80,80,80,80,80,80,80,80,80,80,80,80,80,80,80,80,80],"card_choices":[{"not_picked":["Run Through","ReplayTheSpireMod:Strike From Hell"],"picked":"Iron Wave","floor":1},{"not_picked":["Dual Wield","Heavy Blade"],"picked":"Twin Strike","floor":2},{"not_picked":["Clash","Sever Soul"],"picked":"Blood for Blood","floor":5},{"not_picked":["Uppercut","Shrug It Off"],"picked":"Intimidate","floor":7},{"not_picked":["Sever Soul","Iron Wave"],"picked":"Run Through","floor":8},{"not_picked":["Replay:Undeath\u0027s Touch","Pommel Strike"],"picked":"Flex+1","floor":11},{"not_picked":["conspire:Charge","ReplayTheSpireMod:Strike From Hell"],"picked":"Hemokinesis","floor":12},{"not_picked":["Headbutt","Flex+1"],"picked":"Spot Weakness+1","floor":13},{"not_picked":["Barricade","Immolate"],"picked":"Demon Form","floor":16},{"not_picked":["Clash","Abandon+1"],"picked":"ReplayTheSpireMod:Corrosion Curse+1","floor":18},{"not_picked":["Whirlwind","Replay:Undeath\u0027s Touch"],"picked":"Iron Wave+1","floor":19},{"not_picked":["Twin Strike","Dual Wield+1"],"picked":"Rage+1","floor":21},{"not_picked":["Twin Strike","Pommel Strike"],"picked":"ReplayTheSpireMod:Limb From Limb","floor":24},{"not_picked":["Clash","Body Slam"],"picked":"conspire:ExplosiveBarrier+1","floor":29},{"not_picked":["True Grit+1","Pommel Strike"],"picked":"Shrug It Off+1","floor":30},{"not_picked":["Wild Strike+1","Reckless Charge+1"],"picked":"Flex+1","floor":31},{"not_picked":["Bludgeon","Corruption"],"picked":"Demon Form","floor":33},{"not_picked":["Dropkick","Shockwave+1"],"picked":"Rupture+1","floor":35},{"not_picked":["Headbutt+1","Clothesline+1"],"picked":"Sword Boomerang","floor":37},{"not_picked":["Flex+1","Corruption"],"picked":"Inflame+1","floor":39},{"not_picked":["Clothesline+1","Sever Soul"],"picked":"Pommel Strike","floor":41}],"player_experience":29944,"relics_obtained":[{"floor":8,"key":"ReplayFunnel"},{"floor":9,"key":"Toxic Egg 2"},{"floor":26,"key":"Replay:WaspNest"}],"event_choices":[{"damage_healed":0,"gold_gain":0,"player_choice":"Ignored","damage_taken":0,"max_hp_gain":0,"max_hp_loss":0,"event_name":"betterNote:BetterNote","floor":22,"gold_loss":0,"cards_obtained":["Slimebound:SplitLeeching"]},{"damage_healed":0,"gold_gain":0,"player_choice":"Upgraded","damage_taken":0,"max_hp_gain":0,"max_hp_loss":0,"event_name":"Upgrade Shrine","floor":38,"gold_loss":0,"cards_upgraded":["Demon Form"]}],"is_beta":true,"boss_relics":[{"not_picked":["hubris:CrackedHourglass","ReplayTheSpireMod:DimensionalGlitch"],"picked":"Mark of Pain"},{"not_picked":["Fusion Hammer","infinitespire:Burning Sword"],"picked":"Runic Cube"}],"items_purged_floors":[],"is_endless":false,"potions_floor_spawned":[2,5,8,21,29,31,33,37,39],"killed_by":"4 Shapes","ascension_level":0}}