{"host":"640uue19m79c7wbt","time":1609449023,"event":{"mods":["BaseMod","Colored Map","Googly Eyes","Highlight Path","Minty Spire (QoL Compilation)","Quick Restart","StSLib"],"gold_per_floor":[13,26,26,43,59,90,90,103,103,278,305,305,335,1,1,1,1],"floor_reached":16,"playtime":823,"items_purged":[],"score":121,"play_id":"23a98dbf-3f4e-454a-bdf1-310dfc9d7dab","local_time":"20201231161023","is_ascension_mode":true,"campfire_choices":[{"data":"Cloak And Dagger","floor":7,"key":"SMITH"},{"floor":12,"key":"REST"},{"floor":15,"key":"REST"}],"circlet_count":0,"master_deck":["Strike_G","Strike_G","Strike_G","Defend_G","Defend_G","Defend_G","Defend_G","Survivor","Neutralize","Slice","Skewer","Accuracy","Cloak And Dagger+1","Blur","PiercingWail","Endless Agony","Doubt","Slice","Blur","Backstab"],"relics":["Ring of the Snake","Orichalcum","Odd Mushroom","Meat on the Bone","Membership Card","Eternal Feather"],"acts_visited":["Exordium"],"potions_floor_usage":[6,8,13,16],"damage_taken":[{"damage":1,"enemies":"Jaw Worm","floor":1,"turns":2},{"damage":6,"enemies":"Cultist","floor":2,"turns":4},{"damage":8,"enemies":"Small Slimes","floor":4,"turns":3},{"damage":0,"enemies":"2 Fungi Beasts","floor":5,"turns":3},{"damage":16,"enemies":"Gremlin Nob","floor":6,"turns":4},{"damage":0,"enemies":"Exordium Wildlife","floor":8,"turns":7},{"damage":11,"enemies":"The Mushroom Lair","floor":11,"turns":4},{"damage":35,"enemies":"Lagavulin","floor":13,"turns":7},{"damage":49,"enemies":"The Guardian","floor":16,"turns":13}],"seed_played":"-2557830779226934607","potions_obtained":[{"floor":4,"key":"SpeedPotion"},{"floor":5,"key":"Energy Potion"},{"floor":11,"key":"GamblersBrew"}],"is_trial":false,"path_per_floor":["M","M","?","M","M","E","R","M","T","?","?","R","E","$","R","B"],"character_chosen":"THE_SILENT","items_purchased":["Membership Card","Backstab","Eternal Feather","Energy Potion"],"campfire_rested":2,"item_purchase_floors":[14,14,14,14],"current_hp_per_floor":[69,63,63,55,55,39,39,39,39,39,28,49,14,14,47,0,0],"gold":1,"neow_bonus":"TRANSFORM_TWO_CARDS","is_daily":false,"chose_seed":false,"campfire_upgraded":1,"win_rate":0.0,"timestamp":1609449023,"path_taken":["M","M","?","M","?","E","R","M","T","?","?","R","E","$","R","BOSS"],"items_purchased_type":["Relic","Card","Relic","Potion"],"build_version":"2020-12-22","purchased_purges":0,"victory":false,"max_hp_per_floor":[70,70,70,70,70,70,70,70,70,70,70,70,70,70,70,70,70],"card_choices":[{"not_picked":["Underhanded Strike","Sucker Punch"],"picked":"Accuracy","floor":1},{"not_picked":["Deflect","Poisoned Stab"],"picked":"Cloak And Dagger","floor":2},{"not_picked":["Flechettes","Bane","Poisoned Stab"],"picked":"SKIP","floor":4},{"not_picked":["Setup","Leg Sweep"],"picked":"Blur","floor":5},{"not_picked":["Unload","Dagger Throw"],"picked":"PiercingWail","floor":6},{"not_picked":["Tactician","Backflip"],"picked":"Endless Agony","floor":8},{"not_picked":["Poisoned Stab","Skewer"],"picked":"Slice","floor":11},{"not_picked":["Dagger Throw","Acrobatics"],"picked":"Blur","floor":13}],"player_experience":533978,"relics_obtained":[{"floor":6,"key":"Orichalcum"},{"floor":11,"key":"Odd Mushroom"},{"floor":13,"key":"Meat on the Bone"}],"event_choices":[{"cards_removed":["Strike_G"],"damage_healed":0,"gold_gain":0,"player_choice":"Offered Basic","damage_taken":0,"max_hp_gain":0,"max_hp_loss":0,"event_name":"Bonfire Elementals","floor":3,"gold_loss":0},{"damage_healed":0,"gold_gain":175,"player_choice":"AGREE","damage_taken":0,"max_hp_gain":0,"max_hp_loss":0,"event_name":"Liars Game","floor":10,"gold_loss":0,"cards_obtained":["Doubt"]},{"damage_healed":0,"gold_gain":0,"player_choice":"Fought Mushrooms","damage_taken":0,"max_hp_gain":0,"max_hp_loss":0,"event_name":"Mushrooms","floor":11,"gold_loss":0}],"is_beta":false,"boss_relics":[],"items_purged_floors":[],"is_endless":false,"potions_floor_spawned":[4,5,11],"killed_by":"The Guardian","ascension_level":2}}