{"host":"1bnrkmg0bmhwam8n","time":1609447974,"event":{"mods":["2.2 Compatiblity","BaseMod","Colored Map","Hermit","Infinite Spire","Minty Spire (QoL Compilation)","Quick Restart","StSLib"],"gold_per_floor":[18,29,29,129,140,165,165,178,204,214,214,139,166,177,177,279,279,290,389,407,332,332,332,346,346,346],"floor_reached":25,"playtime":1372,"items_purged":["Shame"],"score":213,"play_id":"cbafb01e-39f3-46ed-bb55-9533030d8dcf","local_time":"20201231145254","is_ascension_mode":false,"campfire_choices":[{"data":"hermit:Combo","floor":7.0,"key":"SMITH"},{"floor":15.0,"key":"REST"},{"floor":23,"key":"REST"}],"circlet_count":0,"master_deck":["hermit:Strike_Hermit","hermit:Strike_Hermit","hermit:Strike_Hermit","hermit:Strike_Hermit","hermit:Defend_Hermit","hermit:Defend_Hermit","hermit:Defend_Hermit","hermit:Defend_Hermit","hermit:Snapshot","hermit:Covet","hermit:Deadeye","Regret","hermit:Combo+1","hermit:BigShot","hermit:TakeAim","infinitespire:NeuralNetwork","hermit:FatalDesire"],"relics":["hermit:Momento","StoneCalendar","Orichalcum","Boot","Oddly Smooth Stone","MealTicket","SacredBark","infinitespire:Eraser"],"acts_visited":["Exordium","TheCity"],"potions_floor_usage":[24],"damage_taken":[{"damage":1.0,"enemies":"Cultist","floor":1.0,"turns":3.0},{"damage":6.0,"enemies":"Jaw Worm","floor":2.0,"turns":4.0},{"damage":4.0,"enemies":"Small Slimes","floor":5.0,"turns":5.0},{"damage":11.0,"enemies":"3 Sentries","floor":6.0,"turns":7.0},{"damage":2.0,"enemies":"Gremlin Gang","floor":8.0,"turns":4.0},{"damage":6.0,"enemies":"Looter","floor":10.0,"turns":4.0},{"damage":11.0,"enemies":"Lagavulin","floor":13.0,"turns":6.0},{"damage":13.0,"enemies":"2 Fungi Beasts","floor":14.0,"turns":4.0},{"damage":38.0,"enemies":"The Guardian","floor":16.0,"turns":13.0},{"damage":30.0,"enemies":"Spheric Guardian","floor":18.0,"turns":7.0},{"damage":14,"enemies":"Shell Parasite","floor":20,"turns":8},{"damage":45,"enemies":"Snake Plant","floor":24,"turns":6},{"damage":62,"enemies":"3 Cultists","floor":25,"turns":5}],"seed_played":"2225049196017578517","potions_obtained":[{"floor":6.0,"key":"Energy Potion"},{"floor":8.0,"key":"Block Potion"},{"floor":13.0,"key":"FairyPotion"},{"floor":14.0,"key":"Weak Potion"},{"floor":18.0,"key":"Dexterity Potion"}],"is_trial":false,"path_per_floor":["M","M","?","?","M","E","R","M","T","M","?","$","E","M","R","B",null,"M","?","M","?","AVR","R","M","M"],"character_chosen":"HERMIT","items_purchased":[],"campfire_rested":2,"item_purchase_floors":[],"current_hp_per_floor":[74,68,68,68,64,53,53,51,51,45,45,45,34,21,43,5,75,45,45,31,31,31,53,8,0,0],"gold":346,"neow_bonus":"ONE_RARE_RELIC","is_daily":false,"chose_seed":false,"campfire_upgraded":1,"win_rate":0.0,"timestamp":1609447974,"path_taken":["M","?","?","?","?","E","R","?","T","M","?","$","E","M","R","BOSS","M","?","M","?","AVR","R","M","M"],"items_purchased_type":[],"build_version":"2020-12-22","purchased_purges":1,"victory":false,"max_hp_per_floor":[75,75,75,75,75,75,75,75,75,75,75,75,75,75,75,75,75,75,75,75,75,75,75,75,75,75],"card_choices":[{"not_picked":["hermit:WideOpen","hermit:Ricochet","hermit:CalledShot"],"picked":"SKIP","floor":1.0},{"not_picked":["hermit:Coalescence","hermit:CalledShot"],"picked":"hermit:Deadeye","floor":2.0},{"not_picked":["hermit:Grudge","hermit:LowProfile"],"picked":"hermit:Combo","floor":5.0},{"not_picked":["hermit:Shortfuse","hermit:EternalForm"],"picked":"hermit:BigShot","floor":6.0},{"not_picked":["hermit:HoleUp","hermit:Combo","hermit:Grudge"],"picked":"SKIP","floor":8.0},{"not_picked":["hermit:Quickdraw","hermit:ItchyTrigger"],"picked":"hermit:TakeAim","floor":10.0},{"not_picked":["infinitespire:Fortify","infinitespire:FutureSight"],"picked":"infinitespire:NeuralNetwork","floor":11.0},{"not_picked":["hermit:Roulette","hermit:WideOpen","hermit:HighCaliber"],"picked":"SKIP","floor":13.0},{"not_picked":["hermit:PistolWhip","hermit:TrackingShot","hermit:HighCaliber"],"picked":"SKIP","floor":14.0},{"not_picked":["hermit:FromBeyond","hermit:FinalCanter"],"picked":"hermit:FatalDesire","floor":16.0},{"not_picked":["hermit:FullyLoaded","hermit:LowProfile","hermit:Desperado"],"picked":"SKIP","floor":18.0},{"not_picked":["hermit:LowProfile","hermit:Showdown","hermit:Gestalt+1"],"picked":"SKIP","floor":20},{"not_picked":["hermit:Gestalt","hermit:Deadeye","hermit:WideOpen+1"],"picked":"SKIP","floor":24}],"player_experience":394484,"relics_obtained":[{"floor":6.0,"key":"Boot"},{"floor":9.0,"key":"Oddly Smooth Stone"},{"floor":13.0,"key":"MealTicket"}],"event_choices":[{"damage_healed":0.0,"max_hp_gain":0.0,"max_hp_loss":0.0,"gold_gain":0.0,"event_name":"Big Fish","player_choice":"Box","floor":3.0,"gold_loss":0.0,"damage_taken":0.0,"relics_obtained":["Orichalcum"],"cards_obtained":["Regret"]},{"damage_healed":0.0,"max_hp_gain":0.0,"max_hp_loss":0.0,"gold_gain":100.0,"event_name":"Wheel of Change","player_choice":"Gold","floor":4.0,"gold_loss":0.0,"damage_taken":0.0},{"damage_healed":0.0,"max_hp_gain":0.0,"max_hp_loss":0.0,"gold_gain":99.0,"event_name":"Nest","player_choice":"Stole From Cult","floor":19.0,"gold_loss":0.0,"damage_taken":0.0},{"cards_removed":["Clumsy"],"damage_healed":0,"gold_gain":0,"player_choice":"Gave Gold","damage_taken":0,"max_hp_gain":0,"max_hp_loss":0,"event_name":"Beggar","floor":21,"gold_loss":75}],"is_beta":false,"boss_relics":[{"not_picked":["Velvet Choker","Sozu"],"picked":"SacredBark"}],"items_purged_floors":[12],"is_endless":false,"potions_floor_spawned":[6,8,13,14,18],"killed_by":"3 Cultists","ascension_level":0}}