{"host":"bz6gkvdcavhdnmlv","time":1609396213,"event":{"mods":["2.2 Compatiblity","Aspiration","BaseMod","BetterRewards","Block Reminder","CCEM","Clawfect","Colored Map","Conspire","Downfall","Energized Spire","GifTheSpireLib","Googly Eyes","Halation","Highlight Path","Hubris","Infinite Spire","Minty Spire (QoL Compilation)","Permanent Neow","Quick Restart","Replay The Spire","Spicy Shops","StSLib","Stuff the Spire","SuperFastMode","The Construct","The IronCluck","Unceasing Turn Reminder","everything is the same but u backflip on backflip"],"gold_per_floor":[213,388,404,417,24,50,50,50,50,65,77,103,119,131,131,226,226,240,260,260,260,273,301,301,313,338,338,72,72,72,34,34,135,135,145,1144,1144,1144,1156,1156,1156],"floor_reached":40,"playtime":1872,"items_purged":["Doubt"],"score":491,"play_id":"e3c1c184-d1ba-4654-825b-2be62121d1af","local_time":"20201231013013","is_ascension_mode":false,"campfire_choices":[{"data":"Chill","floor":7,"key":"SMITH"},{"floor":15,"key":"REST"},{"floor":24,"key":"REST"},{"floor":27,"key":"RECALL"},{"floor":29,"key":"REST"},{"floor":32,"key":"REST"}],"circlet_count":0,"master_deck":["Gash","Gash","Gash","Gash","Gash","Defend_B+1","Defend_B","Defend_B","Defend_B","Defend_B","Capacitor","BasicCrystalCard","Chill+1","Clawfect:ClawSnap+1","Clawfect:Clawter","Gash","Clawfect:ClawLightning","Clawfect:Clawter","Clawfect:ClawpileDriver","FIFO Queue","Echo Form+1","Clawfect:ClawForTheEyes","Clawfect:ClawSnap","ReplayTheSpireMod:Dual Polarity+1","Hologram","Clawfect:Clawter","StuffTheSpire:Perfection","SandsOfTime","Normality","Normality","Clawfect:ClawSnap+1"],"relics":["Clawfect:DRClaw","Membership Card","Orichalcum","infinitespire:Freezer","Medical Kit","hubris:DeckOfHolding","aspiration:ChemicalBlood","hubris:RunicObelisk","Gremlin Horn","Nunchaku","Pear","Sling","StuffTheSpire:GrapeVine","aspiration:WatcherSkillbook","Prayer Wheel"],"acts_visited":["Exordium","TheCity","TheBeyond"],"potions_floor_usage":[16,16,16,18,22,23,25,25,33,33,35,35,40,40,40],"damage_taken":[{"damage":1,"enemies":"Jaw Worm","floor":1,"turns":4},{"damage":12,"enemies":"Small Slimes","floor":3,"turns":5},{"damage":16,"enemies":"2 Louse","floor":4,"turns":5},{"damage":0,"enemies":"Lagavulin","floor":6,"turns":7},{"damage":0,"enemies":"Blue Slaver","floor":10,"turns":6},{"damage":4,"enemies":"3 Louse","floor":11,"turns":5},{"damage":8,"enemies":"Gremlin Nob","floor":12,"turns":5},{"damage":5,"enemies":"Exordium Thugs","floor":13,"turns":5},{"damage":4,"enemies":"Blue Slaver","floor":14,"turns":4},{"damage":30,"enemies":"The Guardian","floor":16,"turns":9},{"damage":18,"enemies":"2 Thieves","floor":18,"turns":4},{"damage":1,"enemies":"Chosen","floor":19,"turns":6},{"damage":19,"enemies":"Snake Plant","floor":22,"turns":5},{"damage":19,"enemies":"Book of Stabbing","floor":23,"turns":5},{"damage":10,"enemies":"Sentry and Sphere","floor":25,"turns":4},{"damage":61,"enemies":"Collector","floor":33,"turns":7},{"damage":18,"enemies":"3 Darklings","floor":35,"turns":6},{"damage":46,"enemies":"3 Shapes","floor":39,"turns":5},{"damage":25,"enemies":"Writhing Mass","floor":40,"turns":3}],"seed_played":"-5965571853531984079","potions_obtained":[{"floor":3,"key":"Guardian:BlockOnCardUsePotion"},{"floor":6,"key":"FearPotion"},{"floor":12,"key":"Elixir"},{"floor":16,"key":"SkillPotion"},{"floor":16,"key":"Explosive Potion"},{"floor":18,"key":"Ancient Potion"},{"floor":22,"key":"Adrenaline Potion"},{"floor":25,"key":"Toxic Potion"},{"floor":35,"key":"Swift Potion"},{"floor":40,"key":"BlessingOfTheForge"}],"is_trial":false,"path_per_floor":["M","?","M","M","$","E","R","?","T","M","M","E","M","M","R","B",null,"M","M","?","?","M","E","R","M","T","R","$","R","?","$","R","B",null,"M","?","PTL","PTL","M","M"],"character_chosen":"DEFECT","items_purchased":["Membership Card","Orichalcum","infinitespire:Freezer","Medical Kit","Clawfect:ClawSnap","Pear","Sling","StuffTheSpire:GrapeVine"],"campfire_rested":4,"item_purchase_floors":[5,5,5,5,5,28,28,28],"current_hp_per_floor":[74,74,62,46,46,46,46,46,46,46,42,34,29,25,47,17,75,57,56,64,64,45,26,48,38,38,38,48,73,55,55,80,19,85,67,67,67,67,21,0,0],"gold":1156,"neow_bonus":"HUNDRED_GOLD","is_daily":false,"chose_seed":false,"campfire_upgraded":1,"win_rate":0.0,"timestamp":1609396213,"path_taken":["M","?","M","M","$","E","R","?","T","M","M","E","M","?","R","BOSS","M","M","?","?","M","E","R","M","T","R","$","R","?","?","R","BOSS","M","?","PTL","PTL","M","M"],"items_purchased_type":["Relic","Relic","Relic","Relic","Card","Relic","Relic","Relic"],"build_version":"2020-12-22","purchased_purges":1,"victory":false,"max_hp_per_floor":[75,75,75,75,75,75,75,75,75,75,75,75,75,75,75,75,75,75,75,75,75,75,75,75,75,75,75,85,85,85,85,85,85,85,85,85,85,85,85,85,85],"card_choices":[{"not_picked":["Conserve Battery","Turbo"],"picked":"Capacitor","floor":1},{"not_picked":["Chill","Clawfect:ClawLightning"],"picked":"BasicCrystalCard","floor":3},{"not_picked":["Clawfect:ClawpileDriver","Machine Learning"],"picked":"Chill","floor":4},{"not_picked":["Capacitor","Clawfect:ClawCell"],"picked":"Clawfect:Clawter","floor":6},{"not_picked":["Capacitor","Reinforced Body"],"picked":"Gash","floor":10},{"not_picked":["conspire:Rain","Clawfect:ClawForTheEyes"],"picked":"Clawfect:ClawLightning","floor":11},{"not_picked":["Capacitor","hubris:Ukulele"],"picked":"Clawfect:Clawter","floor":12},{"not_picked":["ReplaySolidLightProjector","Static Discharge"],"picked":"Clawfect:ClawpileDriver","floor":13},{"not_picked":["Clawfect:ClawAndGloom","Clawfect:ClawForOne"],"picked":"FIFO Queue","floor":14},{"not_picked":["Reboot","Rainbow"],"picked":"Echo Form","floor":16},{"not_picked":["Rebound+1","FIFO Queue"],"picked":"Clawfect:ClawForTheEyes","floor":18},{"not_picked":["Rebound+1","Double Energy"],"picked":"Clawfect:ClawSnap","floor":19},{"not_picked":["Steam","hubris:DoWhile"],"picked":"ReplayTheSpireMod:Dual Polarity","floor":22},{"not_picked":["Aggregate","Sunder"],"picked":"Hologram","floor":23},{"not_picked":["hubris:PowerSurge","hubris:Ukulele+1"],"picked":"Clawfect:Clawter","floor":25},{"not_picked":["StuffTheSpire:Rend","Coolheaded+1","Evaluate+1"],"picked":"SandsOfTime","floor":35},{"not_picked":["Replay:Cycle","Steam Power","CarveReality"],"picked":"Clawfect:ClawSnap+1","floor":39}],"player_experience":199024,"relics_obtained":[{"floor":6,"key":"hubris:DeckOfHolding"},{"floor":12,"key":"aspiration:ChemicalBlood"},{"floor":23,"key":"Gremlin Horn"},{"floor":26,"key":"Nunchaku"}],"event_choices":[{"damage_healed":0,"gold_gain":175,"player_choice":"AGREE","damage_taken":0,"max_hp_gain":0,"max_hp_loss":0,"event_name":"Liars Game","floor":2,"gold_loss":0,"cards_obtained":["Doubt"]},{"damage_healed":0,"gold_gain":999,"player_choice":"Gold","damage_taken":0,"max_hp_gain":0,"max_hp_loss":0,"event_name":"MindBloom","floor":36,"gold_loss":0,"cards_obtained":["Normality","Normality"]}],"is_beta":false,"boss_relics":[{"not_picked":["energizedSpire:EnergizedDie","StuffTheSpire:RunicHypercube"],"picked":"hubris:RunicObelisk"},{"not_picked":["halation:Risk","energizedSpire:OldTV"],"picked":"aspiration:WatcherSkillbook"}],"items_purged_floors":[31],"is_endless":false,"potions_floor_spawned":[3,6,12,16,18,25,39],"killed_by":"Writhing Mass","ascension_level":0}}