{"host":"Rich","time":1609449516,"event":{"mods":["AchievementEnabler","BaseMod","Highlight Path","Minty Spire (QoL Compilation)","Relic Stats"],"gold_per_floor":[109,125,71,36,36,69,81,117,156,200,225,237,269,294,306,396,408,440,471,398,2,2,29,29,56,132,132,132,132],"floor_reached":28,"playtime":873,"items_purged":["Strike_P"],"score":678,"play_id":"b3077d18-0a48-4dce-9dbc-b7fa16a13ea4","local_time":"20201231161836","is_ascension_mode":true,"campfire_choices":[{"data":"PathToVictory","floor":7.0,"key":"SMITH"},{"data":"PathToVictory","floor":12.0,"key":"SMITH"},{"data":"Perseverance","floor":15.0,"key":"SMITH"},{"data":"Judgement","floor":24.0,"key":"SMITH"},{"floor":27.0,"key":"REST"}],"circlet_count":0,"master_deck":["AscendersBane","Strike_P","Strike_P","Defend_P","Defend_P","Defend_P","Defend_P","Vigilance","PathToVictory+1","Protect","PathToVictory+1","EmptyBody","Protect","Perseverance+1","Judgement+1"],"relics":["HolyWater","NeowsBlessing","MawBank","Bag of Preparation","Art of War","Happy Flower","Lantern","ClockworkSouvenir","Orichalcum","Nunchaku","Mummified Hand"],"acts_visited":["Exordium","TheCity"],"potions_floor_usage":[28,28,28,28],"damage_taken":[{"damage":0.0,"enemies":"Cultist","floor":1.0,"turns":1.0},{"damage":0.0,"enemies":"2 Louse","floor":2.0,"turns":1.0},{"damage":0.0,"enemies":"Lagavulin","floor":6.0,"turns":1.0},{"damage":36.0,"enemies":"Gremlin Nob","floor":10.0,"turns":4.0},{"damage":0.0,"enemies":"Jaw Worm","floor":11.0,"turns":2.0},{"damage":0.0,"enemies":"Blue Slaver","floor":13.0,"turns":4.0},{"damage":0.0,"enemies":"Exordium Wildlife","floor":14.0,"turns":5.0},{"damage":0.0,"enemies":"Hexaghost","floor":16.0,"turns":10.0},{"damage":0.0,"enemies":"Chosen","floor":18.0,"turns":7.0},{"damage":4.0,"enemies":"Shell Parasite","floor":19.0,"turns":6.0},{"damage":2.0,"enemies":"Book of Stabbing","floor":23.0,"turns":5.0},{"damage":14.0,"enemies":"Slavers","floor":25.0,"turns":9.0},{"damage":58,"enemies":"Gremlin Leader","floor":28,"turns":8}],"seed_played":"-6647386569587483161","potions_obtained":[{"floor":1.0,"key":"SpeedPotion"},{"floor":2.0,"key":"SteroidPotion"},{"floor":11.0,"key":"StancePotion"},{"floor":13.0,"key":"EntropicBrew"},{"floor":16.0,"key":"BlessingOfTheForge"},{"floor":23.0,"key":"SteroidPotion"},{"floor":25.0,"key":"BottledMiracle"}],"is_trial":false,"path_per_floor":["M","M","$","?","?","E","R","T","T","E","M","R","M","M","R","B",null,"M","M","?","$","?","E","R","E","T","R","E"],"character_chosen":"WATCHER","items_purchased":["PathToVictory","Lantern","ClockworkSouvenir"],"campfire_rested":1,"item_purchase_floors":[3,21,21],"current_hp_per_floor":[61,61,61,68,61,61,61,61,61,25,25,25,25,25,25,25,57,57,53,53,53,53,51,51,37,37,57,0,0],"gold":132,"neow_bonus":"THREE_ENEMY_KILL","is_daily":false,"chose_seed":false,"campfire_upgraded":4,"win_rate":0.0,"timestamp":1609449516,"path_taken":["M","?","$","?","?","E","R","?","T","E","M","R","M","M","R","BOSS","M","M","?","$","?","E","R","E","T","R","E"],"items_purchased_type":["Card","Relic","Relic"],"build_version":"2020-12-18","purchased_purges":1,"victory":false,"max_hp_per_floor":[68,68,68,68,68,68,68,68,68,68,68,68,68,68,68,68,68,68,68,68,68,68,68,68,68,68,68,68,68],"relic_stats":{"Nunchaku":[0],"Happy Flower":[7],"counters":[13,63],"Mummified Hand":[0],"Bag of Preparation":[20],"Art of War":[43],"Orichalcum":[24],"MawBank":180,"obtain_stats":[{"Lantern":21,"Nunchaku":25,"NeowsBlessing":0,"Happy Flower":20,"Mummified Hand":26,"HolyWater":17,"Bag of Preparation":8,"Art of War":10,"PureWater":0,"Orichalcum":23,"MawBank":6,"ClockworkSouvenir":21},{"Lantern":10,"Nunchaku":12,"NeowsBlessing":0,"Happy Flower":10,"Mummified Hand":12,"HolyWater":8,"Bag of Preparation":3,"Art of War":4,"PureWater":0,"Orichalcum":11,"MawBank":3,"ClockworkSouvenir":10},{"Lantern":41,"Nunchaku":55,"NeowsBlessing":0,"Happy Flower":41,"Mummified Hand":55,"HolyWater":28,"Bag of Preparation":3,"Art of War":7,"PureWater":0,"Orichalcum":46,"MawBank":3,"ClockworkSouvenir":41}]},"card_choices":[{"not_picked":["ReachHeaven","ForeignInfluence"],"picked":"PathToVictory","floor":1.0},{"not_picked":["BattleHymn","Vengeance"],"picked":"Protect","floor":2.0},{"not_picked":["WheelKick","SashWhip","MentalFortress"],"picked":"SKIP","floor":6.0},{"not_picked":["BattleHymn","Weave"],"picked":"EmptyBody","floor":10.0},{"not_picked":["Nirvana","EmptyFist"],"picked":"Protect","floor":11.0},{"not_picked":["CarveReality","JustLucky","FlurryOfBlows"],"picked":"SKIP","floor":13.0},{"not_picked":["CrushJoints","SashWhip"],"picked":"Perseverance","floor":14.0},{"not_picked":["LessonLearned","MasterReality"],"picked":"Judgement","floor":16.0},{"not_picked":["MentalFortress+1","CarveReality","FlurryOfBlows"],"picked":"SKIP","floor":18.0},{"not_picked":["Crescendo","EmptyFist+1","Prostrate"],"picked":"SKIP","floor":19.0},{"not_picked":["ForeignInfluence","FollowUp+1","EmptyBody"],"picked":"SKIP","floor":23.0},{"not_picked":["Nirvana","LessonLearned","Fasting2+1"],"picked":"SKIP","floor":25.0}],"player_experience":1948069,"relics_obtained":[{"floor":6.0,"key":"MawBank"},{"floor":8.0,"key":"Bag of Preparation"},{"floor":10.0,"key":"Art of War"},{"floor":23.0,"key":"Orichalcum"},{"floor":25.0,"key":"Nunchaku"},{"floor":26.0,"key":"Mummified Hand"}],"event_choices":[{"damage_healed":17.0,"max_hp_gain":0.0,"max_hp_loss":0.0,"gold_gain":0.0,"event_name":"The Cleric","player_choice":"Healed","floor":4.0,"gold_loss":35.0,"damage_taken":0.0},{"cards_removed":["Strike_P"],"damage_healed":0.0,"max_hp_gain":0.0,"max_hp_loss":0.0,"gold_gain":0.0,"event_name":"Golden Wing","player_choice":"Card Removal","floor":5.0,"gold_loss":0.0,"damage_taken":7.0},{"damage_healed":0.0,"max_hp_gain":0.0,"max_hp_loss":0.0,"gold_gain":0.0,"event_name":"Addict","player_choice":"Obtained Relic","floor":20.0,"gold_loss":85.0,"damage_taken":0.0,"relics_obtained":["Happy Flower"]},{"cards_removed":["Eruption"],"damage_healed":0.0,"max_hp_gain":0.0,"max_hp_loss":0.0,"gold_gain":0.0,"event_name":"Bonfire Elementals","player_choice":"Offered Basic","floor":22.0,"gold_loss":0.0,"damage_taken":0.0}],"is_beta":true,"boss_relics":[{"not_picked":["Sozu","Tiny House"],"picked":"HolyWater"}],"items_purged_floors":[21],"is_endless":false,"potions_floor_spawned":[1,2,11,13,16,23,25],"killed_by":"Gremlin Leader","ascension_level":20}}