{"host":"ilxricga2547gmyy","time":1609422873,"event":{"mods":["AchievementEnabler","BaseMod","Minty Spire (QoL Compilation)","Quick Restart","StSLib"],"gold_per_floor":[113,113,129,24,95,135,135,135,182,226,226,239,252,275,275,401,401,414,433,3,23,23,23,23],"floor_reached":23,"playtime":1030,"items_purged":[],"score":302,"play_id":"7d76c702-a611-4fd6-9a50-5cce0053e692","local_time":"20201231145433","is_ascension_mode":true,"campfire_choices":[{"floor":7,"key":"REST"},{"floor":11,"key":"REST"},{"data":"Barricade","floor":15,"key":"SMITH"}],"circlet_count":0,"master_deck":["AscendersBane","Strike_R","Strike_R","Strike_R+1","Strike_R","Strike_R","Defend_R","Defend_R","Defend_R","Defend_R","Bash","Barricade+1","Seeing Red","Uppercut","Shrug It Off+1","Metallicize","Clothesline","Havoc","Reaper","Body Slam","Armaments+1"],"relics":["Burning Blood","Matryoshka","Kunai","Orichalcum","The Courier","SacredBark","Toxic Egg 2","Strawberry","Oddly Smooth Stone","Nloth\u0027s Gift"],"acts_visited":["Exordium","TheCity"],"potions_floor_usage":[6,6,21,21,23,23],"damage_taken":[{"damage":18,"enemies":"Small Slimes","floor":1,"turns":4},{"damage":16,"enemies":"Jaw Worm","floor":3,"turns":6},{"damage":31,"enemies":"Gremlin Nob","floor":6,"turns":6},{"damage":7,"enemies":"3 Sentries","floor":10,"turns":12},{"damage":0,"enemies":"Cultist","floor":12,"turns":3},{"damage":4,"enemies":"Red Slaver","floor":13,"turns":5},{"damage":7,"enemies":"3 Louse","floor":14,"turns":4},{"damage":31,"enemies":"The Guardian","floor":16,"turns":20},{"damage":15,"enemies":"Chosen","floor":18,"turns":8},{"damage":16,"enemies":"Shell Parasite","floor":19,"turns":14},{"damage":47,"enemies":"Sentry and Sphere","floor":21,"turns":16},{"damage":76,"enemies":"Slavers","floor":23,"turns":3}],"seed_played":"-7394294797526281458","potions_obtained":[{"floor":1,"key":"Regen Potion"},{"floor":10,"key":"LiquidBronze"},{"floor":12,"key":"SpeedPotion"},{"floor":16,"key":"BloodPotion"},{"floor":18,"key":"Swift Potion"},{"floor":21,"key":"SteroidPotion"}],"is_trial":false,"path_per_floor":["M","?","M","$","?","E","R","?","T","E","R","M","M","M","R","B",null,"M","M","$","M","?","E"],"character_chosen":"IRONCLAD","items_purchased":["Shrug It Off","Energy Potion","Toxic Egg 2","Strawberry","Oddly Smooth Stone"],"campfire_rested":2,"item_purchase_floors":[4,4,20,20,20],"current_hp_per_floor":[60,40,30,30,30,20,44,28,28,27,51,57,59,58,58,33,68,65,55,62,55,55,0,0],"gold":23,"neow_bonus":"ONE_RANDOM_RARE_CARD","is_daily":false,"chose_seed":false,"campfire_upgraded":1,"win_rate":0.0,"timestamp":1609422873,"path_taken":["M","?","M","$","?","E","R","?","T","E","R","M","M","?","R","BOSS","M","M","$","M","?","E"],"items_purchased_type":["Card","Potion","Relic","Relic","Relic"],"build_version":"2020-12-22","purchased_purges":0,"victory":false,"max_hp_per_floor":[80,80,80,80,80,80,80,80,80,80,80,80,80,80,80,80,80,80,80,87,87,87,87,87],"card_choices":[{"not_picked":["Feel No Pain","Combust"],"picked":"Seeing Red","floor":1},{"not_picked":["Body Slam","Reckless Charge"],"picked":"Uppercut","floor":3},{"not_picked":["Fiend Fire","Evolve"],"picked":"Metallicize","floor":6},{"not_picked":["Anger","Whirlwind","Clash"],"picked":"SKIP","floor":10},{"not_picked":["Warcry","Perfected Strike"],"picked":"Clothesline","floor":12},{"not_picked":["Fire Breathing","Hemokinesis"],"picked":"Havoc","floor":13},{"not_picked":["Flex","Sword Boomerang","Clash"],"picked":"SKIP","floor":14},{"not_picked":["Berserk","Double Tap"],"picked":"Reaper","floor":16},{"not_picked":["Power Through","Sword Boomerang"],"picked":"Body Slam","floor":18},{"not_picked":["Carnage","Perfected Strike","Rampage"],"picked":"SKIP","floor":19},{"not_picked":["Body Slam","Rampage+1"],"picked":"Armaments+1","floor":21}],"player_experience":270277,"relics_obtained":[{"floor":6,"key":"Matryoshka"},{"floor":9,"key":"Kunai"},{"floor":9,"key":"Orichalcum"},{"floor":10,"key":"The Courier"}],"event_choices":[{"damage_healed":0,"gold_gain":0,"player_choice":"Take Damage","damage_taken":20,"relics_obtained":["Golden Idol"],"max_hp_gain":0,"max_hp_loss":0,"event_name":"Golden Idol","floor":2,"gold_loss":0},{"damage_healed":0,"gold_gain":71,"player_choice":"Gained Gold","damage_taken":0,"max_hp_gain":0,"max_hp_loss":0,"event_name":"Golden Wing","floor":5,"gold_loss":0},{"damage_healed":0,"gold_gain":0,"player_choice":"Entered Light","damage_taken":16,"max_hp_gain":0,"max_hp_loss":0,"event_name":"Shining Light","floor":8,"gold_loss":0,"cards_upgraded":["Shrug It Off","Strike_R"]},{"damage_healed":0,"gold_gain":0,"player_choice":"Traded Relic","damage_taken":0,"relics_obtained":["Nloth\u0027s Gift"],"max_hp_gain":0,"max_hp_loss":0,"event_name":"N\u0027loth","floor":22,"relics_lost":["Golden Idol"],"gold_loss":0}],"is_beta":false,"boss_relics":[{"not_picked":["Runic Dome","Runic Cube"],"picked":"SacredBark"}],"items_purged_floors":[],"is_endless":false,"potions_floor_spawned":[1,10,12,16,18,21],"killed_by":"Slavers","ascension_level":10}}