{"host":"7k2a2omxz3voj5ax","time":1609436461,"event":{"mods":["BaseMod","Marisa£¨ìFÓê¡¡Ä§ÀíÉ³£©","Minty Spire (QoL Compilation)","Quick Restart","Spicy Shops","StSLib","Starting Relic: Pandora\u0027s Box","óô»ðÖ¸ÄÏ"],"gold_per_floor":[117,117,150,179,104,144,144,184,184,208,241,241,272,689,689,775,775,795,812,727,744,759,793,743,756,756,783,801,353,353,353],"floor_reached":30,"playtime":1355,"items_purged":["GrandCross","NonDirectionalLaser"],"score":830,"play_id":"f0f5a648-da34-4845-9abd-29d926975391","local_time":"20210101024101","is_ascension_mode":true,"campfire_choices":[{"data":"MilkyWay","floor":7.0,"key":"SMITH"},{"data":"TreasureHunter","floor":12.0,"key":"SMITH"},{"data":"MilkyWay","floor":15.0,"key":"SMITH"}],"circlet_count":0,"master_deck":["AscendersBane","MilkyWay+1","MilkyWay+1","MachineGunSpark","TreasureHunter+1","Singularity+1","GasGiant","Singularity","CasketOfStar","ManaConvection+1","PowerUp+1","BlazeAway+1","WitchLeyline","MillisecondPulsars+1","OortCloud","StarBarrage"],"relics":["MiniHakkero","Mummified Hand","StrikeDummy","Blood Vial","Regal Pillow","MagicBroom","Medical Kit","FossilizedHelix","Prayer Wheel","Astrolabe","Gambling Chip","Toxic Egg 2","WingedGreaves","BreadOfAWashokuLover","StoneCalendar","Bag of Preparation"],"acts_visited":["Exordium","TheCity"],"potions_floor_usage":[28,28,30],"damage_taken":[{"damage":4.0,"enemies":"2 Louse","floor":1.0,"turns":3.0},{"damage":4.0,"enemies":"Cultist","floor":3.0,"turns":3.0},{"damage":2.0,"enemies":"Jaw Worm","floor":4.0,"turns":2.0},{"damage":0.0,"enemies":"3 Sentries","floor":6.0,"turns":4.0},{"damage":32.0,"enemies":"Gremlin Nob","floor":8.0,"turns":4.0},{"damage":0.0,"enemies":"3 Sentries","floor":11.0,"turns":4.0},{"damage":0.0,"enemies":"Exordium Wildlife","floor":13.0,"turns":3.0},{"damage":0.0,"enemies":"Hexaghost","floor":16.0,"turns":6.0},{"damage":9.0,"enemies":"Chosen","floor":18.0,"turns":4.0},{"damage":0.0,"enemies":"3 Byrds","floor":19.0,"turns":3.0},{"damage":16.0,"enemies":"Snake Plant","floor":21.0,"turns":2.0},{"damage":0.0,"enemies":"Chosen and Byrds","floor":22.0,"turns":4.0},{"damage":0.0,"enemies":"Gremlin Leader","floor":23.0,"turns":3.0},{"damage":0.0,"enemies":"Snecko","floor":25.0,"turns":2.0},{"damage":45,"enemies":"Book of Stabbing","floor":27,"turns":5},{"damage":0,"enemies":"Shelled Parasite and Fungi","floor":28,"turns":2},{"damage":14,"enemies":"Slavers","floor":30,"turns":1}],"seed_played":"6031381237441870810","potions_obtained":[{"floor":3.0,"key":"DistilledChaos"},{"floor":4.0,"key":"Swift Potion"},{"floor":8.0,"key":"PowerPotion"},{"floor":13.0,"key":"Block Potion"},{"floor":16.0,"key":"SmokeBomb"},{"floor":22.0,"key":"DuplicationPotion"},{"floor":23.0,"key":"Strength Potion"},{"floor":25.0,"key":"DuplicationPotion"},{"floor":28,"key":"BlessingOfTheForge"}],"is_trial":false,"path_per_floor":["M","?","M","M","?","E","R","E","T","T","E","R","M","$","R","B",null,"M","M","?","M","M","E","?","M","T","E","M","$","E"],"character_chosen":"MARISA","items_purchased":["Medical Kit","GasGiant","FossilizedHelix","Singularity","Bag of Preparation","OortCloud","StarBarrage"],"campfire_rested":0,"item_purchase_floors":[14,14,14,14,29,29,29],"current_hp_per_floor":[59,70,66,64,64,64,64,32,32,32,34,34,36,36,36,38,62,55,57,57,43,45,47,47,49,49,6,10,10,0,0],"gold":353,"neow_bonus":"TRANSFORM_TWO_CARDS","is_daily":false,"chose_seed":false,"campfire_upgraded":3,"win_rate":0.0,"timestamp":1609436461,"path_taken":["M","?","?","M","?","E","R","E","T","?","E","R","M","?","R","BOSS","M","?","?","M","M","E","?","M","T","E","?","$","E"],"items_purchased_type":["Relic","Card","Relic","Card","Relic","Card","Card"],"build_version":"2020-12-22","purchased_purges":2,"victory":false,"max_hp_per_floor":[70,70,70,70,70,70,70,70,70,70,70,70,70,70,70,70,70,70,70,70,70,70,70,70,70,70,70,70,70,70,70],"card_choices":[{"not_picked":["PowerUp","WitchOfGreed","UnstableBomb"],"picked":"SKIP","floor":1.0},{"not_picked":["DoubleSpark","ShootingEcho","ShootTheMoon"],"picked":"SKIP","floor":3.0},{"not_picked":["LuminesStrike","EventHorizon","GravityBeat"],"picked":"SKIP","floor":4.0},{"not_picked":["ManaRampage","GravityBeat"],"picked":"Singularity","floor":6.0},{"not_picked":["DoubleSpark","UnstableBomb","NonDirectionalLaser"],"picked":"SKIP","floor":8.0},{"not_picked":["FairyDestructionRay","WitchLeyline","EventHorizon"],"picked":"SKIP","floor":11.0},{"not_picked":["PowerUp","SprinkleStarSeal","PulseMagic"],"picked":"SKIP","floor":13.0},{"not_picked":["JA","TreasureHunter"],"picked":"CasketOfStar","floor":16.0},{"not_picked":["UnstableBomb","ChargeUpSpray","DragonMeteor"],"picked":"SKIP","floor":18.0},{"not_picked":["IllusionStar","DC","SporeBomb"],"picked":"SKIP","floor":18.0},{"not_picked":["RefractionSpark","ChargeUpSpray","DeepEcoloBomb"],"picked":"SKIP","floor":19.0},{"not_picked":["DC","SporeBomb","WitchOfGreed"],"picked":"SKIP","floor":19.0},{"not_picked":["SprinkleStarSeal","DC"],"picked":"WitchLeyline","floor":21.0},{"not_picked":["IllusionStar","DarkSpark","DoubleSpark"],"picked":"SKIP","floor":21.0},{"not_picked":["BigCrunch","LuminesStrike","NonDirectionalLaser"],"picked":"SKIP","floor":22.0},{"not_picked":["WitchLeyline","NonDirectionalLaser","MachineGunSpark"],"picked":"SKIP","floor":22.0},{"not_picked":["AlicesGift+1","MysteriousBeam"],"picked":"MillisecondPulsars","floor":23.0},{"not_picked":["PowerUp+1","MysteriousBeam","SporeBomb+1"],"picked":"SKIP","floor":25.0},{"not_picked":["SporeBomb+1","UnstableBomb+1","PowerUp+1"],"picked":"SKIP","floor":25.0},{"not_picked":["StarlightTyphoon+1","IllusionStar+1","MagicAbsorber+1"],"picked":"SKIP","floor":27},{"not_picked":["UnstableBomb","IllusionStar+1","SporeBomb+1"],"picked":"SKIP","floor":28},{"not_picked":["GalacticHalo+1","MilkyWay+1","OrrerysSun"],"picked":"SKIP","floor":28}],"player_experience":383182,"relics_obtained":[{"floor":6.0,"key":"Mummified Hand"},{"floor":8.0,"key":"StrikeDummy"},{"floor":8.0,"key":"Blood Vial"},{"floor":10.0,"key":"Regal Pillow"},{"floor":11.0,"key":"MagicBroom"},{"floor":16.0,"key":"Prayer Wheel"},{"floor":23.0,"key":"Toxic Egg 2"},{"floor":26.0,"key":"WingedGreaves"},{"floor":27,"key":"BreadOfAWashokuLover"},{"floor":27,"key":"StoneCalendar"}],"event_choices":[{"cards_removed":["DarkSpark"],"damage_healed":11.0,"max_hp_gain":0.0,"max_hp_loss":0.0,"gold_gain":0.0,"event_name":"Bonfire Elementals","player_choice":"Offered Uncommon","floor":2.0,"gold_loss":0.0,"damage_taken":0.0},{"cards_removed":["Regret"],"damage_healed":0.0,"max_hp_gain":0.0,"max_hp_loss":0.0,"gold_gain":0.0,"event_name":"The Cleric","player_choice":"Card Removal","floor":5.0,"gold_loss":75.0,"damage_taken":0.0},{"damage_healed":0.0,"max_hp_gain":0.0,"max_hp_loss":0.0,"gold_gain":0.0,"event_name":"Addict","player_choice":"Obtained Relic","floor":20.0,"gold_loss":85.0,"damage_taken":0.0,"relics_obtained":["Gambling Chip"]},{"damage_healed":0.0,"max_hp_gain":0.0,"max_hp_loss":0.0,"gold_gain":0.0,"event_name":"Designer","player_choice":"Upgraded Two","floor":24.0,"gold_loss":50.0,"damage_taken":0.0,"cards_upgraded":["Singularity","MillisecondPulsars"]}],"is_beta":false,"boss_relics":[{"not_picked":["Cursed Key","Coffee Dripper"],"picked":"Astrolabe"}],"items_purged_floors":[14,29],"is_endless":false,"potions_floor_spawned":[4,13,22,23,25,27,28],"killed_by":"Slavers","ascension_level":20}}