{"host":"gc9rk8b4vlc0bstx","time":1609389127,"event":{"mods":["BaseMod","Minty Spire (QoL Compilation)","Relic Stats"],"gold_per_floor":[216,15,15,35,51,51,151,181,231,241,241,241,253,268,268,268,268],"floor_reached":16,"playtime":489,"items_purged":[],"score":102,"play_id":"4a484edc-fbef-4fec-843d-c1cad7d36df1","local_time":"20201230203207","is_ascension_mode":false,"campfire_choices":[{"data":"Skewer","floor":6,"key":"SMITH"},{"data":"Underhanded Strike","floor":12,"key":"SMITH"},{"data":"Strike_G","floor":15,"key":"SMITH"}],"circlet_count":0,"master_deck":["Strike_G","Strike_G","Strike_G+1","Strike_G","Strike_G","Defend_G","Defend_G","Defend_G","Defend_G","Defend_G","Survivor","Neutralize","Underhanded Strike+1","Cloak And Dagger+1","Skewer+1","Leg Sweep","Acrobatics","Bullet Time"],"relics":["Ring of the Snake","Sling","Dream Catcher","Juzu Bracelet","Dead Branch"],"acts_visited":["Exordium"],"potions_floor_usage":[8,8,13],"damage_taken":[{"damage":0,"enemies":"Cultist","floor":1,"turns":4},{"damage":0,"enemies":"2 Louse","floor":4,"turns":2},{"damage":11,"enemies":"Jaw Worm","floor":5,"turns":4},{"damage":10,"enemies":"Lagavulin","floor":8,"turns":5},{"damage":4,"enemies":"Blue Slaver","floor":10,"turns":4},{"damage":4,"enemies":"3 Louse","floor":13,"turns":3},{"damage":0,"enemies":"2 Fungi Beasts","floor":14,"turns":2},{"damage":0,"enemies":"Hexaghost","floor":16,"turns":1}],"seed_played":"4594865371901065322","potions_obtained":[{"floor":5,"key":"EntropicBrew"},{"floor":10,"key":"Fire Potion"},{"floor":13,"key":"ColorlessPotion"}],"is_trial":false,"path_per_floor":["M","$","?","M","M","R","?","E","T","M","?","R","M","M","R","B"],"character_chosen":"THE_SILENT","items_purchased":["Sling","Cloak And Dagger"],"campfire_rested":0,"item_purchase_floors":[2,2],"current_hp_per_floor":[70,70,70,70,59,59,59,49,49,45,38,38,34,34,34,34,34],"gold":268,"neow_bonus":"HUNDRED_GOLD","is_daily":false,"chose_seed":false,"campfire_upgraded":3,"win_rate":0.0,"timestamp":1609389127,"path_taken":["M","$","?","M","M","R","?","E","T","M","?","R","M","M","R","BOSS"],"items_purchased_type":["Relic","Card"],"build_version":"2020-12-22","purchased_purges":0,"victory":false,"max_hp_per_floor":[70,70,70,70,70,70,70,70,70,70,70,70,70,70,70,70,70],"relic_stats":{"Dream Catcher":0,"counters":[8,25],"Dead Branch":[0],"Juzu Bracelet":1,"obtain_stats":[{"Dream Catcher":8,"Dead Branch":11,"Juzu Bracelet":9,"Sling":2,"Ring of the Snake":0},{"Dream Catcher":4,"Dead Branch":5,"Juzu Bracelet":4,"Sling":1,"Ring of the Snake":0},{"Dream Catcher":15,"Dead Branch":19,"Juzu Bracelet":15,"Sling":4,"Ring of the Snake":0}],"Ring of the Snake":[16]},"card_choices":[{"not_picked":["Backflip","Dodge and Roll"],"picked":"Underhanded Strike","floor":1},{"not_picked":["Choke","Poisoned Stab"],"picked":"Skewer","floor":4},{"not_picked":["Underhanded Strike","Finisher","Bane"],"picked":"SKIP","floor":5},{"not_picked":["Well Laid Plans","Flying Knee"],"picked":"Leg Sweep","floor":8},{"not_picked":["Deflect","Blur"],"picked":"Acrobatics","floor":10},{"not_picked":["Underhanded Strike","Deflect","Blade Dance"],"picked":"SKIP","floor":13},{"not_picked":["Dagger Throw","Poisoned Stab"],"picked":"Bullet Time","floor":14}],"player_experience":831049,"relics_obtained":[{"floor":8,"key":"Dream Catcher"},{"floor":9,"key":"Juzu Bracelet"}],"event_choices":[{"damage_healed":0,"gold_gain":0,"player_choice":"Grow","damage_taken":0,"max_hp_gain":0,"max_hp_loss":0,"event_name":"Living Wall","floor":3,"gold_loss":0,"cards_upgraded":["Cloak And Dagger"]},{"damage_healed":0,"gold_gain":100,"player_choice":"Pray","damage_taken":0,"max_hp_gain":0,"max_hp_loss":0,"event_name":"Golden Shrine","floor":7,"gold_loss":0},{"damage_healed":0,"gold_gain":0,"player_choice":"Success","damage_taken":7,"relics_obtained":["Dead Branch"],"max_hp_gain":0,"max_hp_loss":0,"event_name":"Scrap Ooze","floor":11,"gold_loss":0}],"is_beta":false,"boss_relics":[],"items_purged_floors":[],"is_endless":false,"potions_floor_spawned":[5,10,13],"killed_by":"Hexaghost","ascension_level":0}}