{"host":"9gwavclf33b2mpxe","time":1609436802,"event":{"mods":["BaseMod","Bestiary","Colored Powertips","Downfall","Highlight Path","Minty Spire (QoL Compilation)","Permanent Neow","Quick Restart","Relic Stats","StSLib","SuperFastMode"],"gold_per_floor":[99,109,126,126,226,226,226,126,159,159,159,177,177,188,201,296,296,296,307,320,333,333,333,359,379,413,213,63,163,188,206,219,219,219],"floor_reached":33,"playtime":4658,"items_purged":[],"score":412,"play_id":"055a0d2f-ee01-4b52-b67a-2eb4e59c6051","local_time":"20210101014642","is_ascension_mode":false,"campfire_choices":[{"data":"Guardian:PrimingBeam","floor":1,"key":"SMITH"},{"floor":6,"key":"RECALL"},{"data":"Guardian:PiercingHide","floor":8,"key":"SMITH"},{"data":"Guardian:DecasProtection","floor":11,"key":"SMITH"},{"data":"Guardian:TwinSlam","floor":13,"key":"SMITH"},{"data":"Guardian:GemFinder","floor":18,"key":"SMITH"},{"data":"Guardian:SpikerProtocol","floor":23,"key":"SMITH"},{"data":"Guardian:CurlUp","floor":27,"key":"SMITH"}],"circlet_count":0,"master_deck":["Guardian:Strike_Guardian","Guardian:Strike_Guardian","Guardian:Defend_Guardian","Guardian:Defend_Guardian","Guardian:Defend_Guardian","Guardian:CurlUp+1","Guardian:TwinSlam+1","Guardian:PrimingBeam+1","Guardian:PiercingHide+1","Guardian:DecasProtection+1","Guardian:PrismaticBeam","Guardian:ChargeCore","Guardian:GemFinder+1","Guardian:Incinerate","Guardian:SpikerProtocol+1","Ghostly","Guardian:Emergency","Guardian:PrimingBeam","J.A.X.","Guardian:CrystalBeam+1","Guardian:Suspension","Guardian:Preprogram"],"relics":["Guardian:ModeShifter","Happy Flower","downfall:HeartBlessingRed","Darkstone Periapt","Busted Crown","Mercury Hourglass","downfall:HeartBlessingGreen","downfall:HeartBlessingBlue","MutagenicStrength","Oddly Smooth Stone"],"acts_visited":["Exordium","TheCity"],"potions_floor_usage":[16,26,33,33],"damage_taken":[{"damage":0,"enemies":"Small Slimes","floor":2,"turns":3},{"damage":1,"enemies":"Jaw Worm","floor":3,"turns":3},{"damage":21,"enemies":"Gremlin Nob","floor":9,"turns":5},{"damage":0,"enemies":"Cultist","floor":10,"turns":1},{"damage":1,"enemies":"Exordium Thugs","floor":12,"turns":4},{"damage":4,"enemies":"2 Fungi Beasts","floor":14,"turns":3},{"damage":6,"enemies":"Large Slime","floor":15,"turns":6},{"damage":41,"enemies":"downfall:Defect","floor":16,"turns":11},{"damage":0,"enemies":"Spheric Guardian","floor":19,"turns":3},{"damage":12,"enemies":"Chosen and Byrds","floor":20,"turns":6},{"damage":23,"enemies":"Shelled Parasite and Fungi","floor":21,"turns":6},{"damage":11,"enemies":"Cultist and Chosen","floor":25,"turns":6},{"damage":0,"enemies":"Gremlin Leader","floor":26,"turns":5},{"damage":0,"enemies":"downfall:Augmenter","floor":29,"turns":5},{"damage":11,"enemies":"Slavers","floor":30,"turns":5},{"damage":9,"enemies":"Snake Plant","floor":31,"turns":3},{"damage":1,"enemies":"Snecko","floor":32,"turns":4},{"damage":24,"enemies":"downfall:Ironclad","floor":33,"turns":7}],"seed_played":"4241654774784096536","potions_obtained":[{"floor":9,"key":"Guardian:BlockOnCardUsePotion"},{"floor":12,"key":"champ:CounterPotion"},{"floor":14,"key":"sneckomod:MuddlingPotion"},{"floor":19,"key":"ColorlessPotion"},{"floor":30,"key":"sneckomod:MuddlingPotion"},{"floor":31,"key":"Weak Potion"}],"is_trial":false,"path_per_floor":["R","M","M","?","?","R","T","R","E","M","R","M","R","M","M","B",null,"R","M","M","M","?","R","T","M","E","R","?","?","E","M","M","B"],"character_chosen":"GUARDIAN","items_purchased":[],"campfire_rested":0,"item_purchase_floors":[],"current_hp_per_floor":[80,80,79,79,79,79,79,79,58,58,58,57,57,53,47,6,80,80,80,68,45,45,45,45,34,34,44,44,44,33,24,23,0,0],"gold":219,"neow_bonus":"THREE_CARDS","is_daily":false,"chose_seed":false,"campfire_upgraded":7,"win_rate":0.0,"timestamp":1609436802,"path_taken":["R","M","M","?","?","R","T","R","E","M","R","?","R","M","M","BOSS","R","M","M","M","?","R","T","M","E","R","?","?","E","M","M","BOSS"],"items_purchased_type":[],"build_version":"2020-12-22","purchased_purges":0,"victory":false,"max_hp_per_floor":[80,80,80,80,80,80,80,80,80,80,80,80,80,80,80,80,80,80,80,80,80,80,80,80,80,80,90,90,90,90,90,90,90,90],"relic_stats":{"Darkstone Periapt":0,"Busted Crown":42,"Happy Flower":[26],"counters":[18,85],"obtain_stats":[{"Darkstone Periapt":9,"downfall:BrokenWingStatue":4,"Busted Crown":17,"Happy Flower":7,"downfall:HeartBlessingRed":8,"downfall:HeartBlessingBlue":27,"MutagenicStrength":29,"Guardian:ModeShifter":0,"Oddly Smooth Stone":30,"downfall:HeartBlessingGreen":27,"Mercury Hourglass":26},{"Darkstone Periapt":3,"downfall:BrokenWingStatue":2,"Busted Crown":8,"Happy Flower":2,"downfall:HeartBlessingRed":2,"downfall:HeartBlessingBlue":13,"MutagenicStrength":14,"Guardian:ModeShifter":0,"Oddly Smooth Stone":15,"downfall:HeartBlessingGreen":13,"Mercury Hourglass":13},{"Darkstone Periapt":11,"downfall:BrokenWingStatue":6,"Busted Crown":36,"Happy Flower":6,"downfall:HeartBlessingRed":6,"downfall:HeartBlessingBlue":62,"MutagenicStrength":67,"Guardian:ModeShifter":0,"Oddly Smooth Stone":72,"downfall:HeartBlessingGreen":62,"Mercury Hourglass":62}],"Mercury Hourglass":[95]},"card_choices":[{"not_picked":["Guardian:Recover","Guardian:DecasProtection"],"picked":"Guardian:PrimingBeam","floor":0},{"not_picked":["Guardian:CrystalBeam","Guardian:TimeCapacitor"],"picked":"Guardian:PiercingHide","floor":2},{"not_picked":["Guardian:PrimingBeam","Guardian:Emergency"],"picked":"Guardian:Gem_Cyan","floor":3},{"not_picked":["Guardian:PrimingBeam","Guardian:Orbwalk"],"picked":"Guardian:Gem_Fragmented","floor":9},{"not_picked":["Guardian:SphericShield","Guardian:TemporalStrike"],"picked":"Guardian:DecasProtection","floor":10},{"not_picked":["Guardian:PrismaticBarrier","Guardian:Gem_Cyan"],"picked":"Guardian:Gem_White","floor":12},{"not_picked":["Guardian:ChargeCore","Guardian:Gem_Lightblue"],"picked":"Guardian:PrismaticBeam","floor":14},{"not_picked":["Guardian:Suspension","Guardian:BronzeOrb"],"picked":"Guardian:ChargeCore","floor":15},{"not_picked":["Guardian:FastForward","Guardian:AncientConstruct"],"picked":"Guardian:GemFinder","floor":16},{"not_picked":["Guardian:Gem_Cyan","Guardian:Gem_Red"],"picked":"Guardian:Gem_Green","floor":19},{"not_picked":[],"picked":"Guardian:Gem_Cyan","floor":19},{"not_picked":["Guardian:Gem_Cyan","Guardian:Gem_Green"],"picked":"Guardian:Gem_Red","floor":20},{"not_picked":[],"picked":"Guardian:Incinerate","floor":20},{"not_picked":["Guardian:Gem_Red","Guardian:Gem_Green"],"picked":"Guardian:Gem_Lightblue","floor":21},{"not_picked":[],"picked":"Guardian:SpikerProtocol","floor":21},{"not_picked":["Guardian:Gem_Green","Guardian:Gem_Lightblue"],"picked":"Guardian:Gem_Cyan","floor":25},{"not_picked":["Guardian:RollAttack"],"picked":"SKIP","floor":25},{"not_picked":["Guardian:TemporalStrike"],"picked":"SKIP","floor":26},{"not_picked":[],"picked":"J.A.X.","floor":29},{"not_picked":[],"picked":"Guardian:CrystalBeam+1","floor":30},{"not_picked":[],"picked":"Guardian:Suspension","floor":31},{"not_picked":[],"picked":"Guardian:Preprogram","floor":32}],"player_experience":61659,"relics_obtained":[{"floor":7,"key":"Happy Flower"},{"floor":9,"key":"Darkstone Periapt"},{"floor":26,"key":"Mercury Hourglass"},{"floor":29,"key":"MutagenicStrength"},{"floor":30,"key":"Oddly Smooth Stone"}],"event_choices":[{"cards_removed":["Guardian:Strike_Guardian"],"damage_healed":0,"gold_gain":0,"player_choice":"Elegance","damage_taken":0,"max_hp_gain":0,"max_hp_loss":0,"event_name":"Back to Basics","floor":22,"gold_loss":0}],"is_beta":false,"boss_relics":[{"not_picked":["Runic Dome","Snecko Eye"],"picked":"Busted Crown"}],"items_purged_floors":[],"is_endless":false,"potions_floor_spawned":[9,12,14,19,20,30,31],"killed_by":"downfall:Ironclad","ascension_level":0}}