{"host":"Qube","time":1609393864,"event":{"mods":["AchievementEnabler","BaseMod","Colored Map","Colored Powertips","Minty Spire (QoL Compilation)","Quick Restart","Random Character Button","StSLib","The Cursed"],"gold_per_floor":[114,130,130,142,161,191,191,201,201,201,218,232,244,244,244,244,244],"floor_reached":16,"playtime":604,"items_purged":[],"score":207,"play_id":"489f556b-741f-4b04-a076-a7c3b7b837ca","local_time":"20201230215104","is_ascension_mode":true,"campfire_choices":[{"floor":7,"key":"REST"},{"floor":10,"key":"REST"},{"data":"Zap","floor":15,"key":"SMITH"}],"circlet_count":0,"master_deck":["AscendersBane","Strike_B","Strike_B","Strike_B","Defend_B","Defend_B","Defend_B","Defend_B","Zap+1","Dualcast","Leap","Ball Lightning","Steam","Reboot","Rebound","Glacier","Conserve Battery"],"relics":["Cracked Core","Unceasing Top","Symbiotic Virus"],"acts_visited":["Exordium"],"potions_floor_usage":[6,16],"damage_taken":[{"damage":7.0,"enemies":"Jaw Worm","floor":1.0,"turns":4.0},{"damage":0.0,"enemies":"Small Slimes","floor":2.0,"turns":3.0},{"damage":3.0,"enemies":"2 Louse","floor":4.0,"turns":2.0},{"damage":2.0,"enemies":"Large Slime","floor":5.0,"turns":5.0},{"damage":46,"enemies":"Gremlin Nob","floor":6,"turns":4},{"damage":8,"enemies":"3 Louse","floor":8,"turns":4},{"damage":21,"enemies":"Exordium Thugs","floor":11,"turns":4},{"damage":0,"enemies":"Large Slime","floor":12,"turns":4},{"damage":3,"enemies":"2 Fungi Beasts","floor":13,"turns":2},{"damage":2,"enemies":"Hexaghost","floor":16,"turns":9}],"seed_played":"8294337696680506157","potions_obtained":[{"floor":0.0,"key":"Fruit Juice"},{"floor":0.0,"key":"Energy Potion"},{"floor":0.0,"key":"EssenceOfDarkness"},{"floor":5.0,"key":"GamblersBrew"},{"floor":11,"key":"ColorlessPotion"},{"floor":12,"key":"Strength Potion"},{"floor":13,"key":"Swift Potion"}],"is_trial":false,"path_per_floor":["M","M","?","M","M","E","R","M","T","R","M","M","M","?","R","B"],"character_chosen":"DEFECT","items_purchased":[],"campfire_rested":2,"item_purchase_floors":[],"current_hp_per_floor":[62,62,62,59,57,11,33,25,25,47,26,26,23,16,16,14,14],"gold":244,"neow_bonus":"THREE_SMALL_POTIONS","is_daily":false,"chose_seed":false,"campfire_upgraded":1,"win_rate":0.0,"timestamp":1609393864,"path_taken":["M","M","?","M","M","E","R","M","T","R","M","M","M","?","R","BOSS"],"items_purchased_type":[],"build_version":"2020-12-18","purchased_purges":0,"victory":false,"max_hp_per_floor":[76,76,76,76,76,76,76,76,76,76,76,76,76,76,76,76,76],"card_choices":[{"not_picked":["Fusion","Hologram"],"picked":"Leap","floor":1.0},{"not_picked":["Turbo","Conserve Battery"],"picked":"Ball Lightning","floor":2.0},{"not_picked":["Self Repair","Cold Snap","FTL"],"picked":"SKIP","floor":4.0},{"not_picked":["Steam Power","Stack"],"picked":"Steam","floor":5.0},{"not_picked":["Hologram","Compile Driver"],"picked":"Reboot","floor":6},{"not_picked":["Chill","Force Field"],"picked":"Rebound","floor":8},{"not_picked":["FTL","Compile Driver","Redo"],"picked":"SKIP","floor":11},{"not_picked":["Force Field","Doom and Gloom"],"picked":"Glacier","floor":12},{"not_picked":["Streamline","Compile Driver"],"picked":"Conserve Battery","floor":13}],"player_experience":745482,"relics_obtained":[{"floor":6,"key":"Unceasing Top"},{"floor":9,"key":"Symbiotic Virus"}],"event_choices":[{"damage_healed":0.0,"max_hp_gain":0.0,"max_hp_loss":0.0,"gold_gain":0.0,"event_name":"Liars Game","player_choice":"Ignored","floor":3.0,"gold_loss":0.0,"damage_taken":0.0},{"cards_removed":["Strike_B"],"damage_healed":0,"gold_gain":0,"player_choice":"Card Removal","damage_taken":7,"max_hp_gain":0,"max_hp_loss":0,"event_name":"Golden Wing","floor":14,"gold_loss":0}],"is_beta":true,"boss_relics":[],"items_purged_floors":[],"is_endless":false,"potions_floor_spawned":[5,11,12,13],"killed_by":"Hexaghost","ascension_level":19}}