{"host":"344lv32hnei0mdhu","time":1609407155,"event":{"mods":["Act Like it!","BaseMod","Better Match","Better Sensory Stone","Better Skull","Better Third Choice","Better Vampires","Colored Powertips","Highlight Path","Minty Spire (QoL Compilation)","Quick Restart","Random Character Button","Rare Cards Sparkle","StSLib"],"gold_per_floor":[113,113,113,132,64,64,91,105,105,116,116,129,141,141,141,141,141],"floor_reached":16,"playtime":332,"items_purged":[],"score":184,"play_id":"5c6b10e8-6784-43dc-bb17-48ba357fa862","local_time":"20201231033235","is_ascension_mode":true,"campfire_choices":[{"data":"Inflame","floor":11,"key":"SMITH"},{"floor":15,"key":"REST"}],"circlet_count":0,"master_deck":["Strike_R","Strike_R","Strike_R","Strike_R","Defend_R","Defend_R","Defend_R","Defend_R","Bash","Inflame+1","Rupture","Metallicize","Whirlwind","Pummel","Anger","Infernal Blade","Fire Breathing"],"relics":["Burning Blood","NeowsBlessing","CultistMask","Letter Opener","MealTicket"],"acts_visited":["Exordium"],"potions_floor_usage":[10,10],"damage_taken":[{"damage":0,"enemies":"Jaw Worm","floor":1,"turns":1},{"damage":0,"enemies":"2 Louse","floor":4,"turns":1},{"damage":0,"enemies":"Lagavulin","floor":7,"turns":2},{"damage":5,"enemies":"Cultist","floor":8,"turns":4},{"damage":9,"enemies":"Large Slime","floor":10,"turns":6},{"damage":18,"enemies":"Lots of Slimes","floor":12,"turns":3},{"damage":8,"enemies":"Looter","floor":13,"turns":2},{"damage":66,"enemies":"Hexaghost","floor":16,"turns":8}],"seed_played":"-6315033475423320439","potions_obtained":[{"floor":7,"key":"Swift Potion"},{"floor":8,"key":"PowerPotion"},{"floor":10,"key":"ElixirPotion"}],"is_trial":false,"path_per_floor":["M","?","?","M","$","?","E","M","T","M","R","M","M","?","R","B"],"character_chosen":"IRONCLAD","items_purchased":["Metallicize"],"campfire_rested":1,"item_purchase_floors":[5],"current_hp_per_floor":[78,83,83,85,85,85,85,85,85,82,82,70,68,68,85,19,19],"gold":141,"neow_bonus":"THREE_ENEMY_KILL","is_daily":false,"chose_seed":false,"campfire_upgraded":1,"win_rate":0.0,"timestamp":1609407155,"path_taken":["M","?","?","?","$","?","E","M","T","M","R","?","M","?","R","BOSS"],"items_purchased_type":["Card"],"build_version":"2020-12-22","purchased_purges":0,"victory":false,"max_hp_per_floor":[80,85,85,85,85,85,85,85,85,85,85,85,85,85,85,85,85],"card_choices":[{"not_picked":["Warcry","Twin Strike"],"picked":"Inflame","floor":1},{"not_picked":["Pommel Strike","Pummel"],"picked":"Rupture","floor":4},{"not_picked":["Blood for Blood","Cleave"],"picked":"Whirlwind","floor":7},{"not_picked":["Intimidate","Armaments"],"picked":"Pummel","floor":8},{"not_picked":["Flex","Headbutt"],"picked":"Anger","floor":10},{"not_picked":["Cleave","Warcry"],"picked":"Infernal Blade","floor":12},{"not_picked":["True Grit","Body Slam"],"picked":"Fire Breathing","floor":13}],"player_experience":291201,"relics_obtained":[{"floor":7,"key":"Letter Opener"},{"floor":9,"key":"MealTicket"}],"event_choices":[{"damage_healed":0,"gold_gain":0,"player_choice":"Donut","damage_taken":0,"max_hp_gain":5,"max_hp_loss":0,"event_name":"Big Fish","floor":2,"gold_loss":0},{"cards_removed":["Strike_R"],"damage_healed":0,"gold_gain":0,"player_choice":"Purged","damage_taken":0,"max_hp_gain":0,"max_hp_loss":0,"event_name":"Purifier","floor":3,"gold_loss":0},{"damage_healed":0,"gold_gain":0,"player_choice":"Trade","damage_taken":0,"relics_obtained":["CultistMask"],"max_hp_gain":0,"max_hp_loss":0,"event_name":"FaceTrader","floor":6,"gold_loss":0},{"damage_healed":0,"gold_gain":0,"player_choice":"Ignored","damage_taken":0,"max_hp_gain":0,"max_hp_loss":0,"event_name":"Golden Wing","floor":14,"gold_loss":0}],"is_beta":false,"boss_relics":[],"items_purged_floors":[],"is_endless":false,"potions_floor_spawned":[7,8,10],"killed_by":"Hexaghost","ascension_level":9}}