{"host":"6qo42zgaknezulyg","time":1609397761,"event":{"mods":["2.2 Compatiblity","BaseMod","Colored Map","Highlight Path","Keyboard Shortcuts","Minty Spire (QoL Compilation)","Permanent Neow","Quick Restart","StSLib","SuperFastMode","The Runesmith"],"gold_per_floor":[11,11,41,41,80,80,138,138,138,138,138,138,17,76,76,175,175,210,222,262,279,7,7,24,24,24,37,37,53,53,96,96,224,224,262,302,302,48,90,90,90,109,163,63,113,125,163,201,201,201],"floor_reached":51,"playtime":2438,"items_purged":["Runesmith:CraftFirestone","Parasite"],"score":1117,"play_id":"32766e62-a8e3-4f37-8935-21b916da8bb2","local_time":"20201231155601","is_ascension_mode":true,"campfire_choices":[{"data":"HandOfGreed","floor":6.0,"key":"SMITH"},{"data":"Runesmith:CraftPrismatica","floor":8.0,"key":"SMITH"},{"floor":11.0,"key":"REST"},{"floor":15.0,"key":"REST"},{"floor":23.0,"key":"REST"},{"data":"Runesmith:UnlimitedPower","floor":25.0,"key":"SMITH"},{"floor":32.0,"key":"REST"},{"data":"Runesmith:FrozenChisel","floor":40.0,"key":"SMITH"},{"floor":49.0,"key":"REST"}],"circlet_count":0,"master_deck":["AscendersBane","Runesmith:Defend_RS","Runesmith:Defend_RS","Runesmith:Defend_RS","Runesmith:Defend_RS","Runesmith:Fortify","HandOfGreed+1","Runesmith:CraftPrismatica+1","Runesmith:CraftMagma+1","Runesmith:FissionHammer","Runesmith:Duplicate+1","Runesmith:MetallurgicalResearch+1","Runesmith:LightningRod+1","Runesmith:GoWithTheFlow+1","Runesmith:HammerThrow+1","Runesmith:EnergizedChisel+1","Runesmith:LithiumIon+1","Runesmith:Superposition+1","Runesmith:UnlimitedPower+1","Runesmith:CraftObretio+1","Runesmith:FrozenChisel+1","Runesmith:NanitesCloud+1","Runesmith:CraftVitae+1","Runesmith:RunicBlueprint+1","Parasite"],"relics":["Runesmith:BrokenRuby","Blood Vial","Toxic Egg 2","White Beast Statue","Unceasing Top","Torii","Astrolabe","Regal Pillow","Tiny Chest","Singing Bowl","Philosopher\u0027s Stone","Darkstone Periapt","Sundial","Anchor","Ginger"],"acts_visited":["Exordium","TheCity","TheBeyond"],"potions_floor_usage":[50,50],"damage_taken":[{"damage":7.0,"enemies":"Jaw Worm","floor":1.0,"turns":3.0},{"damage":1.0,"enemies":"Cultist","floor":3.0,"turns":4.0},{"damage":0.0,"enemies":"Small Slimes","floor":5.0,"turns":3.0},{"damage":21.0,"enemies":"Gremlin Nob","floor":7.0,"turns":4.0},{"damage":23.0,"enemies":"3 Sentries","floor":14.0,"turns":9.0},{"damage":41.0,"enemies":"The Guardian","floor":16.0,"turns":10.0},{"damage":32.0,"enemies":"2 Thieves","floor":18.0,"turns":5.0},{"damage":0.0,"enemies":"Chosen","floor":19.0,"turns":6.0},{"damage":5.0,"enemies":"Snake Plant","floor":20.0,"turns":4.0},{"damage":8.0,"enemies":"Cultist and Chosen","floor":21.0,"turns":4.0},{"damage":6.0,"enemies":"Centurion and Healer","floor":24.0,"turns":7.0},{"damage":23.0,"enemies":"Snake Plant","floor":27.0,"turns":4.0},{"damage":0.0,"enemies":"Snecko","floor":29.0,"turns":5.0},{"damage":10.0,"enemies":"Centurion and Healer","floor":31.0,"turns":6.0},{"damage":12.0,"enemies":"Champ","floor":33.0,"turns":11.0},{"damage":0.0,"enemies":"3 Darklings","floor":35.0,"turns":4.0},{"damage":2.0,"enemies":"Orb Walker","floor":36.0,"turns":6.0},{"damage":0.0,"enemies":"Sphere and 2 Shapes","floor":39.0,"turns":4.0},{"damage":1.0,"enemies":"Writhing Mass","floor":42.0,"turns":6.0},{"damage":0.0,"enemies":"Mind Bloom Boss Battle","floor":45.0,"turns":6.0},{"damage":9.0,"enemies":"3 Darklings","floor":46.0,"turns":5.0},{"damage":25.0,"enemies":"Sphere and 2 Shapes","floor":47.0,"turns":7.0},{"damage":0.0,"enemies":"Writhing Mass","floor":48.0,"turns":7.0},{"damage":32,"enemies":"Time Eater","floor":50,"turns":11}],"seed_played":"-3388232735773782953","potions_obtained":[{"floor":1.0,"key":"AttackPotion"},{"floor":14.0,"key":"SkillPotion"},{"floor":16.0,"key":"EssenceOfSteel"},{"floor":18.0,"key":"Weak Potion"},{"floor":19.0,"key":"Regen Potion"},{"floor":20.0,"key":"ColorlessPotion"},{"floor":21.0,"key":"LiquidMemories"},{"floor":24.0,"key":"BlessingOfTheForge"},{"floor":27.0,"key":"LiquidBronze"},{"floor":31.0,"key":"Dexterity Potion"},{"floor":33.0,"key":"EssenceOfSteel"},{"floor":35.0,"key":"FearPotion"},{"floor":42.0,"key":"DuplicationPotion"}],"is_trial":false,"path_per_floor":["M","?","M","$","M","R","E","R","T","?","R","T","$","E","R","B",null,"M","M","M","M","$","R","M","R","T","M","?","M","T","M","R","B",null,"M","M","T","$","M","R","?","M","T","$","?","M","M","M","R","B",null],"character_chosen":"RUNESMITH_CLASS","items_purchased":["Runesmith:CraftMagma+1","Runesmith:FissionHammer","Runesmith:CraftObretio+1","Regal Pillow","Sundial"],"campfire_rested":5,"item_purchase_floors":[13,13,22,22,38],"current_hp_per_floor":[56,56,55,55,55,55,34,34,34,27,48,48,48,27,48,9,55,25,27,24,30,30,66,62,62,62,41,41,43,43,37,72,62,71,73,74,74,74,76,76,76,83,83,81,83,74,53,63,93,61],"gold":201,"neow_bonus":"RANDOM_COLORLESS_2","is_daily":false,"chose_seed":false,"campfire_upgraded":4,"win_rate":0.0,"timestamp":1609397761,"path_taken":["M","?","M","$","M","R","E","R","T","?","R","?","$","E","R","BOSS","M","M","?","M","$","R","M","R","T","M","?","?","?","M","R","BOSS","M","M","?","$","M","R","?","M","T","$","?","M","M","?","R","BOSS"],"items_purchased_type":["Card","Card","Card","Relic","Relic"],"build_version":"2020-12-22","purchased_purges":2,"victory":true,"max_hp_per_floor":[70,70,70,70,70,70,70,70,70,70,70,70,70,70,70,70,70,70,70,70,70,70,70,70,70,70,70,70,70,70,72,72,74,74,74,76,76,76,76,76,76,84,84,81,83,83,85,93,93,93],"card_choices":[{"not_picked":["Chrysalis","Magnetism"],"picked":"HandOfGreed","floor":0.0},{"not_picked":["Runesmith:Repurpose","Runesmith:ShiftingStrike","Runesmith:CraftProtectio"],"picked":"SKIP","floor":1.0},{"not_picked":["Runesmith:EnergizedChisel","Runesmith:HammerThrow","Runesmith:Overpower"],"picked":"SKIP","floor":3.0},{"not_picked":["Runesmith:EnergizedChisel","Runesmith:HammerThrow","Runesmith:Overpower"],"picked":"SKIP","floor":3.0},{"not_picked":["Runesmith:RuneHurl","Runesmith:CraftProtectio","Runesmith:Grindstone"],"picked":"SKIP","floor":5.0},{"not_picked":["Runesmith:EnergizedChisel","Runesmith:NanitesCloud"],"picked":"Runesmith:CraftPrismatica","floor":7.0},{"not_picked":["Runesmith:Grindstone+1","Runesmith:MakeshiftArmor+1"],"picked":"Runesmith:Duplicate+1","floor":14.0},{"not_picked":["Runesmith:CraftIndustria+1","Runesmith:LastStand+1"],"picked":"Runesmith:MetallurgicalResearch+1","floor":16.0},{"not_picked":["Runesmith:HeatExchange","Runesmith:CraftReservo+1"],"picked":"Runesmith:EnergizedChisel+1","floor":18.0},{"not_picked":["Runesmith:ShiftingStrike","Runesmith:ElementalConversion+1"],"picked":"Runesmith:LithiumIon+1","floor":19.0},{"not_picked":["Runesmith:Terraform+1","Runesmith:Repurpose+1"],"picked":"Runesmith:Superposition","floor":20.0},{"not_picked":["Runesmith:CraftReservo+1","Runesmith:CraftProtectio+1"],"picked":"Runesmith:UnlimitedPower","floor":21.0},{"not_picked":["Runesmith:PerfectChisel","Runesmith:Repurpose+1"],"picked":"Runesmith:FrozenChisel","floor":24.0},{"not_picked":["Runesmith:CraftIncendium+1","Runesmith:Repurpose+1","Runesmith:LithiumIon"],"picked":"SKIP","floor":27.0},{"not_picked":["Runesmith:StaticCage+1","Runesmith:Superposition","Runesmith:Overpower"],"picked":"SKIP","floor":29.0},{"not_picked":["Runesmith:HeatedChisel","Runesmith:StaticCage+1","Runesmith:FieryHammer"],"picked":"Singing Bowl","floor":31.0},{"not_picked":["Runesmith:UnlimitedPower","Runesmith:Supernova+1","Runesmith:FissionHammer"],"picked":"Singing Bowl","floor":33.0},{"not_picked":["Runesmith:Terraform+1","Runesmith:MakeshiftArmor+1"],"picked":"Runesmith:NanitesCloud+1","floor":35.0},{"not_picked":["Runesmith:CraftProtectio+1","Runesmith:ChiselStab+1","Runesmith:Firestorm"],"picked":"Singing Bowl","floor":36.0},{"not_picked":["Runesmith:HeatExchange","Runesmith:MakeshiftArmor+1"],"picked":"Runesmith:CraftVitae+1","floor":39.0},{"not_picked":["Runesmith:HammerThrow","Runesmith:MakeshiftArmor+1","Runesmith:Grindstone+1"],"picked":"Singing Bowl","floor":42.0},{"not_picked":["Runesmith:Augment+1","Runesmith:HeatedChisel","Runesmith:StaticCage+1"],"picked":"Singing Bowl","floor":45.0},{"not_picked":["Runesmith:HeatExchange","Runesmith:Firestorm+1"],"picked":"Runesmith:RunicBlueprint+1","floor":46.0},{"not_picked":["Runesmith:WhiteBalance","Runesmith:ReplicatingBarrier","Runesmith:CraftIncendium+1"],"picked":"Singing Bowl","floor":47.0},{"not_picked":["Runesmith:PerfectChisel+1","Runesmith:ChiselStab","Runesmith:GoWithTheFlow"],"picked":"Singing Bowl","floor":48.0}],"player_experience":760523,"relics_obtained":[{"floor":7.0,"key":"Blood Vial"},{"floor":9.0,"key":"Toxic Egg 2"},{"floor":12.0,"key":"Unceasing Top"},{"floor":14.0,"key":"Torii"},{"floor":26.0,"key":"Tiny Chest"},{"floor":30.0,"key":"Singing Bowl"},{"floor":37.0,"key":"Darkstone Periapt"},{"floor":43.0,"key":"Anchor"},{"floor":45.0,"key":"Ginger"}],"event_choices":[{"cards_removed":["Runesmith:Strike_RS"],"damage_healed":0.0,"max_hp_gain":0.0,"max_hp_loss":0.0,"gold_gain":0.0,"event_name":"Living Wall","player_choice":"Forget","floor":2.0,"gold_loss":0.0,"damage_taken":0.0},{"damage_healed":0.0,"max_hp_gain":0.0,"max_hp_loss":0.0,"gold_gain":0.0,"event_name":"Scrap Ooze","player_choice":"Success","floor":10.0,"gold_loss":0.0,"damage_taken":7.0,"relics_obtained":["White Beast Statue"]},{"damage_healed":0.0,"max_hp_gain":0.0,"max_hp_loss":0.0,"gold_gain":0.0,"event_name":"Upgrade Shrine","player_choice":"Upgraded","floor":28.0,"gold_loss":0.0,"damage_taken":0.0,"cards_upgraded":["Runesmith:Superposition"]},{"damage_healed":0.0,"max_hp_gain":0.0,"max_hp_loss":0.0,"gold_gain":0.0,"event_name":"Mysterious Sphere","player_choice":"Ignored","floor":41.0,"gold_loss":0.0,"damage_taken":0.0},{"damage_healed":0.0,"max_hp_gain":0.0,"max_hp_loss":0.0,"gold_gain":0.0,"event_name":"MindBloom","player_choice":"Fight","floor":45.0,"gold_loss":0.0,"damage_taken":0.0}],"is_beta":false,"boss_relics":[{"not_picked":["Tiny House","Ectoplasm"],"picked":"Astrolabe"},{"not_picked":["Runic Pyramid","Runic Dome"],"picked":"Philosopher\u0027s Stone"}],"items_purged_floors":[22,44],"is_endless":false,"potions_floor_spawned":[1,14,16,18,19,20,21,24,27,29,31,33,35,36,39,42,45,46,47,48],"ascension_level":10}}