{"host":"bux1pdxjwq4dkad9","time":1609395246,"event":{"mods":["Arknights The Spire","BaseMod","Colored Map","Evolution","Minty Spire (QoL Compilation)","Quick Restart","StSLib","SuperFastMode"],"gold_per_floor":[12,23,23,49,14,45,61,61,61,81,99,140,160,191,191,191,191],"floor_reached":16,"playtime":496,"items_purged":[],"score":269,"play_id":"748501b6-30bf-42f2-adff-cd3c3f214d00","local_time":"20201231141406","is_ascension_mode":true,"campfire_choices":[{"data":"Coolheaded","floor":8.0,"key":"SMITH"},{"data":"Zap","floor":15,"key":"SMITH"}],"circlet_count":0,"master_deck":["AscendersBane","Ball Lightning","Ball Lightning","Ball Lightning","Ball Lightning","Leap","Defend_B","Defend_B","Defend_B","Zap+1","Dualcast","Coolheaded+1","Capacitor","Streamline","Genetic Algorithm","Barrage","Go for the Eyes+1"],"relics":["Cracked Core","EVO:Axolotl","Golden Idol","Bag of Preparation","ats:Originium","Gremlin Horn","Matryoshka","Molten Egg 2","Bottled Lightning"],"acts_visited":["Exordium"],"potions_floor_usage":[16,16],"damage_taken":[{"damage":0.0,"enemies":"Cultist","floor":1.0,"turns":2.0},{"damage":3.0,"enemies":"Small Slimes","floor":2.0,"turns":2.0},{"damage":24.0,"enemies":"3 Sentries","floor":6.0,"turns":7.0},{"damage":5.0,"enemies":"Jaw Worm","floor":7.0,"turns":4.0},{"damage":1.0,"enemies":"2 Fungi Beasts","floor":10.0,"turns":2.0},{"damage":0,"enemies":"Large Slime","floor":11,"turns":3},{"damage":8,"enemies":"Gremlin Nob","floor":12,"turns":3},{"damage":9,"enemies":"3 Louse","floor":13,"turns":2},{"damage":15,"enemies":"3 Sentries","floor":14,"turns":7},{"damage":19,"enemies":"Slime Boss","floor":16,"turns":5}],"seed_played":"4019035822754566478","potions_obtained":[{"floor":7.0,"key":"FearPotion"},{"floor":12,"key":"Regen Potion"}],"is_trial":false,"path_per_floor":["M","M","?","T","?","E","M","R","T","M","M","E","M","E","R","B"],"character_chosen":"DEFECT","items_purchased":[],"campfire_rested":0,"item_purchase_floors":[],"current_hp_per_floor":[78,75,46,46,67,43,38,38,38,37,37,29,20,5,5,0,0],"gold":191,"neow_bonus":"TWENTY_PERCENT_HP_BONUS","is_daily":false,"chose_seed":false,"campfire_upgraded":2,"win_rate":0.0,"timestamp":1609395246,"path_taken":["M","?","?","?","?","E","M","R","T","M","M","E","M","E","R","BOSS"],"items_purchased_type":[],"build_version":"2020-12-22","purchased_purges":0,"victory":false,"max_hp_per_floor":[85,85,85,85,85,85,85,85,85,85,85,85,85,85,85,85,85],"card_choices":[{"not_picked":["Double Energy","Steam Power"],"picked":"Coolheaded","floor":1.0},{"not_picked":["Beam Cell","Stack"],"picked":"Capacitor","floor":2.0},{"not_picked":["Reprogram","Steam"],"picked":"Streamline","floor":6.0},{"not_picked":["FTL","Steam Power"],"picked":"Genetic Algorithm","floor":7.0},{"not_picked":["Compile Driver","Fusion"],"picked":"Barrage","floor":10},{"not_picked":["Doom and Gloom","Steam","Static Discharge"],"picked":"SKIP","floor":11},{"not_picked":["Fusion","Barrage+1","Storm"],"picked":"SKIP","floor":12},{"not_picked":["Rip and Tear+1","Redo","Genetic Algorithm"],"picked":"SKIP","floor":13},{"not_picked":["Reinforced Body","Doom and Gloom+1"],"picked":"Go for the Eyes+1","floor":14}],"player_experience":2336580,"relics_obtained":[{"floor":4.0,"key":"Bag of Preparation"},{"floor":6.0,"key":"ats:Originium"},{"floor":6.0,"key":"Gremlin Horn"},{"floor":9.0,"key":"Matryoshka"},{"floor":12,"key":"ats:Originium"},{"floor":12,"key":"Molten Egg 2"},{"floor":14,"key":"ats:Originium"},{"floor":14,"key":"Bottled Lightning"}],"event_choices":[{"damage_healed":0.0,"max_hp_gain":0.0,"max_hp_loss":0.0,"gold_gain":0.0,"event_name":"Golden Idol","player_choice":"Take Damage","floor":3.0,"gold_loss":0.0,"damage_taken":29.0,"relics_obtained":["Golden Idol"]},{"damage_healed":21.0,"max_hp_gain":0.0,"max_hp_loss":0.0,"gold_gain":0.0,"event_name":"The Cleric","player_choice":"Healed","floor":5.0,"gold_loss":35.0,"damage_taken":0.0}],"is_beta":false,"boss_relics":[],"items_purged_floors":[],"is_endless":false,"potions_floor_spawned":[7,12,13,14],"killed_by":"Slime Boss","ascension_level":20}}