{"host":"ohysexhjt9sgbosk","time":1609455204,"event":{"mods":["AchievementEnabler","BaseMod","Better Altar","Better Skull","Better Third Choice","BetterRewards","Colored Map","Colored Powertips","Curses Come First","Evolution","Key Reminder","Minty Spire (QoL Compilation)","Rare Cards Sparkle","Spicy Shops","StSLib"],"gold_per_floor":[110,128,139,139,314,340,2,2,83,98,123,123,198,211,211,316,316,331,10,10,10,33,33,33,50,100,149,176,187,41,67,67,169,169,182,182,400,410,486,486,486,486,486,486,19,31,65,0,0,0,0,0,0,30,30],"floor_reached":56,"playtime":4153,"items_purged":["Doubt"],"score":2017,"play_id":"c98603e1-b347-44b8-8d8b-99cd2baa4af1","local_time":"20201231155324","is_ascension_mode":true,"campfire_choices":[{"floor":12,"key":"RECALL"},{"floor":15,"key":"REST"},{"data":"Creative AI","floor":32,"key":"SMITH"},{"data":"Defragment","floor":40,"key":"SMITH"},{"data":"Dramatic Entrance","floor":42,"key":"SMITH"},{"data":"Dramatic Entrance","floor":44,"key":"SMITH"},{"data":"Chill","floor":49,"key":"SMITH"},{"data":"Capacitor","floor":52,"key":"SMITH"}],"circlet_count":0,"master_deck":["Ball Lightning","Ball Lightning","Ball Lightning","Ball Lightning","Leap","Leap","Leap","Leap","Zap","Dualcast","Chill+1","Go for the Eyes","Glacier","Leap","Defragment+1","Stack+1","Double Energy+1","Defragment+1","All For One","Double Energy+1","Steam+1","Cold Snap+1","Creative AI+1","Aggregate+1","Biased Cognition","Steam+1","Dramatic Entrance+1","Finesse+1","Dramatic Entrance+1","Go for the Eyes+1","Loop","Compile Driver+1","Steam+1","Capacitor+1","Double Energy+1"],"relics":["FrozenCore","EVO:Axolotl","Dead Branch","Matryoshka","Kunai","Pear","DataDisk","Centennial Puzzle","MealTicket","Omamori","Toxic Egg 2","Tiny Chest","Mummified Hand","Bronze Scales","MutagenicStrength","Oddly Smooth Stone","Juzu Bracelet","Boot","Anchor","InkBottle","Coffee Dripper","Symbiotic Virus","Molten Egg 2","Gambling Chip","Ancient Tea Set","Red Mask","Pen Nib"],"acts_visited":["Exordium","TheCity","TheBeyond","TheEnding"],"potions_floor_usage":[6,28,29,31,33,55,55,55],"damage_taken":[{"damage":0,"enemies":"Jaw Worm","floor":1,"turns":2},{"damage":0,"enemies":"2 Louse","floor":2,"turns":2},{"damage":0,"enemies":"Cultist","floor":3,"turns":2},{"damage":0,"enemies":"Gremlin Nob","floor":6,"turns":4},{"damage":0,"enemies":"Large Slime","floor":10,"turns":5},{"damage":0,"enemies":"3 Sentries","floor":11,"turns":6},{"damage":0,"enemies":"2 Fungi Beasts","floor":14,"turns":3},{"damage":0,"enemies":"Slime Boss","floor":16,"turns":5},{"damage":0,"enemies":"3 Byrds","floor":18,"turns":5},{"damage":0,"enemies":"Spheric Guardian","floor":25,"turns":3},{"damage":0,"enemies":"Book of Stabbing","floor":28,"turns":5},{"damage":0,"enemies":"Snake Plant","floor":29,"turns":3},{"damage":0,"enemies":"Slavers","floor":31,"turns":5},{"damage":0,"enemies":"Champ","floor":33,"turns":13},{"damage":0,"enemies":"3 Darklings","floor":35,"turns":5},{"damage":0,"enemies":"3 Shapes","floor":38,"turns":3},{"damage":0,"enemies":"Sphere and 2 Shapes","floor":46,"turns":1},{"damage":0,"enemies":"Nemesis","floor":47,"turns":4},{"damage":0,"enemies":"Donu and Deca","floor":50,"turns":8},{"damage":0,"enemies":"Shield and Spear","floor":54,"turns":4},{"damage":40,"enemies":"The Heart","floor":55,"turns":8}],"seed_played":"-7778979164370586489","potions_obtained":[{"floor":1,"key":"FocusPotion"},{"floor":2,"key":"DistilledChaos"},{"floor":11,"key":"AttackPotion"},{"floor":14,"key":"DuplicationPotion"},{"floor":29,"key":"DistilledChaos"},{"floor":31,"key":"Block Potion"},{"floor":33,"key":"Block Potion"},{"floor":47,"key":"DuplicationPotion"}],"is_trial":false,"path_per_floor":["M","M","M","?","?","E","$","T","T","M","E","R","?","M","R","B",null,"M","$","?","?","T","?","?","M","T","T","E","M","$","E","R","B",null,"M","?","?","M","T","R","?","R","T","R","$","M","E","?","R","B",null,"R","$","E","B",null],"character_chosen":"DEFECT","items_purchased":["Matryoshka","Kunai","DataDisk","Defragment","Centennial Puzzle","Mummified Hand","Anchor","Gambling Chip","Loop","Compile Driver+1"],"campfire_rested":1,"item_purchase_floors":[0,0,7,7,7,19,30,45,45,45],"current_hp_per_floor":[57,57,57,62,62,72,72,72,72,72,72,72,61,61,89,89,96,96,96,96,96,96,96,96,96,96,96,96,96,96,96,96,96,96,96,86,68,68,68,68,92,92,92,92,96,96,96,96,96,96,96,96,96,96,56],"gold":30,"neow_bonus":"","is_daily":false,"chose_seed":false,"campfire_upgraded":6,"win_rate":0.0,"timestamp":1609455204,"path_taken":["M","M","M","?","?","E","$","?","T","M","E","R","?","M","R","BOSS","M","$","?","?","?","?","?","?","T","?","E","M","?","E","R","BOSS","M","?","?","M","?","R","?","R","T","R","$","M","E","?","R","BOSS","R","$","E","BOSS"],"items_purchased_type":["Relic","Relic","Relic","Card","Relic","Relic","Relic","Relic","Card","Card"],"build_version":"2020-12-22","purchased_purges":1,"victory":true,"max_hp_per_floor":[81,81,81,86,86,96,96,96,96,96,96,96,96,96,96,96,96,96,96,96,96,96,96,96,96,96,96,96,96,96,96,96,96,96,96,96,96,96,96,96,96,96,96,96,96,96,96,96,96,96,96,96,96,96,96],"card_choices":[{"not_picked":["Consume","Doom and Gloom"],"picked":"Chill","floor":1},{"not_picked":["Streamline","Ball Lightning"],"picked":"Go for the Eyes","floor":2},{"not_picked":["Go for the Eyes","Double Energy"],"picked":"Glacier","floor":3},{"not_picked":["Force Field","Blizzard"],"picked":"Leap","floor":6},{"not_picked":["Sweeping Beam","Doom and Gloom"],"picked":"Stack+1","floor":10},{"not_picked":["Rip and Tear","Leap+1"],"picked":"Double Energy+1","floor":11},{"not_picked":["Chill+1","Leap+1"],"picked":"Defragment","floor":14},{"not_picked":["Rainbow+1","Seek+1"],"picked":"All For One","floor":16},{"not_picked":["Blizzard","Leap+1"],"picked":"Double Energy+1","floor":18},{"not_picked":["Streamline","Hologram+1"],"picked":"Steam+1","floor":25},{"not_picked":["Lockon","Auto Shields+1"],"picked":"Cold Snap+1","floor":28},{"not_picked":["Conserve Battery+1","Stack+1"],"picked":"Creative AI","floor":29},{"not_picked":["Cold Snap+1","Fission+1"],"picked":"Aggregate+1","floor":31},{"not_picked":["Machine Learning","Multi-Cast+1"],"picked":"Biased Cognition","floor":33},{"not_picked":["Barrage","Static Discharge"],"picked":"Steam+1","floor":35},{"not_picked":["Magnetism","Swift Strike"],"picked":"Dramatic Entrance","floor":36},{"not_picked":["Panacea+1","Purity+1"],"picked":"Finesse+1","floor":36},{"not_picked":["Bandage Up+1","Jack Of All Trades+1"],"picked":"Dramatic Entrance","floor":36},{"not_picked":["Compile Driver","Steam+1"],"picked":"Go for the Eyes+1","floor":38},{"not_picked":["Coolheaded+1","Aggregate+1"],"picked":"Steam+1","floor":46},{"not_picked":["Conserve Battery+1","Go for the Eyes+1"],"picked":"Capacitor","floor":47},{"not_picked":["Heatsinks","Chaos+1"],"picked":"Double Energy+1","floor":54}],"player_experience":109347,"relics_obtained":[{"floor":6,"key":"Pear"},{"floor":8,"key":"MealTicket"},{"floor":9,"key":"Omamori"},{"floor":9,"key":"Toxic Egg 2"},{"floor":11,"key":"Tiny Chest"},{"floor":22,"key":"Bronze Scales"},{"floor":26,"key":"Oddly Smooth Stone"},{"floor":27,"key":"Juzu Bracelet"},{"floor":28,"key":"Boot"},{"floor":31,"key":"InkBottle"},{"floor":39,"key":"Symbiotic Virus"},{"floor":43,"key":"Molten Egg 2"},{"floor":47,"key":"Ancient Tea Set"},{"floor":54,"key":"Pen Nib"}],"event_choices":[{"damage_healed":0,"gold_gain":0,"player_choice":"Donut","damage_taken":0,"max_hp_gain":5,"max_hp_loss":0,"event_name":"Big Fish","floor":4,"gold_loss":0},{"damage_healed":0,"gold_gain":175,"player_choice":"AGREE","damage_taken":139,"max_hp_gain":0,"max_hp_loss":0,"event_name":"betterThird:BetterSerpent","floor":5,"gold_loss":0},{"damage_healed":0,"gold_gain":75,"player_choice":"Gold","damage_taken":11,"max_hp_gain":0,"max_hp_loss":0,"event_name":"betterThird:BetterGoop","floor":13,"gold_loss":0},{"damage_healed":0,"gold_gain":0,"player_choice":"Ignored","damage_taken":0,"max_hp_gain":0,"max_hp_loss":0,"event_name":"Vampires","floor":20,"gold_loss":0},{"damage_healed":0,"gold_gain":0,"player_choice":"Upgraded","damage_taken":0,"max_hp_gain":0,"max_hp_loss":0,"event_name":"Upgrade Shrine","floor":21,"gold_loss":0,"cards_upgraded":["Defragment"]},{"damage_healed":0,"gold_gain":0,"player_choice":"Inject Mutagens","damage_taken":0,"relics_obtained":["MutagenicStrength"],"max_hp_gain":0,"max_hp_loss":0,"event_name":"Drug Dealer","floor":23,"gold_loss":0},{"damage_healed":0,"gold_gain":0,"player_choice":"Ignored","damage_taken":0,"max_hp_gain":0,"max_hp_loss":0,"event_name":"Ghosts","floor":24,"gold_loss":0},{"damage_healed":0,"gold_gain":0,"player_choice":"Memory 3","damage_taken":10,"max_hp_gain":0,"max_hp_loss":0,"event_name":"SensoryStone","floor":36,"gold_loss":0},{"damage_healed":0,"gold_gain":218,"player_choice":"GO GO ","damage_taken":20,"relics_obtained":[],"max_hp_gain":0,"max_hp_loss":0,"event_name":"betterSkull:BetterSkull","floor":37,"gold_loss":0,"cards_upgraded":[]},{"damage_healed":24,"gold_gain":0,"player_choice":"Writhe","damage_taken":0,"max_hp_gain":0,"max_hp_loss":0,"event_name":"Winding Halls","floor":41,"gold_loss":0,"cards_obtained":["Writhe"]},{"damage_healed":0,"gold_gain":0,"player_choice":"Paid","damage_taken":0,"relics_obtained":["Red Mask"],"max_hp_gain":0,"max_hp_loss":0,"event_name":"Tomb of Lord Red Mask","floor":48,"gold_loss":65}],"is_beta":false,"boss_relics":[{"not_picked":["Sozu","SacredBark"],"picked":"FrozenCore"},{"not_picked":["Busted Crown","Nuclear Battery"],"picked":"Coffee Dripper"}],"items_purged_floors":[19],"is_endless":false,"potions_floor_spawned":[1,2,11,14,29,31,33,47],"ascension_level":1}}