{"host":"3qkmyeoym75lj4wn","time":1609382039,"event":{"mods":["2.2 Compatiblity","Act Like it!","BaseMod","Bestiary","Block Reminder","Colored Powertips","Highlight Path","Minty Spire (QoL Compilation)","Permanent Neow","Rare Cards Sparkle","Relic Stats","StSLib"],"gold_per_floor":[118,136,147,202,10,10,74,74,123,123,123],"floor_reached":10,"playtime":238,"items_purged":[],"score":112,"play_id":"d2d65100-8abc-4cac-ad72-6500a3663fd3","local_time":"20201231023359","is_ascension_mode":true,"campfire_choices":[{"data":"Envenom","floor":6,"key":"SMITH"},{"floor":8,"key":"REST"}],"circlet_count":0,"master_deck":["AscendersBane","Strike_G","Strike_G","Strike_G","Strike_G","Strike_G","Defend_G","Defend_G","Defend_G","Defend_G","Defend_G","Survivor","Neutralize","Malaise","Blade Dance","Poisoned Stab","Backstab","Envenom+1","Crippling Poison","Cloak And Dagger"],"relics":["Ring of the Snake","Boot","Ancient Tea Set"],"acts_visited":["Exordium"],"potions_floor_usage":[7,10,10],"damage_taken":[{"damage":4,"enemies":"Cultist","floor":1,"turns":6},{"damage":2,"enemies":"2 Louse","floor":2,"turns":4},{"damage":1,"enemies":"Small Slimes","floor":3,"turns":3},{"damage":50,"enemies":"Lagavulin Event","floor":7,"turns":7},{"damage":28,"enemies":"Gremlin Nob","floor":10,"turns":3}],"seed_played":"6610295295610123320","potions_obtained":[{"floor":1,"key":"AttackPotion"},{"floor":3,"key":"Fire Potion"},{"floor":7,"key":"DistilledChaos"}],"is_trial":false,"path_per_floor":["M","M","M","?","$","R","?","R","T","E"],"character_chosen":"THE_SILENT","items_purchased":["Envenom","Crippling Poison"],"campfire_rested":1,"item_purchase_floors":[5,5],"current_hp_per_floor":[55,53,52,52,52,52,2,21,21,0,0],"gold":123,"neow_bonus":"ONE_RANDOM_RARE_CARD","is_daily":false,"chose_seed":false,"campfire_upgraded":1,"win_rate":0.0,"timestamp":1609382039,"path_taken":["M","M","M","?","$","R","?","R","T","E"],"items_purchased_type":["Card","Card"],"build_version":"2020-12-22","purchased_purges":0,"victory":false,"max_hp_per_floor":[66,66,66,66,66,66,66,66,66,66,66],"relic_stats":{"counters":[5,23],"Boot":[11],"obtain_stats":[{"Boot":7,"Ancient Tea Set":9,"Ring of the Snake":0},{"Boot":4,"Ancient Tea Set":4,"Ring of the Snake":0},{"Boot":20,"Ancient Tea Set":20,"Ring of the Snake":0}],"Ring of the Snake":[10]},"card_choices":[{"not_picked":["Infinite Blades","Leg Sweep"],"picked":"Blade Dance","floor":1},{"not_picked":["Blur","Prepared"],"picked":"Poisoned Stab","floor":2},{"not_picked":["PiercingWail","Sucker Punch"],"picked":"Backstab","floor":3},{"not_picked":["Deflect","Outmaneuver"],"picked":"Cloak And Dagger","floor":7}],"player_experience":1618740,"relics_obtained":[{"floor":7,"key":"Boot"},{"floor":9,"key":"Ancient Tea Set"}],"event_choices":[{"damage_healed":0,"gold_gain":55,"player_choice":"Gained Gold","damage_taken":0,"max_hp_gain":0,"max_hp_loss":0,"event_name":"Golden Wing","floor":4,"gold_loss":0},{"damage_healed":0,"gold_gain":0,"player_choice":"Searched \u00271\u0027 times","damage_taken":0,"max_hp_gain":0,"max_hp_loss":0,"event_name":"Dead Adventurer","floor":7,"gold_loss":0}],"is_beta":false,"boss_relics":[],"items_purged_floors":[],"is_endless":false,"potions_floor_spawned":[1,3,7],"killed_by":"Gremlin Nob","ascension_level":20}}