{"host":"dhyczjm99amxd3qx","time":1609430706,"event":{"mods":["BaseMod","Colored Map","Googly Eyes","Highlight Path","Minty Spire (QoL Compilation)","Quick Restart","StSLib"],"gold_per_floor":[109,128,303,253,39,70,88,122,122,150,163,163,173,189,189,291,291,306,306,325,325,338,338,372,372,372,402,421,421,13,33,33,33,33],"floor_reached":33,"playtime":2589,"items_purged":["Blood for Blood"],"score":516,"play_id":"8db9f60c-3215-4f66-962b-7d0188d2a73a","local_time":"20201231110506","is_ascension_mode":true,"campfire_choices":[{"data":"Searing Blow","floor":12.0,"key":"SMITH"},{"data":"Searing Blow+1","floor":15.0,"key":"SMITH"},{"data":"Searing Blow+2","floor":23.0,"key":"SMITH"},{"data":"Searing Blow+3","floor":25.0,"key":"SMITH"},{"data":"Metallicize","floor":29,"key":"SMITH"},{"data":"Searing Blow+4","floor":32,"key":"SMITH"}],"circlet_count":0,"master_deck":["Strike_R+1","Strike_R+1","Strike_R+1","Strike_R+1","Defend_R+1","Defend_R+1","Defend_R+1","Bash","Searing Blow+5","Offering","Metallicize+1","Thunderclap","Corruption","Thunderclap","Warcry+1","Immolate","Impervious","Feel No Pain","Iron Wave"],"relics":["Burning Blood","Orichalcum","Nunchaku","Paper Frog","Anchor","Letter Opener","Sozu","Boot","TungstenRod","Bottled Tornado"],"acts_visited":["Exordium","TheCity"],"potions_floor_usage":[],"damage_taken":[{"damage":8.0,"enemies":"Jaw Worm","floor":1.0,"turns":5.0},{"damage":11.0,"enemies":"Small Slimes","floor":2.0,"turns":5.0},{"damage":32.0,"enemies":"3 Sentries","floor":6.0,"turns":10.0},{"damage":2.0,"enemies":"2 Louse","floor":7.0,"turns":3.0},{"damage":39.0,"enemies":"Lagavulin","floor":8.0,"turns":6.0},{"damage":6.0,"enemies":"Gremlin Nob","floor":10.0,"turns":3.0},{"damage":6.0,"enemies":"Exordium Wildlife","floor":11.0,"turns":2.0},{"damage":3.0,"enemies":"Blue Slaver","floor":13.0,"turns":2.0},{"damage":12.0,"enemies":"Large Slime","floor":14.0,"turns":5.0},{"damage":6.0,"enemies":"Slime Boss","floor":16.0,"turns":6.0},{"damage":23.0,"enemies":"Shell Parasite","floor":18.0,"turns":4.0},{"damage":6.0,"enemies":"Chosen","floor":20.0,"turns":3.0},{"damage":15.0,"enemies":"Snake Plant","floor":22.0,"turns":3.0},{"damage":23.0,"enemies":"Book of Stabbing","floor":24.0,"turns":4.0},{"damage":9,"enemies":"Slavers","floor":27,"turns":4},{"damage":5,"enemies":"Snecko","floor":28,"turns":2},{"damage":5,"enemies":"Centurion and Healer","floor":31,"turns":4},{"damage":36,"enemies":"Collector","floor":33,"turns":5}],"seed_played":"2555458776803069934","potions_obtained":[{"floor":1.0,"key":"SpeedPotion"},{"floor":7.0,"key":"Explosive Potion"},{"floor":13.0,"key":"FairyPotion"},{"floor":14.0,"key":"FearPotion"}],"is_trial":false,"path_per_floor":["M","M","?","?","$","E","M","E","T","E","M","R","M","M","R","B",null,"M","?","M","?","M","R","E","R","T","E","M","R","$","M","R","B"],"character_chosen":"IRONCLAD","items_purchased":["Orichalcum","Offering","Immolate","Impervious","Feel No Pain"],"campfire_rested":0,"item_purchase_floors":[5,5,30,30,30],"current_hp_per_floor":[70,65,65,65,65,39,43,10,10,10,10,10,13,7,7,7,56,39,39,39,26,17,17,29,29,29,26,27,27,27,28,28,0,0],"gold":33,"neow_bonus":"REMOVE_TWO","is_daily":false,"chose_seed":false,"campfire_upgraded":6,"win_rate":0.0,"timestamp":1609430706,"path_taken":["M","M","?","?","$","E","M","E","T","E","M","R","?","M","R","BOSS","M","?","M","?","M","R","E","R","T","E","M","R","$","M","R","BOSS"],"items_purchased_type":["Relic","Card","Card","Card","Card"],"build_version":"2020-12-22","purchased_purges":1,"victory":false,"max_hp_per_floor":[72,72,72,72,72,72,72,72,72,72,72,72,72,72,72,72,72,72,72,72,77,77,77,77,77,77,77,77,77,77,77,77,77,77],"card_choices":[{"not_picked":["Fire Breathing","Body Slam","Twin Strike"],"picked":"SKIP","floor":1.0},{"not_picked":["Perfected Strike","Seeing Red"],"picked":"Searing Blow","floor":2.0},{"not_picked":["Pummel","Whirlwind"],"picked":"Metallicize","floor":6.0},{"not_picked":["Armaments","Rampage","Entrench"],"picked":"SKIP","floor":7.0},{"not_picked":["Cleave","Warcry"],"picked":"Thunderclap","floor":8.0},{"not_picked":["Shrug It Off","Cleave","Perfected Strike"],"picked":"SKIP","floor":10.0},{"not_picked":["Shrug It Off","Havoc","Fire Breathing"],"picked":"SKIP","floor":11.0},{"not_picked":["Bludgeon","Power Through"],"picked":"Blood for Blood","floor":13.0},{"not_picked":["Anger","Twin Strike","Shrug It Off"],"picked":"SKIP","floor":14.0},{"not_picked":["Juggernaut","Double Tap"],"picked":"Corruption","floor":16.0},{"not_picked":["Perfected Strike+1","Wild Strike","Pummel"],"picked":"SKIP","floor":18.0},{"not_picked":["Pommel Strike","Flex","Combust"],"picked":"SKIP","floor":20.0},{"not_picked":["Flex+1","Twin Strike"],"picked":"Thunderclap","floor":22.0},{"not_picked":["Anger","Wild Strike"],"picked":"Warcry+1","floor":24.0},{"not_picked":["Hemokinesis","Dark Embrace","Havoc+1"],"picked":"SKIP","floor":27},{"not_picked":["Flame Barrier","Pommel Strike","Clash"],"picked":"SKIP","floor":28},{"not_picked":["Heavy Blade+1","Cleave+1"],"picked":"Iron Wave","floor":31}],"player_experience":245861,"relics_obtained":[{"floor":6.0,"key":"Nunchaku"},{"floor":8.0,"key":"Paper Frog"},{"floor":9.0,"key":"Anchor"},{"floor":10.0,"key":"Letter Opener"},{"floor":24.0,"key":"Boot"},{"floor":26.0,"key":"TungstenRod"},{"floor":27,"key":"Bottled Tornado"}],"event_choices":[{"damage_healed":0.0,"max_hp_gain":0.0,"max_hp_loss":0.0,"gold_gain":175.0,"event_name":"Liars Game","player_choice":"AGREE","floor":3.0,"gold_loss":0.0,"damage_taken":0.0,"cards_obtained":["Doubt"]},{"cards_removed":["Doubt"],"damage_healed":0.0,"max_hp_gain":0.0,"max_hp_loss":0.0,"gold_gain":0.0,"event_name":"The Cleric","player_choice":"Card Removal","floor":4.0,"gold_loss":50.0,"damage_taken":0.0},{"damage_healed":0.0,"max_hp_gain":0.0,"max_hp_loss":0.0,"gold_gain":0.0,"event_name":"Back to Basics","player_choice":"Simplicity","floor":19.0,"gold_loss":0.0,"damage_taken":0.0,"cards_upgraded":["Strike_R","Strike_R","Strike_R","Strike_R","Defend_R","Defend_R","Defend_R"]},{"damage_healed":0.0,"max_hp_gain":5.0,"max_hp_loss":0.0,"gold_gain":0.0,"event_name":"Forgotten Altar","player_choice":"Shed Blood","floor":21.0,"gold_loss":0.0,"damage_taken":18.0}],"is_beta":false,"boss_relics":[{"not_picked":["Cursed Key","Black Blood"],"picked":"Sozu"}],"items_purged_floors":[30],"is_endless":false,"potions_floor_spawned":[1,7,13,14,18,20,28],"killed_by":"Collector","ascension_level":7}}