{"host":"rag04wbrzwiojxfu","time":1609447328,"event":{"mods":["AchievementEnabler","Alarm Clock","BaseMod","Bestiary","Block Reminder","Colored Map","Colored Powertips","Highlight Path","Minty Spire (QoL Compilation)","Quick Restart","Relic Sorter","Relic Stats","Shop Mod","StSLib"],"gold_per_floor":[119,135,147,72,87,87,87,87,87,122,122,122,122,72,72,167,167,229,144,69,69,69,69,69,69,69,69,0,33,33,78,78,78,78],"floor_reached":33,"playtime":2541,"items_purged":["Clothesline","Iron Wave"],"score":257,"play_id":"db21d379-514f-4451-aa0d-fd5c20464d43","local_time":"20201231144208","daily_mods":["Draft","Colorless Cards","Heirloom","Flight"],"is_ascension_mode":false,"campfire_choices":[{"data":"Blood for Blood","floor":6,"key":"PURGE"},{"data":"Pommel Strike","floor":7,"key":"PURGE"},{"data":"Iron Wave","floor":8,"key":"PURGE"},{"data":"Shrug It Off","floor":11,"key":"PURGE"},{"data":"Cleave","floor":12,"key":"PURGE"},{"data":"Dual Wield","floor":15,"key":"SMITH"},{"data":"Shame","floor":23,"key":"PURGE"},{"data":"Magnetism+1","floor":24,"key":"PURGE"},{"data":"Barricade","floor":25,"key":"SMITH"},{"data":"Whirlwind","floor":27,"key":"SMITH"},{"data":"Writhe","floor":32,"key":"PURGE"}],"circlet_count":0,"master_deck":["Whirlwind+1","Body Slam","Dramatic Entrance","Metallicize","Panacea","Bandage Up","Rampage","Dual Wield+1","Fire Breathing","Flame Barrier","Barricade+1","HandOfGreed+1","Flash of Steel","Feel No Pain","Burning Pact+1","Fire Breathing+1","Entrench+1"],"relics":["Burning Blood","Peace Pipe","Smiling Mask","Mummified Hand","WarpedTongs","Astrolabe","PreservedInsect","StrikeDummy","Prayer Wheel","Frozen Egg 2"],"acts_visited":["Exordium","TheCity"],"potions_floor_usage":[10,16],"damage_taken":[{"damage":0,"enemies":"Cultist","floor":1,"turns":3},{"damage":3,"enemies":"Jaw Worm","floor":2,"turns":3},{"damage":0,"enemies":"Small Slimes","floor":3,"turns":2},{"damage":0,"enemies":"2 Fungi Beasts","floor":5,"turns":2},{"damage":16,"enemies":"3 Sentries","floor":10,"turns":4},{"damage":43,"enemies":"Slime Boss","floor":16,"turns":6},{"damage":6,"enemies":"3 Byrds","floor":18,"turns":5},{"damage":30,"enemies":"Book of Stabbing","floor":29,"turns":4},{"damage":13,"enemies":"Shell Parasite","floor":31,"turns":5},{"damage":69,"enemies":"Collector","floor":33,"turns":7}],"seed_played":"3357930700870857527","potions_obtained":[{"floor":3,"key":"Swift Potion"},{"floor":5,"key":"Dexterity Potion"},{"floor":18,"key":"BlessingOfTheForge"}],"is_trial":true,"path_per_floor":["M","M","M","$","M","R","R","R","T","E","R","R","?","$","R","B",null,"M","?","$","?","$","R","R","R","T","R","?","E","?","M","R","B"],"character_chosen":"IRONCLAD","items_purchased":["Feel No Pain"],"campfire_rested":0,"item_purchase_floors":[20],"current_hp_per_floor":[80,80,80,80,80,80,80,80,80,70,70,70,70,70,70,37,80,80,80,80,80,80,80,80,80,80,80,80,60,60,57,57,0,0],"gold":78,"neow_bonus":"","is_daily":false,"chose_seed":false,"campfire_upgraded":3,"win_rate":0.0,"timestamp":1609447328,"path_taken":["M","M","?","$","M","R","R","R","T","E","R","R","?","$","R","BOSS","M","?","$","?","$","R","R","R","T","R","?","E","?","?","R","BOSS"],"items_purchased_type":["Card"],"build_version":"2020-12-22","purchased_purges":2,"victory":false,"max_hp_per_floor":[80,80,80,80,80,80,80,80,80,80,80,80,80,80,80,80,80,80,80,80,80,80,80,80,80,80,80,80,80,80,80,80,80,80],"relic_stats":{"Peace Pipe":8,"counters":[10,41],"Mummified Hand":[22],"Astrolabe":["Shame","Magnetism","HandOfGreed"],"Prayer Wheel":1,"PreservedInsect":41,"Smiling Mask":50,"obtain_stats":[{"Peace Pipe":0,"Mummified Hand":10,"Astrolabe":17,"Prayer Wheel":29,"PreservedInsect":19,"Frozen Egg 2":30,"Smiling Mask":9,"StrikeDummy":26,"Burning Blood":0,"WarpedTongs":13},{"Peace Pipe":0,"Mummified Hand":5,"Astrolabe":6,"Prayer Wheel":8,"PreservedInsect":7,"Frozen Egg 2":8,"Smiling Mask":4,"StrikeDummy":7,"Burning Blood":0,"WarpedTongs":5},{"Peace Pipe":0,"Mummified Hand":14,"Astrolabe":20,"Prayer Wheel":29,"PreservedInsect":25,"Frozen Egg 2":29,"Smiling Mask":10,"StrikeDummy":25,"Burning Blood":0,"WarpedTongs":14}],"Burning Blood":26,"WarpedTongs":[24]},"card_choices":[{"not_picked":["Headbutt","Perfected Strike"],"picked":"Whirlwind","floor":0},{"not_picked":["Iron Wave","Sword Boomerang"],"picked":"Body Slam","floor":0},{"not_picked":["Iron Wave","Clothesline"],"picked":"Shrug It Off","floor":0},{"not_picked":["Cleave","Body Slam"],"picked":"Dramatic Entrance","floor":0},{"not_picked":["Wild Strike","Flex"],"picked":"Iron Wave","floor":0},{"not_picked":["Pummel","Body Slam"],"picked":"Metallicize","floor":0},{"not_picked":["Wild Strike","Anger"],"picked":"Pommel Strike","floor":0},{"not_picked":["Mind Blast","Wild Strike"],"picked":"Clothesline","floor":0},{"not_picked":["Thunderclap","Iron Wave"],"picked":"Panacea","floor":0},{"not_picked":["Sword Boomerang","Clothesline"],"picked":"Panacea","floor":0},{"not_picked":["Deep Breath","Wild Strike"],"picked":"Bandage Up","floor":0},{"not_picked":["Clothesline","Sword Boomerang"],"picked":"Iron Wave","floor":0},{"not_picked":["Cleave","Flex"],"picked":"Rampage","floor":0},{"not_picked":["True Grit","Pommel Strike"],"picked":"Blood for Blood","floor":0},{"not_picked":["Twin Strike","Clash"],"picked":"Cleave","floor":0},{"not_picked":["Armaments","Impatience"],"picked":"Dark Shackles","floor":1},{"not_picked":["Warcry","Pommel Strike"],"picked":"Dual Wield","floor":2},{"not_picked":["Warcry","Iron Wave"],"picked":"Fire Breathing","floor":3},{"not_picked":["Clash","Sever Soul"],"picked":"Flame Barrier","floor":5},{"not_picked":["Havoc","Clothesline","Shockwave"],"picked":"SKIP","floor":10},{"not_picked":["Fiend Fire","Reaper"],"picked":"Barricade","floor":16},{"not_picked":["Wild Strike+1","Hemokinesis"],"picked":"Flash of Steel","floor":18},{"not_picked":["Body Slam+1","Shockwave+1"],"picked":"Burning Pact+1","floor":29},{"not_picked":["Armaments","Forethought+1"],"picked":"Fire Breathing+1","floor":31},{"not_picked":["Anger","Twin Strike+1"],"picked":"Entrench+1","floor":31}],"player_experience":260159,"relics_obtained":[{"floor":9,"key":"Smiling Mask"},{"floor":10,"key":"Mummified Hand"},{"floor":26,"key":"StrikeDummy"},{"floor":29,"key":"Prayer Wheel"}],"event_choices":[{"damage_healed":0,"gold_gain":0,"player_choice":"Rummage","damage_taken":0,"relics_obtained":["WarpedTongs"],"max_hp_gain":0,"max_hp_loss":0,"event_name":"Accursed Blacksmith","floor":13,"gold_loss":0,"cards_obtained":["Pain"]},{"damage_healed":0,"gold_gain":0,"player_choice":"Obtained Relic","damage_taken":0,"relics_obtained":["PreservedInsect"],"max_hp_gain":0,"max_hp_loss":0,"event_name":"Addict","floor":19,"gold_loss":85},{"damage_healed":0,"gold_gain":0,"player_choice":"Ignored","damage_taken":0,"max_hp_gain":0,"max_hp_loss":0,"event_name":"Ghosts","floor":21,"gold_loss":0},{"damage_healed":0,"gold_gain":0,"player_choice":"Paid Fearfully","damage_taken":0,"max_hp_gain":0,"max_hp_loss":0,"event_name":"Masked Bandits","floor":28,"gold_loss":69},{"damage_healed":0,"gold_gain":0,"player_choice":"Opened","damage_taken":0,"relics_obtained":["Frozen Egg 2"],"max_hp_gain":0,"max_hp_loss":0,"event_name":"The Mausoleum","floor":30,"gold_loss":0,"cards_obtained":["Writhe"]}],"is_beta":false,"boss_relics":[{"not_picked":["Runic Dome","Fusion Hammer"],"picked":"Astrolabe"}],"items_purged_floors":[4,14],"is_endless":true,"potions_floor_spawned":[3,5,18],"killed_by":"Collector","ascension_level":0}}