{"host":"yss3m9ygfcyke5zi","time":1609390199,"event":{"mods":["2.2 Compatiblity","BaseMod","Highlight Path","Minty Spire (QoL Compilation)","Permanent Neow"],"gold_per_floor":[109,34,48,48,48,48,76,76,121,137,137,37,49,63,63,167,167,178,196,216,230,248,281,296,316,339,339,374,299,313,32,32,134,134,144,144,64,79,93,128,128,128,128,128,161,175,25,35,35,35,35],"floor_reached":50,"playtime":4157,"items_purged":["Strike_G","Regret","Strike_G+1","Deadly Poison"],"score":671,"play_id":"0cf76702-d3e0-4027-bb26-902c83c28fef","local_time":"20201231134959","is_ascension_mode":false,"campfire_choices":[{"data":"Bouncing Flask","floor":6,"key":"SMITH"},{"floor":8,"key":"REST"},{"data":"Dodge and Roll","floor":15,"key":"SMITH"},{"data":"Footwork","floor":27,"key":"SMITH"},{"data":"Noxious Fumes","floor":32,"key":"SMITH"},{"floor":41,"key":"REST"},{"data":"After Image","floor":44,"key":"SMITH"},{"floor":49,"key":"REST"}],"circlet_count":0,"master_deck":["Defend_G","Defend_G","Defend_G","Defend_G","Survivor","Bouncing Flask+1","PiercingWail+1","Dodge and Roll+1","Backflip","After Image+1","Footwork+1","Backstab","Expertise","Acrobatics","Cloak And Dagger+1","Noxious Fumes+1","Venomology","Infinite Blades","Outmaneuver+1","Setup+1"],"relics":["Philosopher\u0027s Stone","Incense Burner","FaceOfCleric","Toy Ornithopter","Whetstone","Empty Cage","Kunai","Pen Nib","Nunchaku","Lee\u0027s Waffle","Black Star","PreservedInsect","Bottled Lightning","Pantograph","Happy Flower","FossilizedHelix"],"acts_visited":["Exordium","TheCity","TheBeyond"],"potions_floor_usage":[16,21,22,23,25,33,38,38,39,39,40,45,46,48,50],"damage_taken":[{"damage":0,"enemies":"Jaw Worm","floor":1,"turns":4},{"damage":0,"enemies":"2 Louse","floor":3,"turns":2},{"damage":16,"enemies":"Lagavulin","floor":7,"turns":7},{"damage":0,"enemies":"Cultist","floor":10,"turns":3},{"damage":0,"enemies":"Blue Slaver","floor":13,"turns":3},{"damage":2,"enemies":"Exordium Thugs","floor":14,"turns":5},{"damage":42,"enemies":"Slime Boss","floor":16,"turns":14},{"damage":0,"enemies":"Chosen","floor":18,"turns":5},{"damage":0,"enemies":"Shell Parasite","floor":19,"turns":8},{"damage":0,"enemies":"Centurion and Healer","floor":20,"turns":10},{"damage":10,"enemies":"Chosen and Byrds","floor":21,"turns":8},{"damage":8,"enemies":"Shelled Parasite and Fungi","floor":22,"turns":7},{"damage":21,"enemies":"Gremlin Leader","floor":23,"turns":10},{"damage":11,"enemies":"Sentry and Sphere","floor":24,"turns":5},{"damage":5,"enemies":"Cultist and Chosen","floor":25,"turns":8},{"damage":0,"enemies":"Book of Stabbing","floor":28,"turns":7},{"damage":6,"enemies":"Centurion and Healer","floor":30,"turns":8},{"damage":0,"enemies":"Automaton","floor":33,"turns":14},{"damage":5,"enemies":"3 Shapes","floor":35,"turns":6},{"damage":11,"enemies":"Orb Walker","floor":38,"turns":4},{"damage":23,"enemies":"3 Darklings","floor":39,"turns":5},{"damage":47,"enemies":"Reptomancer","floor":40,"turns":8},{"damage":20,"enemies":"Giant Head","floor":45,"turns":9},{"damage":36,"enemies":"Sphere and 2 Shapes","floor":46,"turns":9},{"damage":78,"enemies":"4 Shapes","floor":48,"turns":7},{"damage":129,"enemies":"Time Eater","floor":50,"turns":15}],"seed_played":"-3066297677666751804","potions_obtained":[{"floor":3,"key":"FairyPotion"},{"floor":10,"key":"AttackPotion"},{"floor":16,"key":"Poison Potion"},{"floor":20,"key":"CunningPotion"},{"floor":22,"key":"SkillPotion"},{"floor":23,"key":"Block Potion"},{"floor":25,"key":"Dexterity Potion"},{"floor":30,"key":"SpeedPotion"},{"floor":38,"key":"Weak Potion"},{"floor":48,"key":"SpeedPotion"}],"is_trial":false,"path_per_floor":["M","$","M","?","?","R","E","R","T","M","?","$","M","M","R","B",null,"M","M","M","M","M","E","M","M","T","R","E","?","M","$","R","B",null,"M","?","$","M","M","E","R","?","T","R","E","M","$","M","R","B"],"character_chosen":"THE_SILENT","items_purchased":["Lee\u0027s Waffle","Infinite Blades"],"campfire_rested":3,"item_purchase_floors":[31,37],"current_hp_per_floor":[70,70,70,70,70,70,55,71,71,72,72,72,73,72,72,33,75,76,77,78,74,72,57,47,48,48,48,49,49,44,92,92,93,93,89,89,89,84,72,31,60,60,60,60,46,16,16,36,66,0,0],"gold":35,"neow_bonus":"BOSS_RELIC","is_daily":false,"chose_seed":false,"campfire_upgraded":5,"win_rate":0.0,"timestamp":1609390199,"path_taken":["M","$","M","?","?","R","E","R","T","?","?","?","M","M","R","BOSS","M","M","M","?","M","E","M","M","T","R","E","?","M","$","R","BOSS","M","?","$","M","M","E","R","?","T","R","E","?","$","M","R","BOSS"],"items_purchased_type":["Relic","Card"],"build_version":"2020-12-22","purchased_purges":4,"victory":false,"max_hp_per_floor":[70,70,70,70,70,70,71,71,71,72,72,72,73,74,74,75,75,76,77,78,79,80,81,82,83,83,83,84,84,85,92,92,93,93,94,94,94,95,96,97,97,97,97,97,98,99,99,100,100,100,100],"card_choices":[{"not_picked":["Underhanded Strike","Masterful Stab"],"picked":"Bouncing Flask","floor":1},{"not_picked":["Flying Knee","Leg Sweep"],"picked":"Deadly Poison","floor":3},{"not_picked":["Finisher","Dagger Spray"],"picked":"PiercingWail","floor":7},{"not_picked":["Masterful Stab","Choke","Dagger Spray"],"picked":"SKIP","floor":10},{"not_picked":["Finisher","Predator"],"picked":"Dodge and Roll","floor":13},{"not_picked":["Well Laid Plans","Outmaneuver"],"picked":"Backflip","floor":14},{"not_picked":["Grand Finale","Malaise"],"picked":"After Image","floor":16},{"not_picked":["Underhanded Strike","Blade Dance","Flechettes"],"picked":"SKIP","floor":18},{"not_picked":["Riddle With Holes","Cloak And Dagger","Poisoned Stab"],"picked":"SKIP","floor":19},{"not_picked":["Bane","Dagger Throw"],"picked":"Footwork","floor":20},{"not_picked":["Doppelganger","Riddle With Holes"],"picked":"Backstab","floor":21},{"not_picked":["Flying Knee","Bane","Dodge and Roll+1"],"picked":"SKIP","floor":22},{"not_picked":["Heel Hook+1","Outmaneuver"],"picked":"Expertise","floor":23},{"not_picked":["Dagger Spray+1","Reflex+1"],"picked":"Acrobatics","floor":24},{"not_picked":["Poisoned Stab","Distraction"],"picked":"Cloak And Dagger+1","floor":25},{"not_picked":["Tools of the Trade","Cloak And Dagger","Distraction"],"picked":"SKIP","floor":28},{"not_picked":["All Out Attack","Quick Slash"],"picked":"Noxious Fumes","floor":30},{"not_picked":["A Thousand Cuts","Bullet Time"],"picked":"Venomology","floor":33},{"not_picked":["Backflip+1","Deadly Poison","Dagger Throw"],"picked":"SKIP","floor":35},{"not_picked":["Dagger Throw+1","Poisoned Stab","Dodge and Roll+1"],"picked":"SKIP","floor":38},{"not_picked":["Poisoned Stab","Bane+1","Corpse Explosion"],"picked":"SKIP","floor":39},{"not_picked":["Infinite Blades","Predator+1"],"picked":"Outmaneuver+1","floor":40},{"not_picked":["Underhanded Strike","Cloak And Dagger+1","Deflect"],"picked":"SKIP","floor":45},{"not_picked":["Poisoned Stab","Leg Sweep","Cloak And Dagger+1"],"picked":"SKIP","floor":46},{"not_picked":["Flying Knee+1","Deadly Poison+1"],"picked":"Setup+1","floor":48}],"player_experience":152141,"relics_obtained":[{"floor":7,"key":"Toy Ornithopter"},{"floor":9,"key":"Whetstone"},{"floor":23,"key":"Kunai"},{"floor":26,"key":"Pen Nib"},{"floor":28,"key":"Nunchaku"},{"floor":40,"key":"PreservedInsect"},{"floor":40,"key":"Bottled Lightning"},{"floor":43,"key":"Pantograph"},{"floor":45,"key":"Happy Flower"},{"floor":45,"key":"FossilizedHelix"}],"event_choices":[{"damage_healed":0,"gold_gain":0,"player_choice":"Box","damage_taken":0,"relics_obtained":["Incense Burner"],"max_hp_gain":0,"max_hp_loss":0,"event_name":"Big Fish","floor":4,"gold_loss":0,"cards_obtained":["Regret"]},{"damage_healed":0,"gold_gain":0,"player_choice":"Trade","damage_taken":0,"relics_obtained":["FaceOfCleric"],"max_hp_gain":0,"max_hp_loss":0,"event_name":"FaceTrader","floor":5,"gold_loss":0},{"damage_healed":0,"gold_gain":0,"player_choice":"Upgraded","damage_taken":0,"max_hp_gain":0,"max_hp_loss":0,"event_name":"Upgrade Shrine","floor":11,"gold_loss":0,"cards_upgraded":["PiercingWail"]},{"cards_removed":["Strike_G"],"damage_healed":0,"gold_gain":0,"player_choice":"Gave Gold","damage_taken":0,"max_hp_gain":0,"max_hp_loss":0,"event_name":"Beggar","floor":29,"gold_loss":75},{"cards_removed":["Defend_G"],"damage_healed":0,"gold_gain":0,"player_choice":"Removed Skill","damage_taken":0,"max_hp_gain":0,"max_hp_loss":0,"event_name":"Falling","floor":36,"gold_loss":0},{"cards_removed":["Neutralize"],"damage_healed":0,"gold_gain":0,"player_choice":"Card Removal","damage_taken":0,"max_hp_gain":0,"max_hp_loss":0,"event_name":"Wheel of Change","floor":42,"gold_loss":0}],"is_beta":false,"boss_relics":[{"not_picked":["Fusion Hammer","Runic Pyramid"],"picked":"Empty Cage"},{"not_picked":["Coffee Dripper","Cursed Key"],"picked":"Black Star"}],"items_purged_floors":[2,12,31,47],"is_endless":false,"potions_floor_spawned":[3,10,16,20,22,23,25,30,38,48],"killed_by":"Time Eater","ascension_level":0}}