{"host":"1lhpgrjjhxx10cx0","time":1609389971,"event":{"mods":["Arknights The Spire","BaseMod","CapriCore","Friendly Minions","Highlight Path","KinomotoSakuraMod(木之本樱)","Marisa（F雨　魔理沙）","Minty Spire (QoL Compilation)","Permanent Neow","Quick Restart","StSLib","The Immortal","Waifu the Spire","Yakumo Yukari mod","篝火指南"],"gold_per_floor":[115,133,208,208,225,260,260,260,283,300,300,225,21,35,35,35,35],"floor_reached":16,"playtime":396,"items_purged":["Strike_P","Strike_MRS"],"score":100,"play_id":"fda71f05-e14e-40d5-9d1c-9d4e2cb557ba","local_time":"20201231124611","is_ascension_mode":false,"campfire_choices":[{"data":"EnergyRecoil","floor":11.0,"key":"SMITH"},{"data":"EnergyFlow","floor":15,"key":"SMITH"}],"circlet_count":0,"master_deck":["Strike_MRS","Strike_MRS","Strike_MRS","Defend_MRS","Defend_MRS","Defend_MRS","Defend_MRS","MasterSpark","UpSweep","EnergyFlow","EnergyRecoil+1","EnergyFlow+1"],"relics":["MiniHakkero","StoneCalendar","ats:Originium","Boot","Strawberry","Membership Card"],"acts_visited":["Exordium"],"potions_floor_usage":[16,16],"damage_taken":[{"damage":9.0,"enemies":"2 Louse","floor":1.0,"turns":3.0},{"damage":0.0,"enemies":"Cultist","floor":2.0,"turns":4.0},{"damage":8.0,"enemies":"Jaw Worm","floor":5.0,"turns":5.0},{"damage":21.0,"enemies":"Gremlin Nob","floor":6.0,"turns":4.0},{"damage":18.0,"enemies":"Large Slime","floor":10.0,"turns":6.0},{"damage":16,"enemies":"Exordium Thugs","floor":14,"turns":4},{"damage":22,"enemies":"Slime Boss","floor":16,"turns":7}],"seed_played":"-1354426497231023372","potions_obtained":[{"floor":1.0,"key":"SkillPotion"},{"floor":5.0,"key":"EssenceOfSteel"},{"floor":6.0,"key":"PowerPotion"},{"floor":14,"key":"Strength Potion"}],"is_trial":false,"path_per_floor":["M","M","?","?","M","E","?","?","T","M","R","$","$","M","R","B"],"character_chosen":"MARISA","items_purchased":["Membership Card"],"campfire_rested":0,"item_purchase_floors":[13],"current_hp_per_floor":[66,66,55,55,47,26,51,51,58,40,40,40,40,24,24,2,2],"gold":35,"neow_bonus":"ONE_RARE_RELIC","is_daily":false,"chose_seed":false,"campfire_upgraded":2,"win_rate":0.0,"timestamp":1609389971,"path_taken":["M","M","?","?","M","E","?","?","T","?","R","?","$","M","R","BOSS"],"items_purchased_type":["Relic"],"build_version":"2020-12-22","purchased_purges":2,"victory":false,"max_hp_per_floor":[75,75,75,75,75,75,75,75,82,82,82,82,82,82,82,82,82],"card_choices":[{"not_picked":["MachineGunSpark","SuperPerseids"],"picked":"EnergyFlow","floor":1.0},{"not_picked":["Acceleration","PulseMagic"],"picked":"EnergyRecoil","floor":2.0},{"not_picked":["SporeBomb","MilkyWay"],"picked":"EnergyFlow","floor":5.0},{"not_picked":["LuminesStrike","NonDirectionalLaser","MilkyWay"],"picked":"SKIP","floor":6.0},{"not_picked":["IllusionStar","DoubleSpark","MilkyWay"],"picked":"SKIP","floor":10.0},{"not_picked":["IllusionStar","UnstableBomb","ChargeUpSpray"],"picked":"SKIP","floor":14},{"not_picked":["IllusionStar","UnstableBomb","ChargeUpSpray"],"picked":"SKIP","floor":14}],"player_experience":117674,"relics_obtained":[{"floor":6.0,"key":"ats:Originium"},{"floor":6.0,"key":"Boot"},{"floor":9.0,"key":"Strawberry"}],"event_choices":[{"damage_healed":0.0,"max_hp_gain":0.0,"max_hp_loss":0.0,"gold_gain":75.0,"event_name":"World of Goop","player_choice":"Gather Gold","floor":3.0,"gold_loss":0.0,"damage_taken":11.0},{"damage_healed":0.0,"max_hp_gain":0.0,"max_hp_loss":0.0,"gold_gain":0.0,"event_name":"Shining Light","player_choice":"Ignored","floor":4.0,"gold_loss":0.0,"damage_taken":0.0},{"damage_healed":25.0,"max_hp_gain":0.0,"max_hp_loss":0.0,"gold_gain":0.0,"event_name":"Big Fish","player_choice":"Banana","floor":7.0,"gold_loss":0.0,"damage_taken":0.0},{"cards_removed":["Decay"],"damage_healed":0.0,"max_hp_gain":0.0,"max_hp_loss":0.0,"gold_gain":0.0,"event_name":"NoteForYourself","player_choice":"Took Card","floor":8.0,"gold_loss":0.0,"damage_taken":0.0,"cards_obtained":["Strike_P"]}],"is_beta":false,"boss_relics":[],"items_purged_floors":[12,13],"is_endless":false,"potions_floor_spawned":[1,5,6,14],"killed_by":"Slime Boss","ascension_level":0}}