{"host":"6gnv7me3tk2udb7q","time":1609436427,"event":{"mods":["BaseMod","Bestiary","Colored Map","Minty Spire (QoL Compilation)"],"gold_per_floor":[362,537,537,22,55,55,55,99,99,139,139,139,185,235,235,361,361,376,37,63,109,127,127,192,210,210,210,210],"floor_reached":27,"playtime":1782,"items_purged":["Defend_B","Injury"],"score":315,"play_id":"d9922383-26b2-42b7-8a14-1a4a6f5b1901","local_time":"20201231124027","is_ascension_mode":true,"campfire_choices":[{"data":"HandOfGreed","floor":6.0,"key":"SMITH"},{"data":"Capacitor","floor":11.0,"key":"SMITH"},{"floor":15.0,"key":"REST"},{"floor":23,"key":"REST"}],"circlet_count":0,"master_deck":["Strike_B","Strike_B+1","Strike_B","Strike_B+1","Defend_B","Defend_B","Defend_B","Zap","Dualcast","Hello World","HandOfGreed+1","Steam","Coolheaded","Coolheaded+1","Melter","Capacitor+1","Rebound","Force Field","Biased Cognition","Barrage","Capacitor","Panacea","Auto Shields+1","Consume","Undo"],"relics":["FrozenCore","Lee\u0027s Waffle","Golden Idol","Tiny Chest","Pantograph","Whetstone","Nunchaku","HornCleat"],"acts_visited":["Exordium","TheCity"],"potions_floor_usage":[22,27],"damage_taken":[{"damage":0.0,"enemies":"Cultist","floor":1.0,"turns":3.0},{"damage":0.0,"enemies":"2 Louse","floor":5.0,"turns":1.0},{"damage":19.0,"enemies":"Lagavulin","floor":8.0,"turns":8.0},{"damage":10.0,"enemies":"Jaw Worm","floor":10.0,"turns":3.0},{"damage":15.0,"enemies":"3 Louse","floor":13.0,"turns":4.0},{"damage":13.0,"enemies":"Lots of Slimes","floor":14.0,"turns":4.0},{"damage":31.0,"enemies":"Hexaghost","floor":16.0,"turns":11.0},{"damage":17.0,"enemies":"Chosen","floor":18.0,"turns":9.0},{"damage":19,"enemies":"Shell Parasite","floor":21,"turns":8},{"damage":14,"enemies":"3 Cultists","floor":22,"turns":7},{"damage":14,"enemies":"Book of Stabbing","floor":24,"turns":9},{"damage":25,"enemies":"Snake Plant","floor":25,"turns":7},{"damage":20,"enemies":"Slavers","floor":27,"turns":1}],"seed_played":"2076809435617907847","potions_obtained":[{"floor":1.0,"key":"Weak Potion"},{"floor":8.0,"key":"DuplicationPotion"},{"floor":10.0,"key":"BlessingOfTheForge"},{"floor":13.0,"key":"Explosive Potion"},{"floor":16.0,"key":"Fire Potion"},{"floor":25,"key":"Dexterity Potion"}],"is_trial":false,"path_per_floor":["M","?","?","$","M","R","?","E","T","M","R","?","M","M","R","B",null,"M","$","T","M","M","R","E","M","T","E"],"character_chosen":"DEFECT","items_purchased":["HandOfGreed","Lee\u0027s Waffle","Steam","Coolheaded","Capacitor","Panacea","PotionOfCapacity"],"campfire_rested":2,"item_purchase_floors":[4,4,4,4,19,19,19],"current_hp_per_floor":[50,50,43,82,82,82,82,63,63,53,53,53,38,25,49,43,72,55,55,55,36,22,46,32,7,7,0,0],"gold":210,"neow_bonus":"TWO_FIFTY_GOLD","is_daily":false,"chose_seed":false,"campfire_upgraded":2,"win_rate":0.0,"timestamp":1609436427,"path_taken":["M","?","?","$","M","R","?","E","T","?","R","?","M","M","R","BOSS","M","$","?","M","M","R","E","M","T","E"],"items_purchased_type":["Card","Relic","Card","Card","Card","Card","Potion"],"build_version":"2020-12-22","purchased_purges":2,"victory":false,"max_hp_per_floor":[75,75,75,82,82,82,82,82,82,82,82,82,82,82,82,82,82,82,82,82,82,82,82,82,82,82,82,82],"card_choices":[{"not_picked":["Sweeping Beam","Leap"],"picked":"Hello World","floor":1.0},{"not_picked":["Consume","Static Discharge"],"picked":"Coolheaded","floor":5.0},{"not_picked":["Redo","Static Discharge"],"picked":"Melter","floor":8.0},{"not_picked":["Recycle","Self Repair"],"picked":"Capacitor","floor":10.0},{"not_picked":["Fusion","Sweeping Beam"],"picked":"Rebound","floor":13.0},{"not_picked":["Rebound","Stack"],"picked":"Force Field","floor":14.0},{"not_picked":["Buffer","Machine Learning"],"picked":"Biased Cognition","floor":16.0},{"not_picked":["Reprogram","Skim"],"picked":"Barrage","floor":18.0},{"not_picked":["Sweeping Beam","Gash"],"picked":"Auto Shields+1","floor":21},{"not_picked":["Turbo","FTL"],"picked":"Consume","floor":22},{"not_picked":["Rebound","Auto Shields"],"picked":"Undo","floor":24},{"not_picked":["Steam","Sweeping Beam+1","Gash+1"],"picked":"SKIP","floor":25}],"player_experience":561307,"relics_obtained":[{"floor":8.0,"key":"Tiny Chest"},{"floor":9.0,"key":"Pantograph"},{"floor":20.0,"key":"Whetstone"},{"floor":24,"key":"Nunchaku"},{"floor":26,"key":"HornCleat"}],"event_choices":[{"damage_healed":0.0,"max_hp_gain":0.0,"max_hp_loss":0.0,"gold_gain":175.0,"event_name":"Liars Game","player_choice":"AGREE","floor":2.0,"gold_loss":0.0,"damage_taken":0.0,"cards_obtained":["Doubt"]},{"cards_removed":["Doubt"],"damage_healed":0.0,"max_hp_gain":0.0,"max_hp_loss":0.0,"gold_gain":0.0,"event_name":"Golden Wing","player_choice":"Card Removal","floor":3.0,"gold_loss":0.0,"damage_taken":7.0},{"damage_healed":0.0,"max_hp_gain":0.0,"max_hp_loss":0.0,"gold_gain":0.0,"event_name":"Golden Idol","player_choice":"Take Wound","floor":7.0,"gold_loss":0.0,"damage_taken":0.0,"relics_obtained":["Golden Idol"],"cards_obtained":["Injury"]},{"damage_healed":0.0,"max_hp_gain":0.0,"max_hp_loss":0.0,"gold_gain":0.0,"event_name":"Upgrade Shrine","player_choice":"Upgraded","floor":12.0,"gold_loss":0.0,"damage_taken":0.0,"cards_upgraded":["Coolheaded"]}],"is_beta":false,"boss_relics":[{"not_picked":["Runic Dome","Astrolabe"],"picked":"FrozenCore"}],"items_purged_floors":[4,19],"is_endless":false,"potions_floor_spawned":[1,8,10,13,16,25],"killed_by":"Slavers","ascension_level":7}}