{"host":"5s7sm4h73jkd9266","time":1609364019,"event":{"mods":["AchievementEnabler","Bartender","BaseMod","Better Match","Better Vampires","BetterRewards","Colored Map","Colored Powertips","Conspire","Downfall","Energized Spire","GifTheSpireLib","Hermit","Hubris","Magitek Elite","Marisa????????","Melee Mod","Minty Spire (QoL Compilation)","Potion Indicator Mod","Rare Cards Sparkle","Relic Stats","Replay The Spire","Robot Space Explorer","Shop Mod","StSLib","Stuff the Spire","The Bladedancer","The Blue Laboratory","The Cursed","The Disciple","The Dragon Tamer","The Forsaken","The Necromancer","The Wild Card","The Witch","Virulent Crown","everything is the same but u backflip on backflip","slay the spire mod where everything is the same but ironclad has a cowboy hat","vexMod"],"gold_per_floor":[118,130,130,130,155,155,155,189,189,189,204,222,23,39,39,163,163,184,184,184,61,79,79,119,119,119,159,159,184,228,36,36,157,157,72,86,86,105,105,105,30,30,30,30,46,65,65,17,17,17],"floor_reached":51,"playtime":9155,"items_purged":["Pain"],"score":912,"play_id":"d5172fd2-e714-4f6b-b450-ee34d7f5c101","local_time":"20201230163338","is_ascension_mode":true,"campfire_choices":[{"floor":6.0,"key":"REST"},{"data":"expansioncontent:ManipulateTime","floor":10.0,"key":"SMITH"},{"data":"Vampiric_Strike","floor":15.0,"key":"SMITH"},{"floor":23.0,"key":"REST"},{"floor":25.0,"key":"REST"},{"floor":28.0,"key":"REST"},{"floor":32.0,"key":"REST"},{"floor":40.0,"key":"REST"},{"floor":44,"key":"REST"},{"data":"expansioncontent:DefensiveStance","floor":49,"key":"SMITH"}],"circlet_count":0,"master_deck":["Strike_W","Strike_W","Strike_W","Strike_W","Defend_W","Defend_W","Defend_W","Defend_W","Negative_Energy_Arrows","Bone_Wall","expansioncontent:ManipulateTime+1","Uncharnel+1","Blood_for_Blood","Finger_Of_Death","Bone_Spikes","Blood_for_Blood","Consume_Illness","expansioncontent:HyperBeam+1","Summon_Undead_Army","Vampiric_Strike+1","Bones_to_Steel","Injury","Blood_Whip","Life_Drain","Bone_Armor+1","Death_March_Dance+1","Summon_Lich","Negative_Energy_Javelin+1","Death_March_Dance+1","Summon_Death_Knight","Necrotic_Claws","Scare+1","Negative_Energy_Javelin+1","Toxic_Smoke_Screen+1","Requiem","Summon_Lich","Shackles_Of_Pain+1","Summon_Vampire_Lady","Bone_Armory+1","ReplayTheSpireMod:IOU","ReplayTheSpireMod:IOU","Hellfire","ReplayTheSpireMod:IOU","Magnetism","Corrupt+1","ReplayTheSpireMod:IOU","Summon_Death_Knight","Toxic_Smoke_Screen+1","Consume_Illness+1","Bones_to_Steel+1","Summon_Vampire_Lady+1","Negative_Energy_Bomb+1","Requiem+1","Consume_Illness+1","Spectral_Walk+1","Doubt","ReplayTheSpireMod:IOU","ReplayTheSpireMod:IOU","ReplayTheSpireMod:IOU","ReplayTheSpireMod:IOU","expansioncontent:DefensiveStance+1","Chrysalis","ReplayTheSpireMod:IOU","ReplayTheSpireMod:IOU","Cloudkill","Summon_Lich"],"relics":["Vampire_Amulet","Pet Ghost","Oddly Smooth Stone","Replay:Baseball","Golden Idol","vexMod:HeadHunter","theForsaken:HumbleEgg","hubris:TerracottaHorce","WarpedTongs","Replay:Wax Seal","hubris:FunFungus","StuffTheSpire:RubySignet","Akabeko","Strange Spoon","Ring of Chaos","hubris:ToyBattleship","Replay:Kaleidoscope"],"acts_visited":["Exordium","TheCity","TheBeyond"],"potions_floor_usage":[45,45,50,50,50],"damage_taken":[{"damage":0.0,"enemies":"2 Louse","floor":1.0,"turns":2.0},{"damage":5.0,"enemies":"Jaw Worm","floor":2.0,"turns":3.0},{"damage":10.0,"enemies":"Small Slimes","floor":5.0,"turns":3.0},{"damage":21.0,"enemies":"Replay:BlueRogue","floor":8.0,"turns":6.0},{"damage":2.0,"enemies":"Exordium Wildlife","floor":11.0,"turns":4.0},{"damage":4.0,"enemies":"conspire:2 RoseBushes","floor":12.0,"turns":2.0},{"damage":0.0,"enemies":"2 Fungi Beasts","floor":14.0,"turns":2.0},{"damage":69.0,"enemies":"Hexaghost","floor":16.0,"turns":14.0},{"damage":22.0,"enemies":"Shell Parasite","floor":18.0,"turns":7.0},{"damage":19.0,"enemies":"conspire:FuzzyDice","floor":22.0,"turns":4.0},{"damage":55.0,"enemies":"Slavers","floor":24.0,"turns":6.0},{"damage":31.0,"enemies":"conspire:Head Lice","floor":27.0,"turns":6.0},{"damage":12.0,"enemies":"Chosen and Byrds","floor":29.0,"turns":6.0},{"damage":21.0,"enemies":"Replay:Snechameleon","floor":30.0,"turns":5.0},{"damage":73.0,"enemies":"conspire:MysteriousRune","floor":33.0,"turns":9.0},{"damage":7.0,"enemies":"3 Shapes","floor":35.0,"turns":2.0},{"damage":14.0,"enemies":"Orb Walker","floor":36.0,"turns":4.0},{"damage":71.0,"enemies":"Maw","floor":38.0,"turns":9.0},{"damage":15,"enemies":"3 Darklings","floor":45,"turns":3},{"damage":36,"enemies":"Transient","floor":46,"turns":5},{"damage":68,"enemies":"Time Eater","floor":50,"turns":16}],"seed_played":"5547510711403877030","potions_obtained":[{"floor":1.0,"key":"blueLaboratory:RememoryPotion"},{"floor":11.0,"key":"SpeedPotion"},{"floor":22.0,"key":"Energy Potion"},{"floor":24.0,"key":"Adrenaline Potion"},{"floor":27.0,"key":"champ:CounterPotion"},{"floor":30.0,"key":"blueLaboratory:LouseDecoction"},{"floor":33.0,"key":"Explosive Potion"},{"floor":35.0,"key":"BlessingOfTheForge"},{"floor":36.0,"key":"champ:CounterPotion"},{"floor":38.0,"key":"Regen Potion"}],"is_trial":false,"path_per_floor":["M","M","?","?","M","R","?","E","T","R","M","M","$","M","R","B",null,"M","?","?","$","M","R","E","R","T","E","R","M","E","$","R","B",null,"M","M","?","M","?","R","?","?","T","R","M","M","?","$","R","B",null],"character_chosen":"NECROMANCER","items_purchased":["expansioncontent:ManipulateTime","Pet Ghost","Uncharnel+1","Blood_for_Blood","Finger_Of_Death","Bone_Spikes","Oddly Smooth Stone","Blood_for_Blood","Consume_Illness","Replay:Baseball","expansioncontent:HyperBeam","Summon_Undead_Army","Fruit Juice","Summon_Lich","Negative_Energy_Javelin+1","blueLaboratory:TrueEctoplasm","Slay_Living","Scare+1","Strange Spoon","Hellfire","Magnetism","Corrupt+1","ColorlessPotion","Fire Potion","Adrenaline Potion","blueLaboratory:FrostheartPotion","blueLaboratory:FruitPunch","expansioncontent:DefensiveStance","Chrysalis","Cloudkill","Summon_Lich"],"campfire_rested":7,"item_purchase_floors":[0,0,0,0,0,0,0,0,0,0,0,0,0,13,13,13,21,21,31,31,31,31,31,31,48,48,48,48,48,48,48],"current_hp_per_floor":[39,36,36,36,33,57,80,62,62,62,64,70,70,80,80,22,66,59,59,59,59,51,75,31,55,55,55,79,79,67,67,80,28,67,66,63,63,15,15,39,39,42,42,66,62,34,83,83,83,85],"gold":17,"neow_bonus":"","is_daily":false,"chose_seed":false,"campfire_upgraded":3,"win_rate":0.0,"timestamp":1609364018,"path_taken":["M","M","?","?","M","R","?","E","T","R","M","M","?","?","R","BOSS","M","?","?","$","M","R","E","R","T","E","R","M","E","$","R","BOSS","M","M","?","?","?","R","?","?","T","R","M","?","?","$","R","BOSS"],"items_purchased_type":["Card","Relic","Card","Card","Card","Card","Relic","Card","Card","Relic","Card","Card","Potion","Card","Card","Potion","Card","Card","Relic","Card","Card","Card","Potion","Potion","Potion","Potion","Potion","Card","Card","Card","Card"],"build_version":"2020-12-22","purchased_purges":1,"victory":true,"max_hp_per_floor":[80,80,80,80,80,80,80,80,80,80,80,80,80,80,80,80,80,80,80,80,80,80,80,80,80,80,80,80,80,80,80,80,80,80,80,80,80,80,80,80,80,83,83,83,83,83,83,83,83,85],"relic_stats":{"Strange Spoon":[28],"counters":[47,228],"Golden Idol":158,"obtain_stats":[{"Ice Cream":3,"Golden Egg":44,"hubris:CrystalStatue":26,"Whetstone":50,"hubris:TerracottaHorce":17,"theForsaken:HumbleEgg":9,"Ribbon":38,"Prayer Wheel":19,"MealTicket":36,"Vampire_Amulet":0,"Replay:Bottled Flurry":2,"Replay:Wax Seal":24,"hubris:TinFlute":27,"Ring of Hypnosis":8,"Happy Flower":43,"Blue Candle":10,"hubris:SphereOfDissonance":20,"Oddly Smooth Stone":0,"Ring of Chaos":34,"Letter Opener":13,"Replay:Kaleidoscope":43,"Akabeko":30,"WarpedTongs":20,"Bottled Flame":29,"Replay:Baseball":0,"Bronze Scales":49,"Onion Ring":7,"Pandora\u0027s Box":17,"hubris:TenFootPole":21,"hubris:ToyBattleship":37,"Regal Pillow":41,"sneckomod:BlankCard":32,"SacredBark":35,"Ancient Tea Set":39,"theForsaken:Gavel":46,"Pet Ghost":0,"Replay:Rubber Ducky":25,"hubris:Icosahedron":12,"vexMod:RedPlottingStone":42,"WingedGreaves":15,"hubris:FunFungus":26,"StuffTheSpire:Nightcore":14,"Replay:Bottled Eggs":49,"Golden Idol":4,"PreservedInsect":37,"Strange Spoon":31,"vexMod:HeadHunter":8,"Bag of Marbles":9,"StuffTheSpire:RubySignet":27},{"Ice Cream":2,"Golden Egg":23,"hubris:CrystalStatue":11,"Whetstone":25,"hubris:TerracottaHorce":34,"theForsaken:HumbleEgg":30,"Ribbon":19,"Prayer Wheel":9,"MealTicket":17,"Vampire_Amulet":0,"Replay:Bottled Flurry":1,"Replay:Wax Seal":37,"hubris:TinFlute":12,"Ring of Hypnosis":3,"Happy Flower":22,"Blue Candle":5,"hubris:SphereOfDissonance":9,"Oddly Smooth Stone":26,"Ring of Chaos":41,"Letter Opener":6,"Replay:Kaleidoscope":44,"Akabeko":40,"WarpedTongs":35,"Bottled Flame":13,"Replay:Baseball":26,"Bronze Scales":24,"Onion Ring":3,"Pandora\u0027s Box":8,"hubris:TenFootPole":10,"hubris:ToyBattleship":43,"Regal Pillow":21,"sneckomod:BlankCard":15,"SacredBark":17,"Ancient Tea Set":20,"theForsaken:Gavel":24,"Pet Ghost":26,"Replay:Rubber Ducky":10,"hubris:Icosahedron":5,"vexMod:RedPlottingStone":21,"WingedGreaves":7,"hubris:FunFungus":37,"StuffTheSpire:Nightcore":6,"Replay:Bottled Eggs":24,"Golden Idol":28,"PreservedInsect":18,"Strange Spoon":40,"vexMod:HeadHunter":30,"Bag of Marbles":4,"StuffTheSpire:RubySignet":38},{"Ice Cream":6,"Golden Egg":96,"hubris:CrystalStatue":43,"Whetstone":103,"hubris:TerracottaHorce":146,"theForsaken:HumbleEgg":124,"Ribbon":78,"Prayer Wheel":33,"MealTicket":70,"Vampire_Amulet":0,"Replay:Bottled Flurry":3,"Replay:Wax Seal":163,"hubris:TinFlute":47,"Ring of Hypnosis":10,"Happy Flower":91,"Blue Candle":17,"hubris:SphereOfDissonance":33,"Oddly Smooth Stone":110,"Ring of Chaos":189,"Letter Opener":20,"Replay:Kaleidoscope":204,"Akabeko":180,"WarpedTongs":153,"Bottled Flame":51,"Replay:Baseball":110,"Bronze Scales":100,"Onion Ring":10,"Pandora\u0027s Box":31,"hubris:TenFootPole":36,"hubris:ToyBattleship":195,"Regal Pillow":89,"sneckomod:BlankCard":61,"SacredBark":70,"Ancient Tea Set":82,"theForsaken:Gavel":100,"Pet Ghost":110,"Replay:Rubber Ducky":36,"hubris:Icosahedron":17,"vexMod:RedPlottingStone":89,"WingedGreaves":23,"hubris:FunFungus":163,"StuffTheSpire:Nightcore":20,"Replay:Bottled Eggs":100,"Golden Idol":115,"PreservedInsect":74,"Strange Spoon":180,"vexMod:HeadHunter":124,"Bag of Marbles":15,"StuffTheSpire:RubySignet":169}],"WarpedTongs":[78]},"card_choices":[{"not_picked":["Scare","Negative_Energy_Mist"],"picked":"Vampiric_Strike","floor":1.0},{"not_picked":["Deaths_Shadow","Negative_Energy_Sphere"],"picked":"Bones_to_Steel","floor":2.0},{"not_picked":["Summon_Lich","Blood_Curse"],"picked":"Blood_Whip","floor":5.0},{"not_picked":["Blood_Curse","Negative_Energy_Javelin"],"picked":"Life_Drain","floor":8.0},{"not_picked":["Summon_Undead","Toxic_Smoke_Screen+1"],"picked":"Bone_Armor+1","floor":11.0},{"not_picked":["Thousand_Bone_Knives","Vampiric_Strike+1"],"picked":"Death_March_Dance+1","floor":12.0},{"not_picked":["Grasp_Heart","Negative_Energy_Javelin+1"],"picked":"Death_March_Dance+1","floor":14.0},{"not_picked":["Negative_Energy_Bomb","Blood_Wake"],"picked":"Summon_Death_Knight","floor":16.0},{"not_picked":["Blood_Is_Power","Consume_Illness+1"],"picked":"Necrotic_Claws","floor":18.0},{"not_picked":["Consume_Illness+1","Negative_Energy_Mist+1"],"picked":"Negative_Energy_Javelin+1","floor":22.0},{"not_picked":["Shackles_Of_Pain+1","Blood_Curse+1"],"picked":"Toxic_Smoke_Screen+1","floor":24.0},{"not_picked":["Blood_Wake","Grasp_Heart"],"picked":"Requiem","floor":27.0},{"not_picked":["Hellfire","Blood_Is_Power"],"picked":"Summon_Lich","floor":27.0},{"not_picked":["Life_Drain","Blood_Is_Power"],"picked":"Shackles_Of_Pain+1","floor":29.0},{"not_picked":["Requiem","Reap_The_Weak"],"picked":"Summon_Vampire_Lady","floor":30.0},{"not_picked":["Death_March_Dance+1","Life_Drain"],"picked":"Bone_Armory+1","floor":30.0},{"not_picked":["Negative_Energy_Bomb","Detonate_Bones"],"picked":"Summon_Death_Knight","floor":33.0},{"not_picked":["Negative_Energy_Mist+1","Bone_Shift+1"],"picked":"Toxic_Smoke_Screen+1","floor":35.0},{"not_picked":["Life_Drain+1","Blood_Is_Power+1"],"picked":"Consume_Illness+1","floor":36.0},{"not_picked":["Shackles_Of_Pain+1","Death_Knell+1"],"picked":"Bones_to_Steel+1","floor":38.0},{"not_picked":["Detonate_Bones+1","Blood_Wake+1"],"picked":"Summon_Vampire_Lady+1","floor":41},{"not_picked":["Blood_Magic+1","Blood_Wake+1"],"picked":"Negative_Energy_Bomb+1","floor":41},{"not_picked":["Detonate_Bones+1","Summon_Death_Knight+1"],"picked":"Requiem+1","floor":41},{"not_picked":["Chill_Blood+1","Negative_Energy_Javelin+1"],"picked":"Consume_Illness+1","floor":45},{"not_picked":["Bone_Shift+1","Death_March_Dance+1"],"picked":"Spectral_Walk+1","floor":46}],"player_experience":5357110,"relics_obtained":[{"floor":8.0,"key":"vexMod:HeadHunter"},{"floor":9.0,"key":"theForsaken:HumbleEgg"},{"floor":24.0,"key":"Replay:Wax Seal"},{"floor":26.0,"key":"hubris:FunFungus"},{"floor":27.0,"key":"StuffTheSpire:RubySignet"},{"floor":30.0,"key":"Akabeko"},{"floor":43,"key":"Replay:Kaleidoscope"}],"event_choices":[{"damage_healed":0.0,"max_hp_gain":0.0,"max_hp_loss":0.0,"gold_gain":0.0,"event_name":"Living Wall","player_choice":"Grow","floor":3.0,"gold_loss":0.0,"damage_taken":0.0,"cards_upgraded":["expansioncontent:HyperBeam"]},{"damage_healed":0.0,"max_hp_gain":0.0,"max_hp_loss":0.0,"gold_gain":0.0,"event_name":"Golden Idol","player_choice":"Take Wound","floor":4.0,"gold_loss":0.0,"damage_taken":0.0,"relics_obtained":["Golden Idol"],"cards_obtained":["Injury"]},{"damage_healed":26.0,"max_hp_gain":0.0,"max_hp_loss":0.0,"gold_gain":0.0,"event_name":"Big Fish","player_choice":"Banana","floor":7.0,"gold_loss":0.0,"damage_taken":0.0},{"damage_healed":0.0,"max_hp_gain":0.0,"max_hp_loss":0.0,"gold_gain":0.0,"event_name":"Ghosts","player_choice":"Ignored","floor":19.0,"gold_loss":0.0,"damage_taken":0.0},{"damage_healed":0.0,"max_hp_gain":0.0,"max_hp_loss":0.0,"gold_gain":0.0,"event_name":"Accursed Blacksmith","player_choice":"Rummage","floor":20.0,"gold_loss":0.0,"damage_taken":0.0,"relics_obtained":["WarpedTongs"],"cards_obtained":["Pain"]},{"cards_removed":["Slay_Living"],"damage_healed":0.0,"max_hp_gain":0.0,"max_hp_loss":0.0,"gold_gain":0.0,"event_name":"WeMeetAgain","player_choice":"Gave Card","floor":37.0,"gold_loss":0.0,"damage_taken":0.0,"relics_obtained":["hubris:ToyBattleship"]},{"damage_healed":0.0,"max_hp_gain":0.0,"max_hp_loss":0.0,"gold_gain":0.0,"event_name":"Mysterious Sphere","player_choice":"Ignored","floor":39.0,"gold_loss":0.0,"damage_taken":0.0},{"damage_healed":0,"gold_gain":0,"player_choice":"3","damage_taken":0,"max_hp_gain":0,"max_hp_loss":0,"event_name":"betterMatch:BetterMatch","floor":41,"gold_loss":0,"cards_obtained":["betterMatch:RareCard"]},{"damage_healed":49,"gold_gain":0,"player_choice":"Heal","damage_taken":0,"max_hp_gain":0,"max_hp_loss":0,"event_name":"MindBloom","floor":47,"gold_loss":0,"cards_obtained":["Doubt"]}],"is_beta":false,"boss_relics":[{"not_picked":["vexMod:CursedCompass","Replay:Grab Bag"],"picked":"hubris:TerracottaHorce"},{"not_picked":["StuffTheSpire:ModemDavis","vexMod:EndlessSickness"],"picked":"Ring of Chaos"}],"items_purged_floors":[31],"is_endless":false,"potions_floor_spawned":[1,11,14,22,24,27,30,33,35,36,38],"ascension_level":1}}