{"host":"qwp6882a7gaon7u5","time":1609429696,"event":{"mods":["ATMod(°¢èªMod)","BaseMod","BetterRewards","Minty Spire (QoL Compilation)","Red Circlet Mod","Replay The Spire","RumiaBox-Â¶Ã×æ«µÄÉñÃØºÐ×Ó","Spicy Shops","StSLib","¡¾¹¦ÄÜMod¡¿»ìãçÖ®»·ÐÞ¸´²¹¶¡","¡¾ÒÅÎï¿¨ÅÆ¡¿REMEMod"],"gold_per_floor":[128,137,137,137,159,159,195,209,234,271,339,375,387,404,404,516,516,532,532,472,472,472,511,109,151,176,176,176,219,72,101,101,198,198,223,232,241,291,310,344,368,402,451,513,513,551,568,156,156,156,156,156,29,69,69],"floor_reached":56,"playtime":2581,"items_purged":["Languid","Strike_G","Survivor"],"score":2116,"play_id":"4f204c5b-78d4-4471-bcae-c8a8eaf0763c","local_time":"20201231234816","is_ascension_mode":true,"campfire_choices":[{"floor":6,"key":"REST"},{"floor":15,"key":"REST"},{"data":"AT_Dispersion","floor":27,"key":"SMITH"},{"floor":45,"key":"RECALL"},{"data":"Adrenaline","floor":49,"key":"SMITH"},{"data":"Adrenaline","floor":52,"key":"SMITH"}],"circlet_count":0,"master_deck":["Strike_G+1","Strike_G+1","Strike_G+1","Strike_G+1","Defend_G+1","Defend_G+1","Defend_G+1","Defend_G+1","Neutralize+1","Replay:Bootleg Shield Generator","AT_Desolate","REME_BattleFury+1","Specialist","Flash of Steel+1","AT_Dispersion+1","Caltrops","Blade Dance+1","ReplayTheSpireMod:Speed Training","Catalyst+1","AT_ShadowStep","Blur","Deadly Poison","Adrenaline+1","Adrenaline+1","Distraction+1","Adrenaline+1","Catalyst+1","Replay:Bootleg Shield Generator","Mayhem+1","Footwork+1","Deadly Poison+1","Escape Plan+1"],"relics":["Ring of the Snake","REME_ComplimentaryCards","AT_ATBox","ReplayTheSpireMod:CursedCoin","Replay:Bottled Flurry","White Beast Statue","CeramicFish","Regal Pillow","AT_SunfireAegis","ReplayTheSpireMod:ShopPack","PlanX","Torii","Darkstone Periapt","AT_ArcaneBoots","War Paint","Pen Nib","REME_HourglassOfDeath","Bronze Scales","SoulBox","Bottled Lightning","Anchor","Frozen Egg 2","Ccalipers","PreservedInsect","REME_PuzzleBoxRelic","StoneCalendar","Juzu Bracelet","Red Mask","Pocketwatch","Whetstone","AT_ArchangelStaff","Unceasing Top","Ancient Tea Set","Kunai","Happy Flower","Guide Book","Chemical X","Letter Opener","Lantern"],"acts_visited":["Exordium","TheCity","TheBeyond","TheEnding"],"potions_floor_usage":[7,16,16,23,23,23,38,40,40,40,44,44,44,44,44,44,55],"damage_taken":[{"damage":0,"enemies":"Jaw Worm","floor":1,"turns":3},{"damage":0,"enemies":"Small Slimes","floor":5,"turns":1},{"damage":0,"enemies":"Gremlin Nob","floor":7,"turns":2},{"damage":0,"enemies":"2 Louse","floor":8,"turns":2},{"damage":1,"enemies":"Replay:BlueRogue","floor":10,"turns":4},{"damage":1,"enemies":"Lagavulin","floor":12,"turns":4},{"damage":0,"enemies":"2 Fungi Beasts","floor":13,"turns":2},{"damage":0,"enemies":"Blue Slaver","floor":14,"turns":3},{"damage":0,"enemies":"Slime Boss","floor":16,"turns":4},{"damage":9,"enemies":"2 Thieves","floor":18,"turns":3},{"damage":10,"enemies":"Slavers","floor":23,"turns":4},{"damage":0,"enemies":"Gremlin Leader","floor":25,"turns":4},{"damage":0,"enemies":"REME_1_Revenger","floor":29,"turns":1},{"damage":0,"enemies":"Masked Bandits","floor":31,"turns":2},{"damage":0,"enemies":"Automaton","floor":33,"turns":5},{"damage":0,"enemies":"3 Shapes","floor":35,"turns":1},{"damage":0,"enemies":"Mind Bloom Boss Battle","floor":38,"turns":2},{"damage":0,"enemies":"Orb Walker","floor":39,"turns":2},{"damage":0,"enemies":"R_Hoarder","floor":40,"turns":4},{"damage":0,"enemies":"Reptomancer","floor":42,"turns":3},{"damage":7,"enemies":"R_Hoarder","floor":44,"turns":3},{"damage":0,"enemies":"Reptomancer","floor":46,"turns":2},{"damage":19,"enemies":"3 Darklings","floor":47,"turns":2},{"damage":0,"enemies":"Donu and Deca","floor":50,"turns":2},{"damage":0,"enemies":"Shield and Spear","floor":54,"turns":1},{"damage":43,"enemies":"The Heart","floor":55,"turns":5}],"seed_played":"8081973643399727860","potions_obtained":[{"floor":1,"key":"Strength Potion"},{"floor":5,"key":"Energy Potion"},{"floor":7,"key":"EntropicBrew"},{"floor":14,"key":"AttackPotion"},{"floor":16,"key":"Venom Potion"},{"floor":18,"key":"SpeedPotion"},{"floor":23,"key":"Dexterity Potion"},{"floor":29,"key":"EntropicBrew"},{"floor":35,"key":"PowerPotion"},{"floor":39,"key":"Swift Potion"},{"floor":40,"key":"Venom Potion"},{"floor":42,"key":"REME_GoldPotion"},{"floor":44,"key":"FairyPotion"},{"floor":47,"key":"FearPotion"}],"is_trial":false,"path_per_floor":["M","?","?","?","M","R","E","M","T","E","?","E","M","M","R","B",null,"M","?","?","T","?","E","$","E","T","R","?","E","$","?","R","B",null,"M","?","?","?","M","E","T","E","T","E","R","E","M","$","R","B",null,"R","$","E","B",null],"character_chosen":"THE_SILENT","items_purchased":["ReplayTheSpireMod:CursedCoin","Replay:Bottled Flurry","White Beast Statue","CeramicFish","Regal Pillow","AT_SunfireAegis","ReplayTheSpireMod:ShopPack","PlanX","Torii","Darkstone Periapt","Replay:Bootleg Shield Generator","FearPotion","AT_Desolate","Frozen Egg 2","Ccalipers","Juzu Bracelet","Guide Book","Chemical X","Letter Opener"],"campfire_rested":2,"item_purchase_floors":[0,0,0,0,0,0,0,0,0,0,0,0,0,24,24,30,48,48,53],"current_hp_per_floor":[28,28,14,7,7,43,43,43,43,42,14,13,13,13,49,49,70,61,61,61,61,61,51,51,51,51,51,38,38,38,38,75,75,75,75,75,75,75,75,75,75,75,75,68,68,68,49,49,49,49,75,75,75,75,32],"gold":69,"neow_bonus":"","is_daily":false,"chose_seed":false,"campfire_upgraded":3,"win_rate":0.0,"timestamp":1609429696,"path_taken":["M","?","?","?","M","R","E","M","T","E","?","E","M","M","R","BOSS","M","?","?","?","?","E","$","E","T","R","?","E","$","?","R","BOSS","M","?","?","?","M","E","?","E","T","E","R","E","M","$","R","BOSS","R","$","E","BOSS"],"items_purchased_type":["Relic","Relic","Relic","Relic","Relic","Relic","Relic","Relic","Relic","Relic","Card","Potion","Card","Relic","Relic","Relic","Relic","Relic","Relic"],"build_version":"2020-12-22","purchased_purges":3,"victory":true,"max_hp_per_floor":[70,70,70,70,70,70,70,70,70,70,70,70,70,70,70,70,70,70,70,70,70,70,70,70,70,70,70,75,75,75,75,75,75,75,75,75,75,75,75,75,75,75,75,75,75,75,75,75,75,75,75,75,75,75,75],"card_choices":[{"not_picked":["AT_EmpoweredMortalDraw","REME_EyeOfCthun"],"picked":"REME_BattleFury","floor":0},{"not_picked":["Good Instincts","ReplayTheSpireMod:Uncanny Aura"],"picked":"Specialist","floor":0},{"not_picked":["The Bomb","ReplayTheSpireMod:Trickstab"],"picked":"Flash of Steel","floor":0},{"not_picked":["Slice","Quick Slash","Backflip"],"picked":"SKIP","floor":1},{"not_picked":["AT_ThistleTea","AT_WindFlip"],"picked":"ReplayTheSpireMod:Speed Training","floor":5},{"not_picked":["Predator","Dodge and Roll"],"picked":"Catalyst","floor":7},{"not_picked":["Reflex","Hidden Blade","PiercingWail"],"picked":"SKIP","floor":8},{"not_picked":["AT_Desolate","REME_ShadowForm"],"picked":"AT_ShadowStep","floor":10},{"not_picked":["Flying Knee","Eviscerate"],"picked":"Blur","floor":11},{"not_picked":["Infinite Blades","Venomology"],"picked":"Deadly Poison","floor":12},{"not_picked":["Blade Dance","Masterful Stab","Underhanded Strike"],"picked":"SKIP","floor":13},{"not_picked":["Bouncing Flask","Blur","Sucker Punch"],"picked":"SKIP","floor":14},{"not_picked":["REME_ShadowForm","Die Die Die"],"picked":"Adrenaline","floor":16},{"not_picked":["AT_ShadowStep","Bouncing Flask","Flechettes"],"picked":"SKIP","floor":18},{"not_picked":["Bane","Deadly Poison"],"picked":"Adrenaline","floor":23},{"not_picked":["Masterful Stab","Deadly Poison"],"picked":"Distraction+1","floor":25},{"not_picked":["AT_KneejerkReflex+1","Prepared"],"picked":"Adrenaline","floor":29},{"not_picked":["Cloak And Dagger+1","Poisoned Stab"],"picked":"Catalyst+1","floor":35},{"not_picked":["AT_PowerWithin+1","REME_EyeOfCthun"],"picked":"Mayhem+1","floor":37},{"not_picked":["AT_WindFlip+1","Dodge and Roll","AT_TinkerSharpsword+1"],"picked":"SKIP","floor":39},{"not_picked":["Sneak Up","Underhanded Strike+1","Catalyst+1"],"picked":"SKIP","floor":40},{"not_picked":["Sneak Up+1","ReplayTheSpireMod:Speed Training+1"],"picked":"Footwork+1","floor":42},{"not_picked":["ReplayTheSpireMod:From All Sides","Flying Knee","Deflect+1"],"picked":"SKIP","floor":44},{"not_picked":["Tactician","Poisoned Stab+1"],"picked":"Deadly Poison+1","floor":46},{"not_picked":["Flechettes","Sucker Punch+1","Quick Slash"],"picked":"SKIP","floor":47},{"not_picked":["Acrobatics","Deflect"],"picked":"Escape Plan+1","floor":54}],"player_experience":160765,"relics_obtained":[{"floor":7,"key":"War Paint"},{"floor":10,"key":"Pen Nib"},{"floor":11,"key":"REME_HourglassOfDeath"},{"floor":12,"key":"Bronze Scales"},{"floor":21,"key":"Bottled Lightning"},{"floor":23,"key":"Anchor"},{"floor":25,"key":"PreservedInsect"},{"floor":26,"key":"REME_PuzzleBoxRelic"},{"floor":29,"key":"StoneCalendar"},{"floor":31,"key":"Red Mask"},{"floor":38,"key":"Pocketwatch"},{"floor":40,"key":"Whetstone"},{"floor":41,"key":"AT_ArchangelStaff"},{"floor":42,"key":"Unceasing Top"},{"floor":43,"key":"Ancient Tea Set"},{"floor":44,"key":"Kunai"},{"floor":46,"key":"Happy Flower"},{"floor":54,"key":"Lantern"}],"event_choices":[{"damage_healed":0,"gold_gain":0,"player_choice":"Entered Light","damage_taken":14,"max_hp_gain":0,"max_hp_loss":0,"event_name":"Shining Light","floor":3,"gold_loss":0,"cards_upgraded":["Strike_G","Flash of Steel"]},{"damage_healed":0,"gold_gain":0,"player_choice":"Success","damage_taken":7,"relics_obtained":["AT_SpeedBoots"],"max_hp_gain":0,"max_hp_loss":0,"event_name":"Scrap Ooze","floor":4,"gold_loss":0},{"damage_healed":0,"gold_gain":0,"player_choice":"Simplicity","damage_taken":0,"max_hp_gain":0,"max_hp_loss":0,"event_name":"Back to Basics","floor":19,"gold_loss":0,"cards_upgraded":["Strike_G","Strike_G","Strike_G","Defend_G","Defend_G"]},{"damage_healed":0,"gold_gain":0,"player_choice":"Ignored","damage_taken":0,"max_hp_gain":0,"max_hp_loss":0,"event_name":"Vampires","floor":22,"gold_loss":0},{"damage_healed":0,"gold_gain":0,"player_choice":"Shed Blood","damage_taken":18,"max_hp_gain":5,"max_hp_loss":0,"event_name":"Forgotten Altar","floor":28,"gold_loss":0},{"damage_healed":0,"gold_gain":0,"player_choice":"Fought Bandits","damage_taken":0,"max_hp_gain":0,"max_hp_loss":0,"event_name":"Masked Bandits","floor":31,"gold_loss":0},{"damage_healed":0,"gold_gain":0,"player_choice":"1 cards matched","damage_taken":0,"max_hp_gain":0,"max_hp_loss":0,"event_name":"Match and Keep!","floor":36,"gold_loss":0,"cards_obtained":["Replay:Bootleg Shield Generator"]},{"damage_healed":0,"gold_gain":0,"player_choice":"Memory 1","damage_taken":0,"max_hp_gain":0,"max_hp_loss":0,"event_name":"SensoryStone","floor":37,"gold_loss":0},{"damage_healed":0,"gold_gain":0,"player_choice":"Fight","damage_taken":0,"max_hp_gain":0,"max_hp_loss":0,"event_name":"MindBloom","floor":38,"gold_loss":0}],"is_beta":false,"boss_relics":[{"not_picked":["Snecko Eye","Replay:Wanted Poster"],"picked":"SoulBox"},{"not_picked":["Runic Dome","Painkiller Herb","Kintsugi"]}],"items_purged_floors":[0,0,48],"is_endless":false,"potions_floor_spawned":[1,5,7,8,10,12,13,14,16,18,23,25,29,31,33,35,38,39,40,42,44,46,47,54],"ascension_level":1}}