{"host":"ttx8tv95o5vka1nm","time":1609396182,"event":{"mods":["BaseMod","Colored Map","Downfall","Infinite Spire","Minty Spire (QoL Compilation)","Replay The Spire","Shop Mod","StSLib","The Jungle"],"gold_per_floor":[109,180,196,80,80,105,172,204,204,254,254,267,21,49,49,150,150,166,216,120,133,183,183,208,208,253,279,279,329,361,436,436,536,536,547,178,195,213,312,312,312],"floor_reached":40,"playtime":3264,"items_purged":["Strike_P","Defend_P","Defend_P","Strike_P"],"score":665,"play_id":"10a1a718-149a-4ad6-a505-11e34fac9099","local_time":"20201231162942","is_ascension_mode":true,"campfire_choices":[{"data":"SashWhip","floor":11,"key":"SMITH"},{"data":"Establishment","floor":15,"key":"SMITH"},{"floor":23,"key":"REST"},{"data":"Protect","floor":25,"key":"SMITH"},{"data":"Replay:ManipulateFuture","floor":32,"key":"SMITH"}],"circlet_count":0,"master_deck":["Strike_P+1","Defend_P+1","Eruption+1","Vigilance+1","BowlingBash","SashWhip+1","Meditate+1","Vengeance+1","BattleHymn+1","Protect+1","EmptyBody","WheelKick+1","Replay:ManipulateFuture+1","Establishment+1","CrushJoints","ReachHeaven","LessonLearned","Conclude+1","FollowUp","Prostrate","Crescendo","EmptyMind","Pray","Indignation","ClearTheMind","SpiritShield","ReachHeaven+1","Perseverance","EmptyFist"],"relics":["PureWater","NeowsBlessing","Blue Doll","SsserpentHead","TungstenRod","Meat on the Bone","Pen Nib","Black Star","Vajra","infinitespire:Golems Mask","Replay:Bottled Snecko","infinitespire:PuzzleCube","Thread and Needle","Ancient Tea Set","Dream Catcher","Turnip","Durian","Red Mask","Replay:Bronze Core","Membership Card","MerchantsRug","Potion Belt","Ginger"],"acts_visited":["Exordium","TheCity","TheBeyond"],"potions_floor_usage":[8,12,27,31],"damage_taken":[{"damage":0,"enemies":"2 Louse","floor":1,"turns":1},{"damage":0,"enemies":"Small Slimes","floor":3,"turns":1},{"damage":0,"enemies":"Lagavulin","floor":6,"turns":1},{"damage":0,"enemies":"Cultist","floor":7,"turns":3},{"damage":13,"enemies":"Gremlin Nob","floor":8,"turns":3},{"damage":0,"enemies":"2 Fungi Beasts","floor":12,"turns":2},{"damage":0,"enemies":"Lagavulin","floor":14,"turns":4},{"damage":5,"enemies":"The Guardian","floor":16,"turns":5},{"damage":17,"enemies":"Spheric Guardian","floor":18,"turns":4},{"damage":5,"enemies":"Chosen","floor":21,"turns":4},{"damage":37,"enemies":"Slavers","floor":24,"turns":4},{"damage":12,"enemies":"Book of Stabbing","floor":27,"turns":3},{"damage":9,"enemies":"Gremlin Leader","floor":30,"turns":4},{"damage":13,"enemies":"Masked Bandits","floor":31,"turns":3},{"damage":4,"enemies":"Champ","floor":33,"turns":4},{"damage":3,"enemies":"Orb Walker","floor":35,"turns":3},{"damage":14,"enemies":"3 Shapes","floor":37,"turns":3},{"damage":25,"enemies":"Jaw Worm Horde","floor":38,"turns":3},{"damage":2,"enemies":"2 Orb Walkers","floor":39,"turns":4},{"damage":54,"enemies":"Nightmare","floor":40,"turns":4}],"seed_played":"-5016325609309474555","potions_obtained":[{"floor":3,"key":"sneckomod:MuddlingPotion"},{"floor":6,"key":"SkillPotion"},{"floor":12,"key":"SpeedPotion"},{"floor":16,"key":"BlessingOfTheForge"},{"floor":18,"key":"Energy Potion"},{"floor":27,"key":"LiquidMemories"},{"floor":31,"key":"BlessingOfTheForge"},{"floor":37,"key":"Strength Potion"},{"floor":38,"key":"Swift Potion"}],"is_trial":false,"path_per_floor":["M","?","M","$","?","E","M","E","T","?","R","M","$","E","R","B",null,"M","?","$","M","?","R","E","R","T","E","AVR","?","E","?","R_BF","B",null,"M","$","M","M","?","NM"],"character_chosen":"WATCHER","items_purchased":["BattleHymn+1","Establishment","CrushJoints","Vajra","Membership Card","MerchantsRug","Potion Belt"],"campfire_rested":1,"item_purchase_floors":[4,13,13,20,36,36,36],"current_hp_per_floor":[72,44,44,44,44,44,44,31,31,31,31,43,43,43,43,38,72,55,50,50,45,33,56,31,31,31,31,31,31,39,38,38,46,82,79,79,65,52,50,0,0],"gold":312,"neow_bonus":"THREE_ENEMY_KILL","is_daily":false,"chose_seed":false,"campfire_upgraded":4,"win_rate":0.0,"timestamp":1609396182,"path_taken":["M","?","M","$","?","E","?","E","T","?","R","M","?","E","R","BOSS","M","?","?","M","?","R","E","R","T","E","AVR","?","E","?","R_BF","BOSS","M","$","M","M","?","NM"],"items_purchased_type":["Card","Card","Card","Relic","Relic","Relic","Relic"],"build_version":"2020-12-22","purchased_purges":4,"victory":false,"max_hp_per_floor":[72,72,72,72,72,72,72,72,72,72,72,72,72,72,72,72,72,72,72,72,72,77,77,77,77,77,77,77,77,82,82,82,82,82,82,82,82,82,82,82,82],"card_choices":[{"not_picked":["Replay:BluntJabs","ThirdEye"],"picked":"BowlingBash","floor":1},{"not_picked":["FlurryOfBlows","BowlingBash"],"picked":"SashWhip","floor":2},{"not_picked":["CrushJoints","MasterReality"],"picked":"Meditate","floor":2},{"not_picked":["SignatureMove","FlurryOfBlows"],"picked":"Vengeance","floor":3},{"not_picked":["Wireheading","Replay:AtTheReady"],"picked":"Protect","floor":6},{"not_picked":["Consecrate","JustLucky"],"picked":"EmptyBody","floor":7},{"not_picked":["Prostrate","FlurryOfBlows"],"picked":"WheelKick","floor":8},{"not_picked":["InnerPeace","Meditate"],"picked":"Replay:ManipulateFuture","floor":12},{"not_picked":["Conclude","ThirdEye"],"picked":"ReachHeaven","floor":14},{"not_picked":["Ragnarok","Replay:LoomingThreat"],"picked":"LessonLearned","floor":16},{"not_picked":["EmptyBody+1","FlyingSleeves"],"picked":"Conclude+1","floor":18},{"not_picked":["CutThroughFate","DeceiveReality"],"picked":"FollowUp","floor":21},{"not_picked":["Collect","Replay:AtTheReady"],"picked":"Prostrate","floor":24},{"not_picked":["Nirvana","Halt"],"picked":"Crescendo","floor":27},{"not_picked":["FollowUp","Wireheading"],"picked":"Indignation","floor":30},{"not_picked":["Wallop","Protect"],"picked":"ClearTheMind","floor":31},{"not_picked":["Wish","Replay:AllIn"],"picked":"SpiritShield","floor":33},{"not_picked":["SignatureMove+1","EmptyBody+1"],"picked":"ReachHeaven","floor":35},{"not_picked":["ForeignInfluence+1","EmptyMind+1"],"picked":"Perseverance","floor":37},{"not_picked":["Pray+1","SashWhip+1"],"picked":"EmptyFist","floor":38}],"player_experience":560724,"relics_obtained":[{"floor":2,"key":"Blue Doll"},{"floor":6,"key":"Whetstone"},{"floor":8,"key":"TungstenRod"},{"floor":9,"key":"Meat on the Bone"},{"floor":14,"key":"Pen Nib"},{"floor":24,"key":"infinitespire:Golems Mask"},{"floor":24,"key":"Replay:Bottled Snecko"},{"floor":26,"key":"infinitespire:PuzzleCube"},{"floor":27,"key":"Thread and Needle"},{"floor":27,"key":"Ancient Tea Set"},{"floor":30,"key":"Turnip"},{"floor":30,"key":"Durian"},{"floor":31,"key":"Red Mask"},{"floor":39,"key":"Ginger"}],"event_choices":[{"damage_healed":0,"gold_gain":0,"player_choice":"Trade","damage_taken":0,"relics_obtained":["SsserpentHead"],"max_hp_gain":0,"max_hp_loss":0,"event_name":"FaceTrader","floor":5,"gold_loss":0},{"damage_healed":0,"gold_gain":0,"player_choice":"Forge","damage_taken":0,"max_hp_gain":0,"max_hp_loss":0,"event_name":"Accursed Blacksmith","floor":10,"gold_loss":0,"cards_upgraded":["Meditate"]},{"damage_healed":0,"gold_gain":0,"player_choice":"","damage_taken":6,"max_hp_gain":0,"max_hp_loss":0,"event_name":"Knowing Skull","floor":19,"potions_obtained":[],"gold_loss":0,"cards_obtained":[]},{"damage_healed":0,"gold_gain":0,"player_choice":"Shed Blood","damage_taken":18,"max_hp_gain":5,"max_hp_loss":0,"event_name":"Forgotten Altar","floor":22,"gold_loss":0},{"damage_healed":0,"gold_gain":0,"cards_transformed":["Defend_P","Strike_P"],"player_choice":"Became Test Subject","damage_taken":0,"max_hp_gain":0,"max_hp_loss":0,"event_name":"Drug Dealer","floor":29,"gold_loss":0,"cards_obtained":["EmptyMind","Pray"]},{"damage_healed":0,"gold_gain":0,"player_choice":"Fought Bandits","damage_taken":0,"max_hp_gain":0,"max_hp_loss":0,"event_name":"Masked Bandits","floor":31,"gold_loss":0},{"damage_healed":0,"gold_gain":0,"player_choice":"Fight","damage_taken":0,"max_hp_gain":0,"max_hp_loss":0,"event_name":"Mysterious Sphere","floor":39,"gold_loss":0}],"is_beta":false,"boss_relics":[{"not_picked":["Kintsugi","Cursed Key"],"picked":"Black Star"},{"not_picked":["Pandora\u0027s Box","Sozu"],"picked":"Replay:Bronze Core"}],"items_purged_floors":[4,13,28,36],"is_endless":false,"potions_floor_spawned":[3,6,12,16,18,27,31,37,38],"killed_by":"Nightmare","ascension_level":4}}