{"host":"dhyczjm99amxd3qx","time":1609388186,"event":{"mods":["BaseMod","Colored Map","Googly Eyes","Highlight Path","Minty Spire (QoL Compilation)","Quick Restart","StSLib"],"gold_per_floor":[112,122,133,147,161,192,208,208,261,261,294,310,339,352,352,451,451,469,484,254,264,277,277,277,277],"floor_reached":24,"playtime":2187,"items_purged":["Strike_R"],"score":336,"play_id":"4cdf94b2-e179-4c0c-ab02-3f5760d27791","local_time":"20201230231626","is_ascension_mode":true,"campfire_choices":[{"data":"Bludgeon","floor":8,"key":"SMITH"},{"data":"Metallicize","floor":10,"key":"SMITH"},{"data":"Metallicize","floor":15,"key":"SMITH"},{"data":"Corruption","floor":23,"key":"SMITH"}],"circlet_count":0,"master_deck":["Strike_R","Strike_R","Strike_R","Strike_R","Defend_R","Defend_R","Defend_R","Defend_R","Bash","Dropkick","Metallicize+1","Metallicize+1","Bludgeon+1","Shrug It Off","Thunderclap","Battle Trance","Corruption+1","Inflame"],"relics":["Black Blood","Sundial","PreservedInsect","Pen Nib","Molten Egg 2","Anchor"],"acts_visited":["Exordium","TheCity"],"potions_floor_usage":[1,6,6,21],"damage_taken":[{"damage":6,"enemies":"Cultist","floor":1,"turns":3},{"damage":9,"enemies":"Jaw Worm","floor":2,"turns":5},{"damage":5,"enemies":"2 Louse","floor":3,"turns":3},{"damage":24,"enemies":"Lots of Slimes","floor":4,"turns":6},{"damage":10,"enemies":"3 Louse","floor":5,"turns":8},{"damage":10,"enemies":"Lagavulin","floor":6,"turns":8},{"damage":7,"enemies":"Large Slime","floor":7,"turns":8},{"damage":8,"enemies":"3 Sentries","floor":11,"turns":9},{"damage":12,"enemies":"Red Slaver","floor":12,"turns":3},{"damage":0,"enemies":"Gremlin Nob","floor":13,"turns":2},{"damage":0,"enemies":"Blue Slaver","floor":14,"turns":5},{"damage":28,"enemies":"The Guardian","floor":16,"turns":9},{"damage":35,"enemies":"3 Byrds","floor":18,"turns":9},{"damage":10,"enemies":"Chosen","floor":19,"turns":6},{"damage":21,"enemies":"Shelled Parasite and Fungi","floor":21,"turns":7},{"damage":11,"enemies":"Snake Plant","floor":22,"turns":4},{"damage":54,"enemies":"Book of Stabbing","floor":24,"turns":7}],"seed_played":"-8468573720123796954","potions_obtained":[{"floor":1,"key":"Fruit Juice"},{"floor":2,"key":"EssenceOfSteel"},{"floor":4,"key":"PowerPotion"},{"floor":12,"key":"SpeedPotion"},{"floor":13,"key":"DuplicationPotion"},{"floor":16,"key":"Strength Potion"},{"floor":21,"key":"SmokeBomb"}],"is_trial":false,"path_per_floor":["M","M","M","M","M","E","M","R","T","R","E","M","E","M","R","B",null,"M","M","$","M","M","R","E"],"character_chosen":"IRONCLAD","items_purchased":["Anchor"],"campfire_rested":0,"item_purchase_floors":[20],"current_hp_per_floor":[85,82,83,65,61,57,56,56,56,56,54,48,54,60,60,38,79,56,58,58,49,50,50,0,0],"gold":277,"neow_bonus":"TEN_PERCENT_HP_BONUS","is_daily":false,"chose_seed":false,"campfire_upgraded":4,"win_rate":0.0,"timestamp":1609388186,"path_taken":["M","?","M","M","M","E","M","R","T","R","E","?","E","M","R","BOSS","M","M","$","M","M","R","E"],"items_purchased_type":["Relic"],"build_version":"2020-12-22","purchased_purges":1,"victory":false,"max_hp_per_floor":[93,93,93,93,93,93,93,93,93,93,93,93,93,93,93,93,93,93,93,93,93,93,93,93,93],"card_choices":[{"not_picked":["Headbutt","Pommel Strike"],"picked":"Dropkick","floor":1},{"not_picked":["Wild Strike","Combust","Perfected Strike"],"picked":"SKIP","floor":2},{"not_picked":["Dark Embrace","Wild Strike"],"picked":"Metallicize","floor":3},{"not_picked":["Havoc","Warcry"],"picked":"Metallicize","floor":4},{"not_picked":["Limit Break","Warcry","Havoc"],"picked":"SKIP","floor":5},{"not_picked":["True Grit","Headbutt"],"picked":"Bludgeon","floor":6},{"not_picked":["Anger","Perfected Strike"],"picked":"Shrug It Off","floor":7},{"not_picked":["Pommel Strike","Barricade"],"picked":"Thunderclap","floor":11},{"not_picked":["Headbutt","Cleave","Perfected Strike"],"picked":"SKIP","floor":12},{"not_picked":["Perfected Strike+1","Headbutt+1"],"picked":"Battle Trance","floor":13},{"not_picked":["Cleave+1","Clothesline+1","True Grit"],"picked":"SKIP","floor":14},{"not_picked":["Limit Break","Barricade"],"picked":"Corruption","floor":16},{"not_picked":["Warcry","True Grit","Perfected Strike+1"],"picked":"SKIP","floor":18},{"not_picked":["Havoc","Entrench+1","Second Wind"],"picked":"SKIP","floor":19},{"not_picked":["Sword Boomerang+1","Entrench","Rampage+1"],"picked":"SKIP","floor":21},{"not_picked":["Hemokinesis+1","Fiend Fire+1"],"picked":"Inflame","floor":22}],"player_experience":243674,"relics_obtained":[{"floor":6,"key":"Sundial"},{"floor":9,"key":"PreservedInsect"},{"floor":11,"key":"Pen Nib"},{"floor":13,"key":"Molten Egg 2"}],"event_choices":[],"is_beta":false,"boss_relics":[{"not_picked":["SacredBark","Black Star"],"picked":"Black Blood"}],"items_purged_floors":[20],"is_endless":false,"potions_floor_spawned":[1,2,4,12,13,16,18,19,21],"killed_by":"Book of Stabbing","ascension_level":7}}