{"host":"52m1o8iwwagurbjs","time":1609458208,"event":{"mods":["AchievementEnabler","BaseMod","Bestiary","Colored Powertips","GifTheSpireLib","Minty Spire (QoL Compilation)","Quick Restart","RNG Fix","Relic Stats","StSLib"],"gold_per_floor":[115,130,49,65,120,120,147,147,147,172,28,28,28,53,53,126,126,141,141,66,81,97,132,23,51,51,51,67,18,18,44,44,44,44,55,55,55,32,49,49,74,126,201,201,62,96,96,96,96,96,96],"floor_reached":50,"playtime":1564,"items_purged":["Strike_R","Normality"],"score":978,"play_id":"9072f1cf-28ce-4623-a7bb-7ef3fb5e6222","local_time":"20201231184328","is_ascension_mode":true,"campfire_choices":[{"data":"Uppercut","floor":6.0,"key":"SMITH"},{"data":"Immolate","floor":8.0,"key":"SMITH"},{"data":"Intimidate","floor":12.0,"key":"SMITH"},{"data":"Battle Trance","floor":15.0,"key":"SMITH"},{"data":"Entrench","floor":27.0,"key":"SMITH"},{"data":"Thunderclap","floor":30.0,"key":"SMITH"},{"data":"Inflame","floor":32.0,"key":"SMITH"},{"data":"Limit Break","floor":40.0,"key":"SMITH"},{"data":"Metallicize","floor":47,"key":"SMITH"},{"data":"True Grit","floor":49,"key":"SMITH"}],"circlet_count":0,"master_deck":["AscendersBane","Strike_R","Defend_R","Defend_R","Defend_R","Defend_R","Bash","Twin Strike","Uppercut+1","Battle Trance+1","Sword Boomerang","Immolate+1","Intimidate+1","Metallicize+1","Shrug It Off","Impervious","Thunderclap+1","Wild Strike","Shrug It Off","Entrench+1","Inflame+1","Intimidate","Limit Break+1","Body Slam+1","True Grit+1","Spot Weakness","Dual Wield+1"],"relics":["Burning Blood","Bag of Marbles","StoneCalendar","Pear","Centennial Puzzle","Cursed Key","PreservedInsect","Akabeko","Meat on the Bone","Coffee Dripper","HornCleat","Incense Burner","Blue Candle","Dead Branch"],"acts_visited":["Exordium","TheCity","TheBeyond"],"potions_floor_usage":[50],"damage_taken":[{"damage":6.0,"enemies":"2 Louse","floor":1.0,"turns":4.0},{"damage":0.0,"enemies":"Small Slimes","floor":2.0,"turns":3.0},{"damage":16.0,"enemies":"Jaw Worm","floor":4.0,"turns":4.0},{"damage":40.0,"enemies":"Lagavulin","floor":7.0,"turns":6.0},{"damage":10.0,"enemies":"3 Sentries","floor":10.0,"turns":3.0},{"damage":22.0,"enemies":"Lagavulin","floor":14.0,"turns":5.0},{"damage":49.0,"enemies":"Hexaghost","floor":16.0,"turns":8.0},{"damage":14.0,"enemies":"Spheric Guardian","floor":18.0,"turns":4.0},{"damage":11.0,"enemies":"Shell Parasite","floor":21.0,"turns":5.0},{"damage":18.0,"enemies":"Sentry and Sphere","floor":22.0,"turns":4.0},{"damage":12.0,"enemies":"Slavers","floor":23.0,"turns":4.0},{"damage":19.0,"enemies":"Book of Stabbing","floor":25.0,"turns":4.0},{"damage":0.0,"enemies":"Cultist and Chosen","floor":28.0,"turns":3.0},{"damage":0.0,"enemies":"Slavers","floor":31.0,"turns":1.0},{"damage":77.0,"enemies":"Automaton","floor":33.0,"turns":8.0},{"damage":0.0,"enemies":"3 Shapes","floor":35.0,"turns":5.0},{"damage":0.0,"enemies":"Orb Walker","floor":39.0,"turns":3.0},{"damage":47.0,"enemies":"Reptomancer","floor":41.0,"turns":7.0},{"damage":12,"enemies":"2 Orb Walkers","floor":42,"turns":3},{"damage":17,"enemies":"Giant Head","floor":46,"turns":7},{"damage":69,"enemies":"Awakened One","floor":50,"turns":8}],"seed_played":"8871084510139476075","potions_obtained":[{"floor":1.0,"key":"FearPotion"},{"floor":2.0,"key":"ColorlessPotion"},{"floor":4.0,"key":"Ancient Potion"},{"floor":22.0,"key":"Block Potion"},{"floor":23.0,"key":"DistilledChaos"},{"floor":25.0,"key":"FairyPotion"},{"floor":35.0,"key":"Weak Potion"},{"floor":42,"key":"Fire Potion"}],"is_trial":false,"path_per_floor":["M","M","$","M","?","R","E","R","T","E","$","R","?","E","R","B",null,"M","?","?","M","M","E","$","E","T","R","M","$","R","E","R","B",null,"M","?","?","$","M","R","E","?","T","?","$","E","R","?","R","B"],"character_chosen":"IRONCLAD","items_purchased":["Battle Trance","Intimidate","Metallicize","Inflame","Block Potion","True Grit","Spot Weakness"],"campfire_rested":0,"item_purchase_floors":[3,11,11,24,29,38,45],"current_hp_per_floor":[80,86,86,76,76,76,42,42,42,48,48,48,80,64,64,21,79,71,71,71,66,54,48,48,35,35,35,41,41,41,47,47,47,85,91,91,91,91,93,93,64,58,58,58,58,59,59,59,59,0,0],"gold":96,"neow_bonus":"TEN_PERCENT_HP_BONUS","is_daily":false,"chose_seed":false,"campfire_upgraded":10,"win_rate":0.0,"timestamp":1609458208,"path_taken":["M","M","$","M","?","R","E","R","T","E","?","R","?","E","R","BOSS","M","?","?","M","M","E","$","E","T","R","M","?","R","E","R","BOSS","M","?","?","$","?","R","E","?","T","?","$","E","R","?","R","BOSS"],"items_purchased_type":["Card","Card","Card","Card","Potion","Card","Card"],"build_version":"2020-12-22","purchased_purges":2,"victory":false,"max_hp_per_floor":[88,88,88,88,88,88,88,88,88,98,98,98,98,98,98,98,98,98,98,98,98,98,98,98,98,98,98,98,98,98,98,98,98,98,98,98,93,93,93,93,93,93,93,93,93,93,93,93,93,93,93],"relic_stats":{"Centennial Puzzle":[33],"counters":[21,99],"Blue Candle":[0],"Dead Branch":[5],"StoneCalendar":[156],"PreservedInsect":277,"Cursed Key":1,"obtain_stats":[{"Pear":10,"Blue Candle":43,"Dead Branch":46,"StoneCalendar":9,"PreservedInsect":23,"Incense Burner":42,"Cursed Key":17,"Burning Blood":0,"Akabeko":25,"Centennial Puzzle":14,"HornCleat":41,"Bag of Marbles":7,"Coffee Dripper":34,"Meat on the Bone":31},{"Pear":5,"Blue Candle":19,"Dead Branch":20,"StoneCalendar":4,"PreservedInsect":11,"Incense Burner":19,"Cursed Key":7,"Burning Blood":0,"Akabeko":12,"Centennial Puzzle":6,"HornCleat":18,"Bag of Marbles":4,"Coffee Dripper":15,"Meat on the Bone":14},{"Pear":20,"Blue Candle":84,"Dead Branch":91,"StoneCalendar":17,"PreservedInsect":50,"Incense Burner":84,"Cursed Key":33,"Burning Blood":0,"Akabeko":54,"Centennial Puzzle":25,"HornCleat":81,"Bag of Marbles":17,"Coffee Dripper":66,"Meat on the Bone":58}],"Burning Blood":116,"Meat on the Bone":36},"card_choices":[{"not_picked":["Flex","Wild Strike"],"picked":"Twin Strike","floor":1.0},{"not_picked":["Iron Wave","Cleave"],"picked":"Uppercut","floor":2.0},{"not_picked":["Flex","Bloodletting"],"picked":"Sword Boomerang","floor":4.0},{"not_picked":["Body Slam","Uppercut"],"picked":"Immolate","floor":7.0},{"not_picked":["Warcry","Armaments","Juggernaut"],"picked":"SKIP","floor":10.0},{"not_picked":["Searing Blow","Headbutt"],"picked":"Shrug It Off","floor":14.0},{"not_picked":["Demon Form","Immolate"],"picked":"Impervious","floor":16.0},{"not_picked":["Pommel Strike+1","Warcry","Seeing Red"],"picked":"SKIP","floor":18.0},{"not_picked":["Anger","Flex"],"picked":"Shrug It Off","floor":21.0},{"not_picked":["Sword Boomerang","Warcry","Iron Wave"],"picked":"SKIP","floor":22.0},{"not_picked":["Metallicize","Heavy Blade"],"picked":"Entrench","floor":23.0},{"not_picked":["Power Through","Sword Boomerang"],"picked":"Intimidate","floor":25.0},{"not_picked":["Flex","Juggernaut","Thunderclap"],"picked":"SKIP","floor":28.0},{"not_picked":["Infernal Blade","Sword Boomerang","Clash"],"picked":"SKIP","floor":31.0},{"not_picked":["Immolate","Corruption"],"picked":"Limit Break","floor":33.0},{"not_picked":["Clothesline","Entrench"],"picked":"Body Slam+1","floor":35.0},{"not_picked":["Chrysalis","Swift Strike"],"picked":"Purity","floor":36.0},{"not_picked":["Bloodletting","Twin Strike+1","Carnage"],"picked":"SKIP","floor":39.0},{"not_picked":["Heavy Blade","Sword Boomerang","Anger"],"picked":"SKIP","floor":41.0},{"not_picked":["Exhume","Sever Soul"],"picked":"Dual Wield+1","floor":46}],"player_experience":1069499,"relics_obtained":[{"floor":7.0,"key":"Bag of Marbles"},{"floor":9.0,"key":"StoneCalendar"},{"floor":10.0,"key":"Pear"},{"floor":14.0,"key":"Centennial Puzzle"},{"floor":23.0,"key":"PreservedInsect"},{"floor":25.0,"key":"Akabeko"},{"floor":31.0,"key":"Meat on the Bone"},{"floor":41.0,"key":"HornCleat"},{"floor":42,"key":"Incense Burner"},{"floor":43,"key":"Blue Candle"},{"floor":46,"key":"Dead Branch"}],"event_choices":[{"damage_healed":0.0,"max_hp_gain":0.0,"max_hp_loss":0.0,"gold_gain":55.0,"event_name":"Golden Wing","player_choice":"Gained Gold","floor":5.0,"gold_loss":0.0,"damage_taken":0.0},{"damage_healed":32.0,"max_hp_gain":0.0,"max_hp_loss":0.0,"gold_gain":0.0,"event_name":"Big Fish","player_choice":"Banana","floor":13.0,"gold_loss":0.0,"damage_taken":0.0},{"damage_healed":0.0,"max_hp_gain":0.0,"max_hp_loss":0.0,"gold_gain":0.0,"cards_transformed":["Strike_R","Strike_R"],"event_name":"Drug Dealer","player_choice":"Became Test Subject","floor":19.0,"gold_loss":0.0,"damage_taken":0.0,"cards_obtained":["Thunderclap","Wild Strike"]},{"cards_removed":["Strike_R"],"damage_healed":0.0,"max_hp_gain":0.0,"max_hp_loss":0.0,"gold_gain":0.0,"event_name":"Beggar","player_choice":"Gave Gold","floor":20.0,"gold_loss":75.0,"damage_taken":0.0},{"damage_healed":0.0,"max_hp_gain":0.0,"max_hp_loss":0.0,"gold_gain":0.0,"event_name":"SensoryStone","player_choice":"Memory 1","floor":36.0,"gold_loss":0.0,"damage_taken":0.0},{"damage_healed":0.0,"max_hp_gain":0.0,"max_hp_loss":5.0,"gold_gain":0.0,"event_name":"Winding Halls","player_choice":"Max HP","floor":37.0,"gold_loss":0.0,"damage_taken":0.0},{"damage_healed":0,"gold_gain":0,"player_choice":"Fight","damage_taken":0,"max_hp_gain":0,"max_hp_loss":0,"event_name":"Mysterious Sphere","floor":42,"gold_loss":0},{"damage_healed":0,"gold_gain":0,"player_choice":"Ignored","damage_taken":0,"max_hp_gain":0,"max_hp_loss":0,"event_name":"Tomb of Lord Red Mask","floor":44,"gold_loss":0},{"cards_removed":["Purity"],"damage_healed":0,"gold_gain":0,"player_choice":"Removed Skill","damage_taken":0,"max_hp_gain":0,"max_hp_loss":0,"event_name":"Falling","floor":48,"gold_loss":0}],"is_beta":false,"boss_relics":[{"not_picked":["SacredBark","Ectoplasm"],"picked":"Cursed Key"},{"not_picked":["Philosopher\u0027s Stone","Runic Cube"],"picked":"Coffee Dripper"}],"items_purged_floors":[24,45],"is_endless":false,"potions_floor_spawned":[1,2,4,22,23,25,35,42],"killed_by":"Awakened One","ascension_level":13}}