{"host":"dcj2yvrgcvh5dl2s","time":1609404571,"event":{"mods":["BaseMod","Better Note","Block Reminder","Colored Powertips","DeckTracker","Minty Spire (QoL Compilation)","Quick Restart","Rare Cards Sparkle","Relic Stats","StSLib"],"gold_per_floor":[118,118,129,51,51,86,11,11,11,21,21,21,31,31,31],"floor_reached":14,"playtime":331,"items_purged":["Strike_R"],"score":215,"play_id":"ef5d2c04-8136-4098-970a-ce82246ff4a5","local_time":"20201231184931","is_ascension_mode":true,"campfire_choices":[{"data":"Armaments","floor":8,"key":"SMITH"}],"circlet_count":0,"master_deck":["AscendersBane","Strike_R","Strike_R","Strike_R","Strike_R","Defend_R","Defend_R","Defend_R","Defend_R","Bash","Armaments+1","Shrug It Off","Limit Break+1","Shrug It Off","Cleave"],"relics":["Burning Blood","NeowsBlessing","Lantern","Toy Ornithopter","Calipers"],"acts_visited":["Exordium"],"potions_floor_usage":[13,14],"damage_taken":[{"damage":0,"enemies":"Small Slimes","floor":1,"turns":1},{"damage":0,"enemies":"Jaw Worm","floor":3,"turns":1},{"damage":0,"enemies":"Lagavulin","floor":6,"turns":1},{"damage":6,"enemies":"2 Louse","floor":10,"turns":3},{"damage":70,"enemies":"Exordium Wildlife","floor":13,"turns":12},{"damage":17,"enemies":"3 Sentries","floor":14,"turns":5}],"seed_played":"6969513520007536965","potions_obtained":[{"floor":3,"key":"SkillPotion"},{"floor":13,"key":"Energy Potion"}],"is_trial":false,"path_per_floor":["M","?","M","$","?","E","$","R","T","M","$","?","M","E"],"character_chosen":"IRONCLAD","items_purchased":["Limit Break"],"campfire_rested":0,"item_purchase_floors":[4],"current_hp_per_floor":[74,74,75,75,68,74,74,74,74,74,74,74,12,0,0],"gold":31,"neow_bonus":"THREE_ENEMY_KILL","is_daily":false,"chose_seed":false,"campfire_upgraded":1,"win_rate":0.0,"timestamp":1609404571,"path_taken":["M","?","M","$","?","E","$","R","T","M","$","?","?","E"],"items_purchased_type":["Card"],"build_version":"2020-12-22","purchased_purges":1,"victory":false,"max_hp_per_floor":[75,75,75,75,75,75,75,75,75,75,75,75,75,75,75],"relic_stats":{"counters":[6,23],"obtain_stats":[{"Lantern":2,"Calipers":9,"NeowsBlessing":0,"Burning Blood":0,"Toy Ornithopter":6},{"Lantern":1,"Calipers":3,"NeowsBlessing":0,"Burning Blood":0,"Toy Ornithopter":3},{"Lantern":1,"Calipers":3,"NeowsBlessing":0,"Burning Blood":0,"Toy Ornithopter":3}],"Burning Blood":25,"Toy Ornithopter":7},"card_choices":[{"not_picked":["Wild Strike","Warcry"],"picked":"Armaments","floor":1},{"not_picked":["Shockwave","Dark Embrace"],"picked":"Shrug It Off","floor":3},{"not_picked":["Berserk","Dual Wield"],"picked":"Shrug It Off","floor":6},{"not_picked":["Evolve","Flame Barrier","Rupture"],"picked":"SKIP","floor":10},{"not_picked":["Warcry","True Grit"],"picked":"Cleave","floor":13}],"player_experience":2126677,"relics_obtained":[{"floor":6,"key":"Toy Ornithopter"},{"floor":9,"key":"Calipers"}],"event_choices":[{"damage_healed":0,"gold_gain":0,"player_choice":"Box","damage_taken":0,"relics_obtained":["Lantern"],"max_hp_gain":0,"max_hp_loss":0,"event_name":"Big Fish","floor":2,"gold_loss":0,"cards_obtained":["Regret"]},{"cards_removed":["Regret"],"damage_healed":0,"gold_gain":0,"player_choice":"Card Removal","damage_taken":7,"max_hp_gain":0,"max_hp_loss":0,"event_name":"Golden Wing","floor":5,"gold_loss":0},{"damage_healed":0,"gold_gain":0,"player_choice":"Grow","damage_taken":0,"max_hp_gain":0,"max_hp_loss":0,"event_name":"Living Wall","floor":12,"gold_loss":0,"cards_upgraded":["Limit Break"]}],"is_beta":false,"boss_relics":[],"items_purged_floors":[7],"is_endless":false,"potions_floor_spawned":[3,13],"killed_by":"3 Sentries","ascension_level":18}}