{"host":"3jjxuhjpio8e4zkv","time":1609384709,"event":{"mods":["BaseMod","Colored Map","Highlight Path","Minty Spire (QoL Compilation)","Permanent Neow","Relic Stats","StSLib"],"gold_per_floor":[113,130,130,130,147,147,225,258,258,273,30,42,377,389,389,463,463,476,494,198,218,218,252,252,283,359,394,411,235,267,282,282,358,358,368,368,421,162,162,192,192,204,231,231,231,266,266,266,266,266,266,266,266,2,29,29],"floor_reached":57,"playtime":2618,"items_purged":["Strike_G","Strike_G","Strike_G","Strike_G","Strike_G"],"score":2967,"play_id":"f29806e8-29df-4fa8-a479-4c7fbecb83f5","local_time":"20201230221829","is_ascension_mode":true,"campfire_choices":[{"data":"Blade Dance","floor":6.0,"key":"SMITH"},{"floor":15.0,"key":"REST"},{"floor":24.0,"key":"REST"},{"data":"Footwork","floor":32.0,"key":"SMITH"},{"data":"Wraith Form v2","floor":41.0,"key":"SMITH"},{"floor":45.0,"key":"RECALL"},{"data":"Accuracy","floor":47.0,"key":"SMITH"},{"data":"Neutralize","floor":49.0,"key":"SMITH"},{"data":"Blade Dance","floor":53.0,"key":"SMITH"}],"circlet_count":0,"master_deck":["AscendersBane","Defend_G","Defend_G","Defend_G","Defend_G","Defend_G","Survivor","Neutralize+1","Footwork+1","Blade Dance+1","Regret","Leg Sweep+1","PiercingWail","Blade Dance+1","Phantasmal Killer+1","PiercingWail","Decay","Terror","Accuracy+1","Backflip","Acrobatics","Backflip","Noxious Fumes","Wraith Form v2+1","Cloak And Dagger+1","Calculated Gamble","Dark Shackles","Flash of Steel","Deflect+1","Pain","Doubt","Accuracy+1","Well Laid Plans"],"relics":["Ring of the Serpent","Du-Vu Doll","Boot","Matryoshka","Happy Flower","Pantograph","Blood Vial","Bronze Scales","Paper Crane","Medical Kit","Old Coin","Membership Card","War Paint","Mercury Hourglass","Toy Ornithopter","Ninja Scroll","StrikeDummy","Lantern","Blue Candle","Cursed Key","Lizard Tail","Shuriken","Smiling Mask","Kunai","Gremlin Horn"],"acts_visited":["Exordium","TheCity","TheBeyond","TheEnding"],"potions_floor_usage":[56,56],"damage_taken":[{"damage":0.0,"enemies":"2 Louse","floor":1.0,"turns":3.0},{"damage":0.0,"enemies":"Jaw Worm","floor":2.0,"turns":5.0},{"damage":0.0,"enemies":"Cultist","floor":5.0,"turns":3.0},{"damage":10.0,"enemies":"Lagavulin","floor":8.0,"turns":8.0},{"damage":0.0,"enemies":"Red Slaver","floor":10.0,"turns":2.0},{"damage":10.0,"enemies":"Large Slime","floor":12.0,"turns":5.0},{"damage":22.0,"enemies":"Gremlin Nob","floor":13.0,"turns":4.0},{"damage":0.0,"enemies":"Looter","floor":14.0,"turns":1.0},{"damage":36.0,"enemies":"Slime Boss","floor":16.0,"turns":11.0},{"damage":11.0,"enemies":"2 Thieves","floor":18.0,"turns":4.0},{"damage":3.0,"enemies":"3 Byrds","floor":19.0,"turns":3.0},{"damage":6.0,"enemies":"Shelled Parasite and Fungi","floor":21.0,"turns":5.0},{"damage":24.0,"enemies":"Gremlin Leader","floor":23.0,"turns":10.0},{"damage":7.0,"enemies":"Book of Stabbing","floor":25.0,"turns":3.0},{"damage":9.0,"enemies":"Gremlin Leader","floor":27.0,"turns":5.0},{"damage":1.0,"enemies":"Snake Plant","floor":28.0,"turns":3.0},{"damage":0.0,"enemies":"Book of Stabbing","floor":30.0,"turns":4.0},{"damage":6.0,"enemies":"Snecko","floor":31.0,"turns":4.0},{"damage":10.0,"enemies":"Automaton","floor":33.0,"turns":6.0},{"damage":0.0,"enemies":"3 Shapes","floor":35.0,"turns":4.0},{"damage":17.0,"enemies":"2 Orb Walkers","floor":37.0,"turns":2.0},{"damage":4.0,"enemies":"Reptomancer","floor":40.0,"turns":5.0},{"damage":0.0,"enemies":"Orb Walker","floor":42.0,"turns":3.0},{"damage":15.0,"enemies":"Nemesis","floor":46.0,"turns":7.0},{"damage":37.0,"enemies":"Donu and Deca","floor":50.0,"turns":7.0},{"damage":39.0,"enemies":"Awakened One","floor":51.0,"turns":11.0},{"damage":10.0,"enemies":"Shield and Spear","floor":55.0,"turns":8.0},{"damage":61,"enemies":"The Heart","floor":56,"turns":9}],"seed_played":"6667286897007749023","potions_obtained":[{"floor":10.0,"key":"Strength Potion"},{"floor":13.0,"key":"BlessingOfTheForge"},{"floor":14.0,"key":"DuplicationPotion"},{"floor":16.0,"key":"Explosive Potion"},{"floor":18.0,"key":"Block Potion"},{"floor":23.0,"key":"EntropicBrew"},{"floor":33.0,"key":"Poison Potion"},{"floor":40.0,"key":"PowerPotion"}],"is_trial":false,"path_per_floor":["M","M","?","?","M","R","T","E","T","M","$","M","E","M","R","B",null,"M","M","$","M","?","E","R","E","T","E","M","$","E","M","R","B",null,"M","?","?","$","?","E","R","M","T","?","R","E","R","?","R","B","B",null,"R","$","E","B",null],"character_chosen":"THE_SILENT","items_purchased":["Medical Kit","Membership Card","War Paint","Lantern","AttackPotion","Shuriken","Dark Shackles","Kunai","Well Laid Plans","SpeedPotion"],"campfire_rested":2,"item_purchase_floors":[11,20,20,29,29,38,38,54,54,54],"current_hp_per_floor":[59,59,59,41,41,41,41,31,31,33,33,25,5,7,25,16,49,40,39,39,35,35,13,31,26,26,24,25,25,27,23,23,45,56,58,58,48,48,48,46,46,48,48,60,60,45,45,45,45,23,11,48,48,48,40,4],"gold":29,"neow_bonus":"ONE_RARE_RELIC","is_daily":false,"chose_seed":false,"campfire_upgraded":6,"win_rate":0.0,"timestamp":1609384709,"path_taken":["M","M","?","?","M","R","?","E","T","?","$","M","E","M","R","BOSS","M","M","$","M","?","E","R","E","T","E","M","$","E","M","R","BOSS","M","?","?","$","?","E","R","?","T","?","R","E","R","?","R","BOSS","BOSS","R","$","E","BOSS"],"items_purchased_type":["Relic","Relic","Relic","Relic","Potion","Relic","Card","Relic","Card","Potion"],"build_version":"2020-12-22","purchased_purges":5,"victory":true,"max_hp_per_floor":[60,60,60,60,60,60,60,60,60,60,60,60,60,60,60,60,60,60,60,60,60,60,60,60,60,60,60,60,60,60,60,60,60,60,60,60,60,60,60,60,60,60,60,60,60,60,60,60,60,60,60,60,60,60,60,60],"relic_stats":{"Happy Flower":[44],"Gremlin Horn":[0,0],"counters":[28,144],"Blue Candle":[19],"War Paint":["Phantasmal Killer","Leg Sweep"],"Boot":[53],"Medical Kit":[14],"Cursed Key":1,"Smiling Mask":38,"Mercury Hourglass":[281],"Blood Vial":46,"Lizard Tail":0,"Shuriken":[37],"Pantograph":106,"Bronze Scales":[519],"Kunai":[12],"obtain_stats":[{"Lantern":29,"Gremlin Horn":55,"Boot":3,"Cursed Key":34,"Smiling Mask":46,"Old Coin":13,"Blood Vial":8,"Lizard Tail":37,"Matryoshka":4,"Ninja Scroll":26,"Pantograph":7,"Kunai":54,"Ring of the Snake":0,"Happy Flower":7,"Blue Candle":30,"Paper Crane":9,"War Paint":20,"Medical Kit":11,"Mercury Hourglass":23,"Du-Vu Doll":0,"Shuriken":38,"Bronze Scales":9,"Membership Card":20,"StrikeDummy":27,"Ring of the Serpent":17,"Toy Ornithopter":25},{"Lantern":16,"Gremlin Horn":27,"Boot":2,"Cursed Key":19,"Smiling Mask":24,"Old Coin":7,"Blood Vial":4,"Lizard Tail":21,"Matryoshka":2,"Ninja Scroll":14,"Pantograph":3,"Kunai":26,"Ring of the Snake":0,"Happy Flower":3,"Blue Candle":17,"Paper Crane":4,"War Paint":11,"Medical Kit":5,"Mercury Hourglass":13,"Du-Vu Doll":0,"Shuriken":21,"Bronze Scales":4,"Membership Card":11,"StrikeDummy":15,"Ring of the Serpent":9,"Toy Ornithopter":14},{"Lantern":75,"Gremlin Horn":135,"Boot":8,"Cursed Key":88,"Smiling Mask":109,"Old Coin":30,"Blood Vial":19,"Lizard Tail":94,"Matryoshka":8,"Ninja Scroll":67,"Pantograph":11,"Kunai":127,"Ring of the Snake":0,"Happy Flower":11,"Blue Candle":79,"Paper Crane":19,"War Paint":49,"Medical Kit":21,"Mercury Hourglass":64,"Du-Vu Doll":0,"Shuriken":94,"Bronze Scales":19,"Membership Card":49,"StrikeDummy":72,"Ring of the Serpent":42,"Toy Ornithopter":67}],"Toy Ornithopter":20},"card_choices":[{"not_picked":["Quick Slash","Flying Knee"],"picked":"Footwork","floor":1.0},{"not_picked":["Deflect","Acrobatics"],"picked":"Blade Dance","floor":2.0},{"not_picked":["Dodge and Roll","Slice","Sucker Punch"],"picked":"SKIP","floor":5.0},{"not_picked":["Dodge and Roll","Catalyst"],"picked":"Leg Sweep","floor":8.0},{"not_picked":["Slice","Cloak And Dagger"],"picked":"PiercingWail","floor":10.0},{"not_picked":["Dodge and Roll","Bullet Time","Deflect"],"picked":"SKIP","floor":12.0},{"not_picked":["Flying Knee","Deflect"],"picked":"Blade Dance","floor":13.0},{"not_picked":["Prepared","Infinite Blades","Dodge and Roll"],"picked":"SKIP","floor":14.0},{"not_picked":["Malaise","Storm of Steel"],"picked":"Phantasmal Killer","floor":16.0},{"not_picked":["Dagger Throw","Endless Agony","Concentrate"],"picked":"SKIP","floor":18.0},{"not_picked":["All Out Attack","PiercingWail","Bouncing Flask"],"picked":"SKIP","floor":19.0},{"not_picked":["Quick Slash","Tactician+1"],"picked":"PiercingWail","floor":21.0},{"not_picked":["Adrenaline","Quick Slash"],"picked":"Terror","floor":23.0},{"not_picked":["Die Die Die","Flying Knee"],"picked":"Accuracy","floor":25.0},{"not_picked":["Deadly Poison+1","Flying Knee"],"picked":"Backflip","floor":27.0},{"not_picked":["Slice","Eviscerate"],"picked":"Acrobatics","floor":28.0},{"not_picked":["Deflect","Deadly Poison"],"picked":"Backflip","floor":30.0},{"not_picked":["Backflip","Dodge and Roll"],"picked":"Noxious Fumes","floor":31.0},{"not_picked":["Phantasmal Killer","Glass Knife"],"picked":"Wraith Form v2","floor":33.0},{"not_picked":["Heel Hook","Riddle With Holes+1"],"picked":"Cloak And Dagger+1","floor":35.0},{"not_picked":["Choke","Footwork"],"picked":"Calculated Gamble","floor":37.0},{"not_picked":["Mind Blast","Metamorphosis"],"picked":"Flash of Steel","floor":39.0},{"not_picked":["Tactician","Endless Agony","Outmaneuver+1"],"picked":"SKIP","floor":40.0},{"not_picked":["Tactician","Endless Agony","Outmaneuver+1"],"picked":"SKIP","floor":40.0},{"not_picked":["PiercingWail","Endless Agony"],"picked":"Deflect+1","floor":42.0},{"not_picked":["Unload","Blade Dance","Poisoned Stab"],"picked":"SKIP","floor":46.0},{"not_picked":["Setup","Corpse Explosion","Deadly Poison"],"picked":"SKIP","floor":55.0}],"player_experience":1148478,"relics_obtained":[{"floor":7.0,"key":"Happy Flower"},{"floor":7.0,"key":"Pantograph"},{"floor":8.0,"key":"Blood Vial"},{"floor":9.0,"key":"Bronze Scales"},{"floor":9.0,"key":"Paper Crane"},{"floor":13.0,"key":"Old Coin"},{"floor":23.0,"key":"Mercury Hourglass"},{"floor":25.0,"key":"Toy Ornithopter"},{"floor":26.0,"key":"Ninja Scroll"},{"floor":27.0,"key":"StrikeDummy"},{"floor":30.0,"key":"Blue Candle"},{"floor":37.0,"key":"Lizard Tail"},{"floor":46.0,"key":"Smiling Mask"},{"floor":55.0,"key":"Gremlin Horn"}],"event_choices":[{"damage_healed":0.0,"max_hp_gain":0.0,"max_hp_loss":0.0,"gold_gain":0.0,"event_name":"Big Fish","player_choice":"Box","floor":3.0,"gold_loss":0.0,"damage_taken":0.0,"relics_obtained":["Boot"],"cards_obtained":["Regret"]},{"damage_healed":0.0,"max_hp_gain":0.0,"max_hp_loss":0.0,"gold_gain":0.0,"event_name":"Scrap Ooze","player_choice":"Success","floor":4.0,"gold_loss":0.0,"damage_taken":18.0,"relics_obtained":["Matryoshka"]},{"damage_healed":0.0,"max_hp_gain":0.0,"max_hp_loss":0.0,"gold_gain":0.0,"event_name":"Forgotten Altar","player_choice":"Smashed Altar","floor":22.0,"gold_loss":0.0,"damage_taken":0.0,"cards_obtained":["Decay"]},{"damage_healed":0.0,"max_hp_gain":0.0,"max_hp_loss":0.0,"gold_gain":0.0,"event_name":"Tomb of Lord Red Mask","player_choice":"Ignored","floor":36.0,"gold_loss":0.0,"damage_taken":0.0},{"damage_healed":0.0,"max_hp_gain":0.0,"max_hp_loss":0.0,"gold_gain":0.0,"event_name":"Mysterious Sphere","player_choice":"Fight","floor":37.0,"gold_loss":0.0,"damage_taken":0.0},{"damage_healed":0.0,"max_hp_gain":0.0,"max_hp_loss":0.0,"gold_gain":0.0,"event_name":"SensoryStone","player_choice":"Memory 1","floor":39.0,"gold_loss":0.0,"damage_taken":0.0},{"damage_healed":12.0,"max_hp_gain":0.0,"max_hp_loss":0.0,"gold_gain":0.0,"event_name":"MindBloom","player_choice":"Heal","floor":44.0,"gold_loss":0.0,"damage_taken":0.0,"cards_obtained":["Doubt"]},{"damage_healed":0.0,"max_hp_gain":0.0,"max_hp_loss":0.0,"gold_gain":0.0,"event_name":"Duplicator","player_choice":"Copied","floor":48.0,"gold_loss":0.0,"damage_taken":0.0,"cards_obtained":["Accuracy"]}],"is_beta":false,"boss_relics":[{"not_picked":["Pandora\u0027s Box","Sozu"],"picked":"Ring of the Serpent"},{"not_picked":["SlaversCollar","Astrolabe"],"picked":"Cursed Key"}],"items_purged_floors":[11,20,29,38,54],"is_endless":false,"potions_floor_spawned":[10,13,14,16,18,19,21,23,33,40,46,55],"ascension_level":20}}