{"host":"s0kfl1iodzk7b7nq","time":1609398042,"event":{"mods":["Astrologer","BaseMod","CapriCore","Marisa£¨Ùöéë¡¡Øª×âÞÞ£©","Minty Spire (QoL Compilation)","StSLib","Waifu the Spire"],"gold_per_floor":[118,134,134,309,259,289,289,289,289,307,327,343,386,411,411,411,411],"floor_reached":16,"playtime":611,"items_purged":[],"score":137,"play_id":"508a4d49-5692-416c-855d-c8a117fda239","local_time":"20201231160042","is_ascension_mode":false,"campfire_choices":[{"floor":8,"key":"REST"},{"floor":15,"key":"REST"}],"circlet_count":0,"master_deck":["astrologer:Strike","astrologer:Strike","astrologer:Strike","astrologer:Defend","astrologer:Defend","astrologer:Defend","astrologer:Defend","astrologer:NorthStar","astrologer:TheFool","astrologer:FrozenStar+1","astrologer:SolarFlare+1","Doubt","astrologer:HeatDeath","astrologer:ShiningStar","astrologer:StarOfRegret","astrologer:TheHighPriestess","astrologer:Observe"],"relics":["astrologer:SkyMirror","NeowsBlessing","Potion Belt","Golden Idol","Matryoshka"],"acts_visited":["Exordium"],"potions_floor_usage":[13],"damage_taken":[{"damage":0,"enemies":"2 Louse","floor":1,"turns":1},{"damage":0,"enemies":"Small Slimes","floor":2,"turns":1},{"damage":0,"enemies":"3 Sentries","floor":6,"turns":1},{"damage":4,"enemies":"Cultist","floor":10,"turns":4},{"damage":14,"enemies":"Large Slime","floor":11,"turns":7},{"damage":0,"enemies":"Looter","floor":12,"turns":2},{"damage":16,"enemies":"Gremlin Nob","floor":13,"turns":3},{"damage":6,"enemies":"Exordium Thugs","floor":14,"turns":4},{"damage":31,"enemies":"Hexaghost","floor":16,"turns":8}],"seed_played":"-5439802804077395166","potions_obtained":[{"floor":6,"key":"GamblersBrew"},{"floor":11,"key":"DistilledChaos"},{"floor":13,"key":"DuplicationPotion"}],"is_trial":false,"path_per_floor":["M","M","?","?","?","E","?","R","T","M","M","M","E","M","R","B"],"character_chosen":"ASTROLOGER","items_purchased":[],"campfire_rested":2,"item_purchase_floors":[],"current_hp_per_floor":[70,70,56,56,56,56,39,60,60,56,42,42,26,20,41,10,10],"gold":411,"neow_bonus":"THREE_ENEMY_KILL","is_daily":false,"chose_seed":false,"campfire_upgraded":0,"win_rate":0.0,"timestamp":1609398042,"path_taken":["M","M","?","?","?","E","?","R","T","M","M","M","E","M","R","BOSS"],"items_purchased_type":[],"build_version":"2020-12-22","purchased_purges":0,"victory":false,"max_hp_per_floor":[70,70,70,70,70,70,70,70,70,70,70,70,70,70,70,70,70],"card_choices":[{"not_picked":["astrologer:Still","astrologer:Justice"],"picked":"astrologer:FrozenStar","floor":1},{"not_picked":["astrologer:CometStrike","astrologer:Still"],"picked":"astrologer:SolarFlare","floor":2},{"not_picked":["astrologer:Still","astrologer:Retelling"],"picked":"astrologer:HeatDeath","floor":6},{"not_picked":["astrologer:Stardust","astrologer:Moonlight"],"picked":"astrologer:ShiningStar","floor":10},{"not_picked":["astrologer:SpaceDust","astrologer:Stardust","astrologer:CrystalBall"],"picked":"SKIP","floor":11},{"not_picked":["astrologer:RejectReality","astrologer:Opposition"],"picked":"astrologer:StarOfRegret","floor":12},{"not_picked":["astrologer:ReadTheStars","astrologer:Moonlight"],"picked":"astrologer:TheHighPriestess","floor":13},{"not_picked":["astrologer:SolarFlare","astrologer:Moonlight"],"picked":"astrologer:Observe","floor":14}],"player_experience":245089,"relics_obtained":[{"floor":6,"key":"Potion Belt"},{"floor":13,"key":"Matryoshka"}],"event_choices":[{"damage_healed":0,"gold_gain":0,"player_choice":"Entered Light","damage_taken":14,"max_hp_gain":0,"max_hp_loss":0,"event_name":"Shining Light","floor":3,"gold_loss":0,"cards_upgraded":["astrologer:FrozenStar","astrologer:SolarFlare"]},{"damage_healed":0,"gold_gain":175,"player_choice":"AGREE","damage_taken":0,"max_hp_gain":0,"max_hp_loss":0,"event_name":"Liars Game","floor":4,"gold_loss":0,"cards_obtained":["Doubt"]},{"cards_removed":["astrologer:Strike"],"damage_healed":0,"gold_gain":0,"player_choice":"Card Removal","damage_taken":0,"max_hp_gain":0,"max_hp_loss":0,"event_name":"The Cleric","floor":5,"gold_loss":50},{"damage_healed":0,"gold_gain":0,"player_choice":"Take Damage","damage_taken":17,"relics_obtained":["Golden Idol"],"max_hp_gain":0,"max_hp_loss":0,"event_name":"Golden Idol","floor":7,"gold_loss":0}],"is_beta":false,"boss_relics":[],"items_purged_floors":[],"is_endless":false,"potions_floor_spawned":[6,11,13],"killed_by":"Hexaghost","ascension_level":0}}