{"host":"gzsdmyo07u314vug","time":1609393960,"event":{"mods":["2.2 Compatiblity","BaseMod","Downfall","GifTheSpireLib","Minty Spire (QoL Compilation)","Quick Restart","Rare Cards Sparkle","Relic Stats","Replay The Spire","Shop Mod","StSLib","The Bug Knight","The Construct","The Elementalist","The Servant 0.9.4","Unceasing Turn Reminder","everything is the same but u backflip on backflip","slay the spire mod where everything is the same but ironclad has a cowboy hat","vexMod"],"gold_per_floor":[99,116,91,104,204,204,259,58,58,76,92,103,103,120,133,133,133,133],"floor_reached":16,"playtime":894,"items_purged":[],"score":94,"play_id":"896f9531-b534-40f8-b763-62c30ba698b6","local_time":"20201231025240","is_ascension_mode":false,"campfire_choices":[{"data":"hexamod:WildfireWeapon","floor":1.0,"key":"SMITH"},{"data":"hexamod:HeatMetal","floor":6,"key":"SMITH"},{"data":"Apotheosis","floor":9,"key":"SMITH"}],"circlet_count":0,"master_deck":["hexamod:Strike","hexamod:Strike","hexamod:Strike","hexamod:Defend","hexamod:Defend","hexamod:Defend","hexamod:Defend","hexamod:Sear","hexamod:Float","Amnesia","hexamod:WildfireWeapon+1","hexamod:HeatMetal+1","hexamod:PhantomFireball","hexamod:HeatShield","Apotheosis+1","hexamod:BurningTouch","hexamod:ExtraCrispy","hexamod:Firestarter","hexamod:SoulSteal"],"relics":["hexamod:SpiritBrand","Replay:Wax Seal"],"acts_visited":[],"potions_floor_usage":[14,14,16,16],"damage_taken":[{"damage":5.0,"enemies":"Jaw Worm","floor":2.0,"turns":3.0},{"damage":0,"enemies":"2 Louse","floor":4,"turns":3},{"damage":10,"enemies":"downfall:FleeingMerchant","floor":8,"turns":4},{"damage":3,"enemies":"Cultist","floor":10,"turns":4},{"damage":4,"enemies":"Blue Slaver","floor":11,"turns":3},{"damage":1,"enemies":"2 Fungi Beasts","floor":12,"turns":3},{"damage":13,"enemies":"Exordium Thugs","floor":14,"turns":4},{"damage":12,"enemies":"Lots of Slimes","floor":15,"turns":4},{"damage":22,"enemies":"downfall:Defect","floor":16,"turns":6}],"seed_played":"7784857045768896820","potions_obtained":[{"floor":2.0,"key":"ColorlessPotion"},{"floor":11,"key":"ColorlessPotion"},{"floor":12,"key":"hexamod:EctoCoolerPotion"},{"floor":15,"key":"Block Potion"}],"is_trial":false,"path_per_floor":["R","M","?","M","?","R","T","$","R","M","M","M","?","M","M","B"],"character_chosen":"THE_SPIRIT","items_purchased":["Apotheosis"],"campfire_rested":0,"item_purchase_floors":[8],"current_hp_per_floor":[70,65,65,65,65,65,65,55,55,52,48,47,47,34,22,0,0,0],"gold":133,"neow_bonus":"THREE_RARE_CARDS","is_daily":false,"chose_seed":false,"campfire_upgraded":3,"win_rate":0.0,"timestamp":1609393960,"path_taken":["R","M","?","M","?","R","T","$","R","?","M","M","?","M","M","BOSS"],"items_purchased_type":["Card"],"build_version":"2020-12-22","purchased_purges":0,"victory":false,"max_hp_per_floor":[70,70,70,70,70,70,70,70,70,70,70,70,70,70,70,70,70,70],"relic_stats":{"counters":[9,34],"obtain_stats":[{"Replay:Wax Seal":7,"hexamod:SpiritBrand":0},{"Replay:Wax Seal":2,"hexamod:SpiritBrand":0},{"Replay:Wax Seal":6,"hexamod:SpiritBrand":0}]},"card_choices":[{"not_picked":["hexamod:VolcanoVisage","hexamod:EmpoweringStance"],"picked":"hexamod:WildfireWeapon","floor":0.0},{"not_picked":["hexamod:RetreatToShadows","hexamod:BurningTouch"],"picked":"hexamod:HeatMetal","floor":2.0},{"not_picked":["hexamod:SwordOfDarkness","hexamod:AdvancingGuard"],"picked":"hexamod:PhantomFireball","floor":4},{"not_picked":["hexamod:EtherealExpedition","hexamod:NightmareStrike"],"picked":"hexamod:HeatShield","floor":8},{"not_picked":["hexamod:Rewind","hexamod:HeatMetal","hexamod:SecondSeal"],"picked":"SKIP","floor":10},{"not_picked":["hexamod:GhostShield","hexamod:BacktrackSmack"],"picked":"hexamod:BurningTouch","floor":11},{"not_picked":["hexamod:Rewind","hexamod:RecurringNightmare"],"picked":"hexamod:ExtraCrispy","floor":12},{"not_picked":["hexamod:RainOfEmbers","hexamod:StepThrough"],"picked":"hexamod:Firestarter","floor":14},{"not_picked":["hexamod:Firestarter","hexamod:ShieldOfDarkness"],"picked":"hexamod:SoulSteal","floor":15}],"player_experience":614840,"relics_obtained":[{"floor":7,"key":"Replay:Wax Seal"}],"event_choices":[],"is_beta":false,"boss_relics":[],"items_purged_floors":[],"is_endless":false,"potions_floor_spawned":[2,11,12,15],"killed_by":"downfall:Defect","ascension_level":0}}