{"host":"rmsq46plbpwfbxcc","time":1609395930,"event":{"mods":["AchievementEnabler","BaseMod","Colored Map","Colored Powertips","DeckTracker","KOR Keyword Fix","Minty Spire (QoL Compilation)","Permanent Neow","SuperFastMode"],"gold_per_floor":[118,118,131,56,66,66,98,98,144,38,48,48,48,59,59,136,186,197,12,24,36,47,47,77,77,103,103,103],"floor_reached":27,"playtime":812,"items_purged":["Defend_G"],"score":454,"play_id":"c840c7df-3fc7-4fff-85df-90f94da36c17","local_time":"20201231152530","is_ascension_mode":true,"campfire_choices":[{"data":"Neutralize","floor":6,"key":"SMITH"},{"data":"Flechettes","floor":8,"key":"SMITH"},{"data":"Trip","floor":12,"key":"SMITH"},{"data":"Accuracy","floor":15,"key":"SMITH"},{"data":"Apotheosis","floor":23,"key":"SMITH"}],"circlet_count":0,"master_deck":["AscendersBane","Strike_G","Strike_G","Strike_G","Defend_G","Defend_G","Defend_G","Defend_G","Survivor","Neutralize+1","PiercingWail","Acrobatics","Backflip+1","Flechettes+1","Trip+1","Accuracy+1","PiercingWail","Storm of Steel","Choke","Blade Dance","Apotheosis+1","Terror","Shame"],"relics":["WristBlade","Happy Flower","Art of War","Tiny House","Toy Ornithopter","Centennial Puzzle","Lantern"],"acts_visited":["Exordium","TheCity"],"potions_floor_usage":[7,16,16,20,24],"damage_taken":[{"damage":7,"enemies":"Small Slimes","floor":1,"turns":4},{"damage":0,"enemies":"Cultist","floor":3,"turns":4},{"damage":0,"enemies":"2 Louse","floor":5,"turns":3},{"damage":25,"enemies":"3 Sentries","floor":7,"turns":14},{"damage":0,"enemies":"Blue Slaver","floor":11,"turns":3},{"damage":0,"enemies":"Looter","floor":14,"turns":3},{"damage":28,"enemies":"The Guardian","floor":16,"turns":14},{"damage":18,"enemies":"2 Thieves","floor":18,"turns":4},{"damage":0,"enemies":"3 Byrds","floor":20,"turns":5},{"damage":18,"enemies":"Snake Plant","floor":21,"turns":5},{"damage":1,"enemies":"Centurion and Healer","floor":22,"turns":5},{"damage":15,"enemies":"Book of Stabbing","floor":24,"turns":5},{"damage":9,"enemies":"Cultist and Chosen","floor":27,"turns":2}],"seed_played":"1425993856870357679","potions_obtained":[{"floor":1,"key":"FearPotion"},{"floor":3,"key":"GamblersBrew"},{"floor":7,"key":"Block Potion"},{"floor":11,"key":"Regen Potion"},{"floor":17,"key":"Energy Potion"},{"floor":18,"key":"Dexterity Potion"},{"floor":22,"key":"Weak Potion"}],"is_trial":false,"path_per_floor":["M","?","M","$","M","R","E","R","T","$","M","R","?","M","R","B",null,"M","$","M","M","M","R","E","?","T","M"],"character_chosen":"THE_SILENT","items_purchased":["Trip","Apotheosis"],"campfire_rested":0,"item_purchase_floors":[10,19],"current_hp_per_floor":[52,52,52,52,52,52,27,27,27,27,27,27,27,27,27,14,58,40,40,40,22,21,21,6,6,6,0,0],"gold":103,"neow_bonus":"BOSS_RELIC","is_daily":false,"chose_seed":false,"campfire_upgraded":5,"win_rate":0.0,"timestamp":1609395930,"path_taken":["M","?","?","$","M","R","E","R","T","$","M","R","?","M","R","BOSS","M","$","M","M","M","R","E","?","T","M"],"items_purchased_type":["Card","Card"],"build_version":"2020-12-22","purchased_purges":1,"victory":false,"max_hp_per_floor":[66,66,66,66,66,66,66,66,66,66,66,66,66,66,66,66,71,71,71,71,71,71,71,71,71,71,71,71],"card_choices":[{"not_picked":["Tactician","Bane"],"picked":"PiercingWail","floor":1},{"not_picked":["PiercingWail","Bane"],"picked":"Backflip","floor":3},{"not_picked":["Expertise","Eviscerate","Quick Slash"],"picked":"SKIP","floor":5},{"not_picked":["Skewer","Catalyst"],"picked":"Flechettes","floor":7},{"not_picked":["Dodge and Roll","Sucker Punch","Predator"],"picked":"SKIP","floor":11},{"not_picked":["Poisoned Stab","Venomology"],"picked":"PiercingWail","floor":14},{"not_picked":["Grand Finale","Doppelganger"],"picked":"Storm of Steel","floor":16},{"not_picked":["PiercingWail","Poisoned Stab"],"picked":"Choke","floor":17},{"not_picked":["Dagger Throw","Sucker Punch"],"picked":"Blade Dance","floor":18},{"not_picked":["Poisoned Stab","Riddle With Holes","Deadly Poison"],"picked":"SKIP","floor":20},{"not_picked":["Poisoned Stab","Predator+1"],"picked":"Terror","floor":21},{"not_picked":["Setup+1","Acrobatics","Predator"],"picked":"SKIP","floor":22},{"not_picked":["Dagger Throw","Backstab","Distraction"],"picked":"SKIP","floor":24}],"player_experience":1417062,"relics_obtained":[{"floor":7,"key":"Happy Flower"},{"floor":9,"key":"Art of War"},{"floor":24,"key":"Toy Ornithopter"},{"floor":26,"key":"Lantern"}],"event_choices":[{"damage_healed":0,"gold_gain":0,"cards_transformed":["Strike_G"],"player_choice":"Transformed","damage_taken":0,"max_hp_gain":0,"max_hp_loss":0,"event_name":"Transmorgrifier","floor":2,"gold_loss":0,"cards_obtained":["Acrobatics"]},{"damage_healed":0,"gold_gain":0,"cards_transformed":["Strike_G"],"player_choice":"Change","damage_taken":0,"max_hp_gain":0,"max_hp_loss":0,"event_name":"Living Wall","floor":13,"gold_loss":0,"cards_obtained":["Accuracy"]},{"damage_healed":0,"gold_gain":0,"player_choice":"Stole Relic","damage_taken":0,"relics_obtained":["Centennial Puzzle"],"max_hp_gain":0,"max_hp_loss":0,"event_name":"Addict","floor":25,"gold_loss":0,"cards_obtained":["Shame"]}],"is_beta":false,"boss_relics":[{"not_picked":["Busted Crown","Snecko Eye"],"picked":"Tiny House"}],"items_purged_floors":[4],"is_endless":false,"potions_floor_spawned":[1,3,7,11,18,22],"killed_by":"Cultist and Chosen","ascension_level":19}}