{"host":"bu0lvejwxlz725fi","time":1609437667,"event":{"mods":["AchievementEnabler","BaseMod","Downfall","Marisa????????","Minty Spire (QoL Compilation)","StSLib","The Disciple","The Hierophant","The Necromancer","The Senshi","The Servant 0.9.4"],"gold_per_floor":[119,131,142,181,34,34,93,93,93,141,185,185,241,299,299,299,299],"floor_reached":16,"playtime":1379,"items_purged":[],"score":164,"play_id":"bea2a711-2b4e-4803-9034-0ba81d518fd3","local_time":"20201231190107","is_ascension_mode":false,"campfire_choices":[{"data":"hierophant:Doomsaying","floor":6,"key":"SMITH"},{"data":"hierophant:DisplayOfPower","floor":8,"key":"SMITH"},{"floor":12,"key":"REST"},{"data":"hierophant:Zeal","floor":15,"key":"SMITH"}],"circlet_count":0,"master_deck":["hierophant:Strike_Hierophant","hierophant:Strike_Hierophant","hierophant:Strike_Hierophant","hierophant:Strike_Hierophant","hierophant:Punish","hierophant:Defend_Hierophant","hierophant:Defend_Hierophant+1","hierophant:Defend_Hierophant","hierophant:Defend_Hierophant","hierophant:ChurchCoffers+1","hierophant:DisplayOfPower+1","hierophant:Doomsaying+1","hierophant:RustyCrate","hierophant:Doubloon+1","hierophant:Doubloon+1","hierophant:MintersHammer","hierophant:Doubloon+1","hierophant:Remorse","hierophant:Zeal+1","hierophant:Doubloon+1","hierophant:Dazzle","hierophant:Encroach","hierophant:Smite","hierophant:RustyCrate","hierophant:Doubloon+1","hierophant:Doubloon+1"],"relics":["hierophant:PropheticMaskRelic","War Paint","Dream Catcher","Centennial Puzzle","Mercury Hourglass"],"acts_visited":["Exordium"],"potions_floor_usage":[7,16,16,16],"damage_taken":[{"damage":2,"enemies":"Cultist","floor":1,"turns":5},{"damage":0,"enemies":"Small Slimes","floor":2,"turns":4},{"damage":1,"enemies":"Jaw Worm","floor":3,"turns":3},{"damage":4,"enemies":"Exordium Wildlife","floor":4,"turns":3},{"damage":0,"enemies":"Gremlin Nob","floor":7,"turns":3},{"damage":6,"enemies":"2 Fungi Beasts","floor":10,"turns":3},{"damage":8,"enemies":"Lots of Slimes","floor":11,"turns":2},{"damage":2,"enemies":"Blue Slaver","floor":13,"turns":3},{"damage":4,"enemies":"3 Sentries","floor":14,"turns":3},{"damage":70,"enemies":"Hexaghost","floor":16,"turns":12}],"seed_played":"-6756637656477239956","potions_obtained":[{"floor":0,"key":"Explosive Potion"},{"floor":0,"key":"Block Potion"},{"floor":0,"key":"CultistPotion"},{"floor":4,"key":"ColorlessPotion"},{"floor":7,"key":"Fire Potion"}],"is_trial":false,"path_per_floor":["M","M","M","M","$","R","E","R","T","M","M","R","M","E","R","B"],"character_chosen":"HIEROPHANT","items_purchased":["War Paint"],"campfire_rested":1,"item_purchase_floors":[5],"current_hp_per_floor":[73,73,72,68,68,68,68,68,68,62,54,75,73,69,69,0,0],"gold":299,"neow_bonus":"THREE_SMALL_POTIONS","is_daily":false,"chose_seed":false,"campfire_upgraded":3,"win_rate":0.0,"timestamp":1609437667,"path_taken":["M","?","M","?","$","R","E","R","T","M","M","R","M","E","R","BOSS"],"items_purchased_type":["Relic"],"build_version":"2020-12-22","purchased_purges":0,"victory":false,"max_hp_per_floor":[75,75,75,75,75,75,75,75,75,75,75,75,75,75,75,75,75],"card_choices":[{"not_picked":["hierophant:Rebuild","hierophant:FlamingChariot"],"picked":"hierophant:DisplayOfPower","floor":1},{"not_picked":["hierophant:Generosity","hierophant:Remorse"],"picked":"hierophant:Doomsaying","floor":2},{"not_picked":["hierophant:OrnateBuckler","hierophant:Sermon"],"picked":"hierophant:RustyCrate","floor":3},{"not_picked":["hierophant:Doomsaying","hierophant:Charity"],"picked":"hierophant:MintersHammer","floor":4},{"not_picked":["hierophant:AuricBeam","hierophant:Bribe"],"picked":"hierophant:Remorse","floor":7},{"not_picked":["hierophant:Purify","hierophant:HammerAndAnvil"],"picked":"hierophant:Zeal","floor":10},{"not_picked":["hierophant:Martyrdom","hierophant:AuricBeam"],"picked":"hierophant:Dazzle","floor":11},{"not_picked":["hierophant:Purify","hierophant:ConvertCurrency"],"picked":"hierophant:Encroach","floor":12},{"not_picked":["hierophant:Upheaval","hierophant:Batter"],"picked":"hierophant:Smite","floor":13},{"not_picked":["hierophant:Bribe","hierophant:MorningPrayer"],"picked":"hierophant:RustyCrate","floor":14}],"player_experience":134509,"relics_obtained":[{"floor":7,"key":"Dream Catcher"},{"floor":9,"key":"Centennial Puzzle"},{"floor":14,"key":"Mercury Hourglass"}],"event_choices":[],"is_beta":false,"boss_relics":[],"items_purged_floors":[],"is_endless":false,"potions_floor_spawned":[3,4,7,10],"killed_by":"Hexaghost","ascension_level":0}}