{"host":"yi49lbnhh35mzi7n","time":1609393237,"event":{"mods":["BaseMod","Bestiary","BetterRewards","Colored Map","Conspire","Downfall","Googly Eyes","Hermit","Hubris","Infinite Spire","Minty Spire (QoL Compilation)","Quick Restart","Replay The Spire","StSLib","The Bladedancer","The Construct","The Jungle","The Necromancer","Yuri Mod"],"gold_per_floor":[111,131,149,162,179,179,192,192,192],"floor_reached":8,"playtime":247,"items_purged":[],"score":55,"play_id":"18b6a037-52fc-4ecb-a015-af1c0a2c660d","local_time":"20201231064037","is_ascension_mode":true,"campfire_choices":[{"data":"ReplayReversal","floor":6,"key":"SMITH"}],"circlet_count":0,"master_deck":["Strike_R","Strike_R","Strike_R","Strike_R","Strike_R","Defend_R","Defend_R","Defend_R","Defend_R","Bash","Power Through","ReplayReversal+1","True Grit","Cleave"],"relics":["Burning Blood","NeowsBlessing"],"acts_visited":["Exordium"],"potions_floor_usage":[4],"damage_taken":[{"damage":0,"enemies":"Cultist","floor":1,"turns":1},{"damage":0,"enemies":"2 Louse","floor":2,"turns":1},{"damage":0,"enemies":"Jaw Worm","floor":3,"turns":1},{"damage":0,"enemies":"2 Fungi Beasts","floor":4,"turns":4},{"damage":27,"enemies":"Gremlin Gang","floor":5,"turns":8},{"damage":4,"enemies":"Lots of Slimes","floor":7,"turns":4},{"damage":29,"enemies":"Lagavulin","floor":8,"turns":11}],"seed_played":"-8620126103541121826","potions_obtained":[{"floor":2,"key":"DistilledChaos"}],"is_trial":false,"path_per_floor":["M","M","M","M","M","R","M","E"],"character_chosen":"IRONCLAD","items_purchased":[],"campfire_rested":0,"item_purchase_floors":[],"current_hp_per_floor":[80,80,80,80,59,59,61,32,32],"gold":192,"neow_bonus":"THREE_ENEMY_KILL","is_daily":false,"chose_seed":false,"campfire_upgraded":1,"win_rate":0.0,"timestamp":1609393237,"path_taken":["M","M","?","M","M","R","M","E"],"items_purchased_type":[],"build_version":"2020-12-22","purchased_purges":0,"victory":false,"max_hp_per_floor":[80,80,80,80,80,80,80,80,80],"card_choices":[{"not_picked":["Havoc","Wild Strike","Warcry"],"picked":"SKIP","floor":1},{"not_picked":["Heavy Blade","Replay:Undeath\u0027s Touch"],"picked":"Power Through","floor":2},{"not_picked":["Thunderclap","Rupture"],"picked":"ReplayReversal","floor":3},{"not_picked":["Heavy Blade","ReplayTheSpireMod:Muscle Training","Second Wind"],"picked":"SKIP","floor":4},{"not_picked":["Flame Barrier","Heavy Blade"],"picked":"True Grit","floor":5},{"not_picked":["Clash","Warcry"],"picked":"Cleave","floor":7}],"player_experience":552743,"relics_obtained":[],"event_choices":[],"is_beta":false,"boss_relics":[],"items_purged_floors":[],"is_endless":false,"potions_floor_spawned":[2],"killed_by":"Lagavulin","ascension_level":1}}