{"host":"fmwbmnqnrup981we","time":1609415501,"event":{"mods":["AchievementEnabler","Act Like it!","BaseMod","Better Match","Better Note","Better Skull","Better Synergies","Better Third Choice","Better Vampires","Block Reminder","Curses Come First","Downfall","Duelist Mod","Elementarium","GungeonMod","HexUI Lib","HornydragonMod","Marked Mod","Minty Spire (QoL Compilation)","Pikachu Mod","Quick Restart","Relic Stats","SIMod","StSLib","The Bug Knight","The Death Knight","The Forsaken","The Marked","The Necromancer","The Runesmith","The Servant 0.9.4","The Wild Card","TheHero","TheVacant","TheVelvet","Transform Curses","Waifu the Spire","Yuri Mod","everything is the same but u backflip on backflip"],"gold_per_floor":[116,1,12,12,26,59,134,169,250,250,55,65,65,82,82,178,228,245,257,257,182,31,31,31,31],"floor_reached":24,"playtime":1252,"items_purged":["Defend_R"],"score":214,"play_id":"abad47f5-c120-4de0-bb18-ff5d689bf9b5","local_time":"20201231115141","is_ascension_mode":true,"campfire_choices":[{"floor":13,"key":"REST"},{"floor":15,"key":"REST"},{"floor":23,"key":"REST"}],"circlet_count":0,"master_deck":["Strike_R+1","Strike_R","Strike_R","Strike_R","Defend_R","Defend_R","Defend_R","Bash","Flex","Pommel Strike","Intimidate","Evolve","Apotheosis","Fire Breathing","Iron Wave","Juggernaut","Rage","Seeing Red","Metallicize"],"relics":["Burning Blood","DemoMod:GnawedKey","Champion Belt","DemoMod:MeltedRock","Pyrelight","Tiny House","betterThird:NestCultRelic"],"acts_visited":["Exordium","TheCity"],"potions_floor_usage":[16,16,24,24],"damage_taken":[{"damage":1,"enemies":"Cultist","floor":1,"turns":4},{"damage":3,"enemies":"Small Slimes","floor":3,"turns":3},{"damage":5,"enemies":"2 Louse","floor":5,"turns":2},{"damage":31,"enemies":"Lagavulin","floor":6,"turns":6},{"damage":22,"enemies":"HollowMod:MossKnight","floor":8,"turns":7},{"damage":4,"enemies":"Large Slime","floor":12,"turns":7},{"damage":24,"enemies":"Exordium Wildlife","floor":14,"turns":6},{"damage":35,"enemies":"Hexaghost","floor":16,"turns":10},{"damage":45,"enemies":"Spheric Guardian","floor":18,"turns":6},{"damage":18,"enemies":"Shell Parasite","floor":19,"turns":7},{"damage":65,"enemies":"Slavers","floor":24,"turns":4}],"seed_played":"-966980691958016595","potions_obtained":[{"floor":8,"key":"Guardian:BlockOnCardUsePotion"},{"floor":12,"key":"Fire Potion"},{"floor":14,"key":"DistilledChaos"},{"floor":17,"key":"SneckoOil"},{"floor":18,"key":"DeathKnight:RimePotion"}],"is_trial":false,"path_per_floor":["M","$","M","?","M","E","?","E","T","?","$","M","R","M","R","B",null,"M","M","?","?","$","R","E"],"character_chosen":"IRONCLAD","items_purchased":["DemoMod:GnawedKey","Apotheosis","Metallicize"],"campfire_rested":3,"item_purchase_floors":[2,11,22],"current_hp_per_floor":[80,80,80,80,80,55,44,28,28,28,28,30,54,36,60,31,85,46,34,34,34,34,59,0,0],"gold":31,"neow_bonus":"THREE_CARDS","is_daily":false,"chose_seed":false,"campfire_upgraded":0,"win_rate":0.0,"timestamp":1609415501,"path_taken":["M","?","?","?","M","E","?","E","T","?","$","M","R","M","R","BOSS","M","M","?","?","?","R","E"],"items_purchased_type":["Relic","Card","Card"],"build_version":"2020-12-22","purchased_purges":1,"victory":false,"max_hp_per_floor":[80,80,80,80,80,80,80,80,80,80,80,80,80,80,80,80,85,85,85,85,85,85,85,85,85],"relic_stats":{"counters":[11,62],"Champion Belt":[9],"obtain_stats":[{"Tiny House":17,"DemoMod:MeltedRock":8,"DemoMod:GlassGuonStoneRelic":8,"Pyrelight":10,"betterThird:NestCultRelic":20,"DemoMod:GnawedKey":2,"Champion Belt":6,"Burning Blood":0},{"Tiny House":8,"DemoMod:MeltedRock":5,"DemoMod:GlassGuonStoneRelic":5,"Pyrelight":5,"betterThird:NestCultRelic":10,"DemoMod:GnawedKey":1,"Champion Belt":4,"Burning Blood":0},{"Tiny House":45,"DemoMod:MeltedRock":22,"DemoMod:GlassGuonStoneRelic":22,"Pyrelight":22,"betterThird:NestCultRelic":58,"DemoMod:GnawedKey":4,"Champion Belt":15,"Burning Blood":0}],"Burning Blood":51},"card_choices":[{"not_picked":["Body Slam","Clothesline"],"picked":"Flex","floor":0},{"not_picked":["Perfected Strike","Havoc"],"picked":"Pommel Strike","floor":1},{"not_picked":["Warcry","Pommel Strike"],"picked":"Intimidate","floor":3},{"not_picked":["Carnage","Cleave","Exhume"],"picked":"SKIP","floor":5},{"not_picked":["Flame Barrier","Searing Blow"],"picked":"Evolve","floor":6},{"not_picked":["Second Wind","Clothesline","Blood for Blood"],"picked":"SKIP","floor":8},{"not_picked":["Sword Boomerang","Metallicize"],"picked":"Fire Breathing","floor":12},{"not_picked":["Havoc","Hemokinesis"],"picked":"Iron Wave","floor":14},{"not_picked":["Brutality","Feed"],"picked":"Juggernaut","floor":16},{"not_picked":["DemoMod:WhiteBlade","Flex"],"picked":"Rage","floor":17},{"not_picked":["Wild Strike","DemoMod:BlackBlade","Sever Soul+1"],"picked":"SKIP","floor":18},{"not_picked":["Sword Boomerang+1","Sentinel"],"picked":"Seeing Red","floor":19}],"player_experience":413917,"relics_obtained":[{"floor":6,"key":"Champion Belt"},{"floor":8,"key":"DemoMod:MeltedRock"}],"event_choices":[{"damage_healed":0,"gold_gain":75,"player_choice":"Gold","damage_taken":11,"max_hp_gain":0,"max_hp_loss":0,"event_name":"betterThird:BetterGoop","floor":7,"gold_loss":0},{"damage_healed":0,"gold_gain":0,"player_choice":"Madness","damage_taken":0,"relics_obtained":["betterThird:NestCultRelic"],"max_hp_gain":0,"max_hp_loss":0,"event_name":"betterThird:BetterNest","floor":20,"gold_loss":0},{"cards_removed":["Strike_R"],"damage_healed":0,"gold_gain":0,"player_choice":"Gave Gold","damage_taken":0,"max_hp_gain":0,"max_hp_loss":0,"event_name":"Beggar","floor":21,"gold_loss":75}],"is_beta":false,"boss_relics":[{"not_picked":["theForsaken:PaleLantern","Velvet Choker"],"picked":"Tiny House"}],"items_purged_floors":[22],"is_endless":false,"potions_floor_spawned":[8,12,14,18],"killed_by":"Slavers","ascension_level":1}}