{"host":"daa8jqyg4gqfaysm","time":1609415835,"event":{"mods":["BaseMod","Colored Powertips","Minty Spire (QoL Compilation)","StSLib"],"gold_per_floor":[114,189,205,218,238,270,270,280,328,362,362,13,38,38,38,112,112,122,122,37,54,65,65,92,92,92,92,109,125,150,150,150,150,150],"floor_reached":33,"playtime":909,"items_purged":[],"score":610,"play_id":"9a653c9a-727e-406a-bd24-e46d9cbf517b","local_time":"20201231195715","is_ascension_mode":true,"campfire_choices":[{"floor":7,"key":"REST"},{"data":"Catalyst","floor":11,"key":"SMITH"},{"data":"Noxious Fumes","floor":15,"key":"SMITH"},{"floor":23,"key":"REST"},{"data":"Footwork","floor":25,"key":"SMITH"},{"data":"Footwork","floor":27,"key":"SMITH"},{"data":"Deadly Poison","floor":32,"key":"SMITH"}],"circlet_count":0,"master_deck":["AscendersBane","Strike_G+1","Strike_G+1","Strike_G+1","Strike_G+1","Strike_G+1","Defend_G+1","Defend_G+1","Defend_G+1","Defend_G+1","Defend_G+1","Survivor","Neutralize","Deadly Poison+1","Catalyst+1","Skewer","Predator+1","Quick Slash","Footwork+1","PiercingWail+1","Noxious Fumes+1","Deadly Poison+1","Malaise+1","CurseOfTheBell","Footwork+1","Expertise+1","Dodge and Roll+1","Backflip+1","Backflip+1","PiercingWail+1","Ghostly+1","Ghostly+1","Ghostly+1"],"relics":["Sozu","Shuriken","Whetstone","Eternal Feather","Toxic Egg 2","Snake Skull","Calling Bell","War Paint","Question Card","TungstenRod","Pantograph","Darkstone Periapt","Mummified Hand","Girya"],"acts_visited":["Exordium","TheCity"],"potions_floor_usage":[],"damage_taken":[{"damage":0,"enemies":"Jaw Worm","floor":1,"turns":5},{"damage":4,"enemies":"Small Slimes","floor":3,"turns":3},{"damage":0,"enemies":"Cultist","floor":4,"turns":4},{"damage":1,"enemies":"2 Fungi Beasts","floor":5,"turns":4},{"damage":22,"enemies":"3 Sentries","floor":6,"turns":9},{"damage":1,"enemies":"Looter","floor":8,"turns":3},{"damage":22,"enemies":"Gremlin Nob","floor":10,"turns":4},{"damage":13,"enemies":"Lagavulin","floor":13,"turns":6},{"damage":15,"enemies":"Hexaghost","floor":16,"turns":6},{"damage":18,"enemies":"Spheric Guardian","floor":18,"turns":6},{"damage":0,"enemies":"Chosen","floor":21,"turns":3},{"damage":15,"enemies":"Snake Plant","floor":22,"turns":5},{"damage":13,"enemies":"Book of Stabbing","floor":24,"turns":5},{"damage":5,"enemies":"Centurion and Healer","floor":28,"turns":7},{"damage":6,"enemies":"Snecko","floor":29,"turns":5},{"damage":25,"enemies":"Gremlin Leader","floor":30,"turns":6},{"damage":34,"enemies":"Collector","floor":33,"turns":4}],"seed_played":"-231479309513524524","potions_obtained":[],"is_trial":false,"path_per_floor":["M","?","M","M","M","E","R","M","T","E","R","$","E","?","R","B",null,"M","?","?","M","M","R","E","R","T","R","M","M","E","?","R","B"],"character_chosen":"THE_SILENT","items_purchased":["Noxious Fumes","Toxic Egg 2"],"campfire_rested":2,"item_purchase_floors":[12,12],"current_hp_per_floor":[59,48,44,44,43,21,40,39,39,17,29,29,16,16,28,13,53,35,35,35,35,20,54,41,56,56,66,61,55,30,30,33,0,0],"gold":150,"neow_bonus":"BOSS_RELIC","is_daily":false,"chose_seed":false,"campfire_upgraded":5,"win_rate":0.0,"timestamp":1609415835,"path_taken":["M","?","M","M","M","E","R","M","T","E","R","$","E","?","R","BOSS","M","?","?","M","M","R","E","R","T","R","M","M","E","?","R","BOSS"],"items_purchased_type":["Card","Relic"],"build_version":"2020-12-22","purchased_purges":0,"victory":false,"max_hp_per_floor":[66,66,66,66,66,66,66,66,66,66,66,66,66,66,66,66,66,66,66,66,66,66,66,66,66,66,66,66,66,66,33,33,33,33],"card_choices":[{"not_picked":["Caltrops","Sucker Punch"],"picked":"Deadly Poison","floor":1},{"not_picked":["Deadly Poison","Slice"],"picked":"Catalyst","floor":3},{"not_picked":["Cloak And Dagger","Setup"],"picked":"Skewer","floor":4},{"not_picked":["Dagger Throw","Escape Plan"],"picked":"Predator","floor":5},{"not_picked":["Slice","Deflect"],"picked":"Quick Slash","floor":6},{"not_picked":["Infinite Blades","Underhanded Strike"],"picked":"Footwork","floor":8},{"not_picked":["Grand Finale","Distraction"],"picked":"PiercingWail","floor":10},{"not_picked":["Dagger Throw","PiercingWail+1"],"picked":"Deadly Poison+1","floor":13},{"not_picked":["Tools of the Trade","Doppelganger+1"],"picked":"Malaise+1","floor":16},{"not_picked":["Predator","Finisher","Poisoned Stab+1"],"picked":"Footwork","floor":18},{"not_picked":["Dagger Throw","Setup+1","Outmaneuver+1"],"picked":"Expertise+1","floor":21},{"not_picked":["Cloak And Dagger+1","Distraction+1","Doppelganger+1"],"picked":"Dodge and Roll+1","floor":22},{"not_picked":["Deadly Poison+1","Dagger Throw","Poisoned Stab"],"picked":"Backflip+1","floor":24},{"not_picked":["Quick Slash","Slice+1","Terror+1"],"picked":"Backflip+1","floor":28},{"not_picked":["Outmaneuver+1","Dodge and Roll+1","Concentrate+1","Poisoned Stab"],"picked":"SKIP","floor":29},{"not_picked":["Deadly Poison+1","Deflect+1","Quick Slash"],"picked":"PiercingWail+1","floor":30}],"player_experience":764484,"relics_obtained":[{"floor":6,"key":"Shuriken"},{"floor":9,"key":"Whetstone"},{"floor":10,"key":"Eternal Feather"},{"floor":13,"key":"Snake Skull"},{"floor":17,"key":"War Paint"},{"floor":17,"key":"Question Card"},{"floor":17,"key":"TungstenRod"},{"floor":24,"key":"Darkstone Periapt"},{"floor":26,"key":"Mummified Hand"},{"floor":30,"key":"Girya"}],"event_choices":[{"damage_healed":0,"gold_gain":75,"player_choice":"Gather Gold","damage_taken":11,"max_hp_gain":0,"max_hp_loss":0,"event_name":"World of Goop","floor":2,"gold_loss":0},{"damage_healed":0,"gold_gain":0,"player_choice":"Ignored","damage_taken":0,"max_hp_gain":0,"max_hp_loss":0,"event_name":"WeMeetAgain","floor":14,"gold_loss":0},{"damage_healed":0,"gold_gain":0,"player_choice":"Simplicity","damage_taken":0,"max_hp_gain":0,"max_hp_loss":0,"event_name":"Back to Basics","floor":19,"gold_loss":0,"cards_upgraded":["Strike_G","Strike_G","Strike_G","Strike_G","Defend_G","Defend_G","Defend_G","Defend_G"]},{"damage_healed":0,"gold_gain":0,"player_choice":"Obtained Relic","damage_taken":0,"relics_obtained":["Pantograph"],"max_hp_gain":0,"max_hp_loss":0,"event_name":"Addict","floor":20,"gold_loss":85},{"damage_healed":0,"gold_gain":0,"player_choice":"Became a Ghost","damage_taken":0,"max_hp_gain":0,"max_hp_loss":33,"event_name":"Ghosts","floor":31,"gold_loss":0,"cards_obtained":["Ghostly","Ghostly","Ghostly"]}],"is_beta":false,"boss_relics":[{"not_picked":["Snecko Eye","WristBlade"],"picked":"Calling Bell"}],"items_purged_floors":[],"is_endless":false,"potions_floor_spawned":[1,6,13,16,18,28,29],"killed_by":"Collector","ascension_level":20}}