{"host":"hkfd27larxvbrzdx","time":1609391652,"event":{"mods":["AchievementEnabler","BaseMod","Colored Map","Colored Powertips","DeckTracker","Minty Spire (QoL Compilation)"],"gold_per_floor":[112,124,143,93,110,137,137,148,217,199,199,228,245,258,258,358,358,358,358],"floor_reached":18,"playtime":1651,"items_purged":[],"score":194,"play_id":"ff5a8e3b-bb68-420c-9330-5485f9789608","local_time":"20201231131412","is_ascension_mode":true,"campfire_choices":[{"floor":7,"key":"REST"},{"floor":11,"key":"REST"},{"floor":15,"key":"REST"}],"circlet_count":0,"master_deck":["Survivor","Neutralize","Quick Slash","Sucker Punch","A Thousand Cuts","Slice","Backflip","Choke","Glass Knife","Malaise","Acrobatics","Eviscerate","Tactician","Envenom","Calculated Gamble","Reflex","Blur","Deflect","Accuracy","Deflect"],"relics":["Ring of the Snake","Regal Pillow","Pantograph","Incense Burner","Pandora\u0027s Box"],"acts_visited":["Exordium","TheCity"],"potions_floor_usage":[6,16],"damage_taken":[{"damage":8,"enemies":"Small Slimes","floor":1,"turns":4},{"damage":1,"enemies":"Jaw Worm","floor":2,"turns":7},{"damage":2,"enemies":"Cultist","floor":3,"turns":4},{"damage":12,"enemies":"3 Louse","floor":5,"turns":6},{"damage":42,"enemies":"Lagavulin","floor":6,"turns":6},{"damage":15,"enemies":"Large Slime","floor":8,"turns":7},{"damage":16,"enemies":"Exordium Thugs","floor":10,"turns":4},{"damage":13,"enemies":"3 Sentries","floor":12,"turns":7},{"damage":14,"enemies":"Lots of Slimes","floor":13,"turns":6},{"damage":6,"enemies":"Red Slaver","floor":14,"turns":4},{"damage":25,"enemies":"The Guardian","floor":16,"turns":17},{"damage":0,"enemies":"3 Byrds","floor":18,"turns":1}],"seed_played":"-4001311929213622917","potions_obtained":[{"floor":5,"key":"SkillPotion"},{"floor":6,"key":"Dexterity Potion"},{"floor":12,"key":"GhostInAJar"},{"floor":13,"key":"ColorlessPotion"}],"is_trial":false,"path_per_floor":["M","M","M","?","M","E","R","M","T","M","R","E","M","M","R","B",null,"M"],"character_chosen":"THE_SILENT","items_purchased":[],"campfire_rested":3,"item_purchase_floors":[],"current_hp_per_floor":[62,61,59,59,47,5,41,26,26,10,46,33,19,13,49,45,70,70,70],"gold":358,"neow_bonus":"ONE_RANDOM_RARE_CARD","is_daily":false,"chose_seed":false,"campfire_upgraded":0,"win_rate":0.0,"timestamp":1609391652,"path_taken":["M","M","M","?","M","E","R","M","T","M","R","E","M","M","R","BOSS","M"],"items_purchased_type":[],"build_version":"2020-12-22","purchased_purges":0,"victory":false,"max_hp_per_floor":[70,70,70,70,70,70,70,70,70,70,70,70,70,70,70,70,70,70,70],"card_choices":[{"not_picked":["Blade Dance","PiercingWail"],"picked":"Quick Slash","floor":1},{"not_picked":["Dagger Spray","Quick Slash"],"picked":"Sucker Punch","floor":2},{"not_picked":["Calculated Gamble","Prepared"],"picked":"A Thousand Cuts","floor":3},{"not_picked":["Prepared","Well Laid Plans","Escape Plan"],"picked":"SKIP","floor":5},{"not_picked":["Prepared","Dagger Throw"],"picked":"Slice","floor":6},{"not_picked":["Infinite Blades","Prepared"],"picked":"Backflip","floor":8},{"not_picked":["Masterful Stab","Catalyst"],"picked":"Choke","floor":10},{"not_picked":["Prepared","Cloak And Dagger"],"picked":"Glass Knife","floor":12},{"not_picked":["Deadly Poison","Backflip","Accuracy"],"picked":"SKIP","floor":13},{"not_picked":["Cloak And Dagger","Outmaneuver","Dagger Throw"],"picked":"SKIP","floor":14},{"not_picked":["Burst","Tools of the Trade"],"picked":"Malaise","floor":16}],"player_experience":160952,"relics_obtained":[{"floor":6,"key":"Regal Pillow"},{"floor":9,"key":"Pantograph"},{"floor":12,"key":"Incense Burner"}],"event_choices":[{"cards_removed":["Wraith Form v2"],"damage_healed":0,"gold_gain":0,"player_choice":"Card Removal","damage_taken":0,"max_hp_gain":0,"max_hp_loss":0,"event_name":"The Cleric","floor":4,"gold_loss":50}],"is_beta":false,"boss_relics":[{"not_picked":["Runic Dome","Cursed Key"],"picked":"Pandora\u0027s Box"}],"items_purged_floors":[],"is_endless":false,"potions_floor_spawned":[5,6,12,13,14],"killed_by":"3 Byrds","ascension_level":2}}