{"host":"lg1piimdyocafd6j","time":1609455046,"event":{"mods":["AchievementEnabler","BaseMod","Better Third Choice","BetterRewards","Colored Map","Colored Powertips","Downfall","Minty Spire (QoL Compilation)","Quick Restart","Rare Cards Sparkle","StSLib","SuperFastMode"],"gold_per_floor":[119,138,13,24,35,67,67,99,99,99,99,129,129,142,142,142,142],"floor_reached":16,"playtime":711,"items_purged":["Strike_B","Dualcast","Defend_B"],"score":120,"play_id":"cf4040ff-7a58-46a5-a149-b1f98358c5ba","local_time":"20201231235046","is_ascension_mode":false,"campfire_choices":[{"floor":7,"key":"REST"},{"floor":11,"key":"RECALL"},{"floor":15,"key":"REST"}],"circlet_count":0,"master_deck":["Strike_B","Strike_B","Strike_B","Defend_B","Defend_B","Defend_B","Zap","Thunder Strike","Static Discharge","Reinforced Body","Reinforced Body","Turbo","Turbo","Rebound"],"relics":["Cracked Core","PreservedInsect","Bronze Scales","Bottled Lightning","Lantern","Kunai"],"acts_visited":["Exordium"],"potions_floor_usage":[2,6],"damage_taken":[{"damage":2,"enemies":"2 Louse","floor":1,"turns":3},{"damage":5,"enemies":"Cultist","floor":2,"turns":3},{"damage":3,"enemies":"Jaw Worm","floor":4,"turns":3},{"damage":12,"enemies":"Gremlin Gang","floor":5,"turns":5},{"damage":4,"enemies":"Gremlin Nob","floor":6,"turns":4},{"damage":8,"enemies":"Lagavulin","floor":8,"turns":6},{"damage":4,"enemies":"3 Sentries","floor":12,"turns":6},{"damage":3,"enemies":"Looter","floor":14,"turns":3},{"damage":28,"enemies":"Hexaghost","floor":16,"turns":3}],"seed_played":"790432310652850477","potions_obtained":[{"floor":2,"key":"Fruit Juice"},{"floor":4,"key":"AttackPotion"},{"floor":6,"key":"hexamod:EctoCoolerPotion"},{"floor":8,"key":"Weak Potion"},{"floor":12,"key":"Swift Potion"}],"is_trial":false,"path_per_floor":["M","M","$","M","M","E","R","E","T","$","R","E","?","M","R","B"],"character_chosen":"DEFECT","items_purchased":["PreservedInsect","Thunder Strike","Static Discharge","Bronze Scales"],"campfire_rested":2,"item_purchase_floors":[0,0,0,0],"current_hp_per_floor":[73,73,73,70,58,54,78,70,70,70,70,66,66,63,80,52,52],"gold":142,"neow_bonus":"","is_daily":false,"chose_seed":true,"campfire_upgraded":0,"win_rate":0.0,"timestamp":1609455046,"path_taken":["M","M","$","M","M","E","R","E","T","$","R","E","?","?","R","BOSS"],"items_purchased_type":["Relic","Card","Card","Relic"],"build_version":"2020-12-22","purchased_purges":3,"victory":false,"max_hp_per_floor":[75,80,80,80,80,80,80,80,80,80,80,80,80,80,80,80,80],"card_choices":[{"not_picked":["Cold Snap","Coolheaded"],"picked":"Reinforced Body","floor":1},{"not_picked":["Go for the Eyes","Chaos"],"picked":"Reinforced Body","floor":2},{"not_picked":["Sweeping Beam","Double Energy"],"picked":"Turbo","floor":4},{"not_picked":["Redo","Barrage"],"picked":"Turbo","floor":5},{"not_picked":["Beam Cell","Steam","Rainbow"],"picked":"SKIP","floor":6},{"not_picked":["Leap","Recycle"],"picked":"Rebound","floor":8},{"not_picked":["Sunder","Hello World","Cold Snap"],"picked":"SKIP","floor":12},{"not_picked":["Undo","Sweeping Beam","Barrage"],"picked":"SKIP","floor":14}],"player_experience":157843,"relics_obtained":[{"floor":6,"key":"Bottled Lightning"},{"floor":8,"key":"Lantern"},{"floor":12,"key":"Kunai"}],"event_choices":[{"damage_healed":0,"gold_gain":0,"player_choice":"Ignored","damage_taken":0,"max_hp_gain":0,"max_hp_loss":0,"event_name":"NoteForYourself","floor":13,"gold_loss":0}],"is_beta":false,"boss_relics":[],"items_purged_floors":[0,0,3],"is_endless":false,"potions_floor_spawned":[2,4,6,8,12],"killed_by":"Hexaghost","ascension_level":0}}