{"host":"x1qj4d8ympd5jdqh","time":1609401186,"event":{"mods":["AchievementEnabler","AlwaysNeverKeys","BaseMod","Colored Map","Custom Start","DeckTracker","Highlight Path","Minty Spire (QoL Compilation)","StSLib","SuperFastMode"],"gold_per_floor":[113,125,137,137,212,240,240,240,267,287,1,19,35,35,35,35,35],"floor_reached":16,"playtime":311,"items_purged":["Strike_G"],"score":204,"play_id":"8e54b7ec-a82f-4a13-99d3-c39662014589","local_time":"20201231165306","is_ascension_mode":true,"campfire_choices":[{"floor":7.0,"key":"REST"},{"data":"Apotheosis","floor":15.0,"key":"SMITH"}],"circlet_count":0,"master_deck":["AscendersBane","Strike_G+1","Strike_G","Strike_G","Defend_G","Defend_G","Defend_G","Defend_G","Defend_G","Survivor","Neutralize","Dagger Spray+1","Acrobatics","Dagger Throw","Die Die Die","Riddle With Holes","Apotheosis+1","Blade Dance","Cloak And Dagger"],"relics":["Ring of the Snake","NeowsBlessing","Whetstone","Art of War"],"acts_visited":["Exordium"],"potions_floor_usage":[16],"damage_taken":[{"damage":0.0,"enemies":"2 Louse","floor":1.0,"turns":1.0},{"damage":0.0,"enemies":"Small Slimes","floor":2.0,"turns":1.0},{"damage":0.0,"enemies":"Cultist","floor":3.0,"turns":1.0},{"damage":33.0,"enemies":"3 Sentries","floor":6.0,"turns":11.0},{"damage":0.0,"enemies":"Red Slaver","floor":10.0,"turns":3.0},{"damage":0.0,"enemies":"Gremlin Gang","floor":12.0,"turns":3.0},{"damage":0.0,"enemies":"3 Louse","floor":13.0,"turns":1.0},{"damage":10,"enemies":"Slime Boss","floor":16,"turns":6}],"seed_played":"-7588979784671739934","potions_obtained":[{"floor":3.0,"key":"DuplicationPotion"},{"floor":6.0,"key":"SpeedPotion"},{"floor":12.0,"key":"BlessingOfTheForge"}],"is_trial":false,"path_per_floor":["M","M","M","?","?","E","R","?","T","M","$","M","M","$","R","B"],"character_chosen":"THE_SILENT","items_purchased":["Apotheosis"],"campfire_rested":1,"item_purchase_floors":[11],"current_hp_per_floor":[59,59,59,52,41,8,27,27,27,27,27,27,27,27,27,17,17],"gold":35,"neow_bonus":"THREE_ENEMY_KILL","is_daily":false,"chose_seed":false,"campfire_upgraded":1,"win_rate":0.0,"timestamp":1609401186,"path_taken":["M","M","M","?","?","E","R","?","T","M","$","?","M","?","R","BOSS"],"items_purchased_type":["Card"],"build_version":"2020-12-22","purchased_purges":1,"victory":false,"max_hp_per_floor":[66,66,66,66,66,66,66,66,66,66,66,66,66,66,66,66,66],"card_choices":[{"not_picked":["Tactician","Dodge and Roll"],"picked":"Dagger Spray","floor":1.0},{"not_picked":["Concentrate","Deflect","Underhanded Strike"],"picked":"SKIP","floor":2.0},{"not_picked":["Noxious Fumes","Outmaneuver"],"picked":"Acrobatics","floor":3.0},{"not_picked":["Endless Agony","Deflect"],"picked":"Dagger Throw","floor":6.0},{"not_picked":["Deflect","Finisher"],"picked":"Riddle With Holes","floor":10.0},{"not_picked":["Quick Slash","Cloak And Dagger"],"picked":"Blade Dance","floor":12.0},{"not_picked":["Catalyst","Poisoned Stab"],"picked":"Cloak And Dagger","floor":13.0}],"player_experience":1298026,"relics_obtained":[{"floor":6.0,"key":"Whetstone"},{"floor":9.0,"key":"Art of War"}],"event_choices":[{"cards_removed":["Strike_G"],"damage_healed":0.0,"max_hp_gain":0.0,"max_hp_loss":0.0,"gold_gain":0.0,"event_name":"Golden Wing","player_choice":"Card Removal","floor":4.0,"gold_loss":0.0,"damage_taken":7.0},{"damage_healed":0.0,"max_hp_gain":0.0,"max_hp_loss":0.0,"gold_gain":75.0,"event_name":"World of Goop","player_choice":"Gather Gold","floor":5.0,"gold_loss":0.0,"damage_taken":11.0},{"damage_healed":0.0,"max_hp_gain":0.0,"max_hp_loss":0.0,"gold_gain":0.0,"event_name":"Match and Keep!","player_choice":"1 cards matched","floor":8.0,"gold_loss":0.0,"damage_taken":0.0,"cards_obtained":["Die Die Die"]},{"damage_healed":0.0,"max_hp_gain":0.0,"max_hp_loss":0.0,"gold_gain":0.0,"event_name":"Match and Keep!","player_choice":"1 cards matched","floor":8.0,"gold_loss":0.0,"damage_taken":0.0,"cards_obtained":["Die Die Die"]}],"is_beta":false,"boss_relics":[],"items_purged_floors":[11],"is_endless":false,"potions_floor_spawned":[3,6,12],"killed_by":"Slime Boss","ascension_level":20}}