{"host":"q9718omregw4er46","time":1609444196,"event":{"mods":["BaseMod","Bestiary","Colored Powertips","Minty Spire (QoL Compilation)","Quick Restart","Relic Stats"],"gold_per_floor":[30,46,82,82,82,82,150,150,150,150,214,97,136,184,184,298,298,321,24,24,108,189,248,248,248,248],"floor_reached":25,"playtime":628,"items_purged":["Strike_P","Defend_P"],"score":604,"play_id":"8e32ca6e-205f-48b0-bf6a-cbc2a0d68884","local_time":"20210101004956","is_ascension_mode":true,"campfire_choices":[{"data":"HandOfGreed","floor":6,"key":"SMITH"},{"floor":8,"key":"REST"},{"data":"Meditate","floor":10,"key":"SMITH"},{"data":"SashWhip","floor":15,"key":"SMITH"},{"floor":24,"key":"REST"}],"circlet_count":0,"master_deck":["AscendersBane","Strike_P+1","Strike_P","Defend_P","Defend_P","Defend_P","Eruption","Vigilance","HandOfGreed+1","FollowUp","Conclude","Meditate+1","CrushJoints+1","Tantrum","SashWhip+1","DeceiveReality","Vault","MentalFortress"],"relics":["PureWater","Golden Idol","Blue Candle","Whetstone","Darkstone Periapt","Black Star","Vajra","Red Mask","Question Card","Pantograph","Turnip"],"acts_visited":["Exordium","TheCity"],"potions_floor_usage":[7,16,21,25],"damage_taken":[{"damage":0,"enemies":"Jaw Worm","floor":1,"turns":2},{"damage":0,"enemies":"2 Louse","floor":2,"turns":1},{"damage":3,"enemies":"Cultist","floor":3,"turns":4},{"damage":40,"enemies":"Lagavulin","floor":7,"turns":3},{"damage":0,"enemies":"Gremlin Nob","floor":11,"turns":2},{"damage":3,"enemies":"Looter","floor":13,"turns":2},{"damage":8,"enemies":"Blue Slaver","floor":14,"turns":3},{"damage":4,"enemies":"The Guardian","floor":16,"turns":7},{"damage":26,"enemies":"Chosen","floor":18,"turns":10},{"damage":0,"enemies":"Masked Bandits","floor":21,"turns":4},{"damage":19,"enemies":"Gremlin Leader","floor":23,"turns":6},{"damage":26,"enemies":"Book of Stabbing","floor":25,"turns":5}],"seed_played":"3021253707682804405","potions_obtained":[{"floor":2,"key":"Swift Potion"},{"floor":3,"key":"Explosive Potion"},{"floor":14,"key":"Dexterity Potion"},{"floor":16,"key":"Energy Potion"}],"is_trial":false,"path_per_floor":["M","M","M","?","?","R","E","R","T","R","E","$","M","M","R","B",null,"M","$","?","?","T","E","R","E"],"character_chosen":"WATCHER","items_purchased":["Tantrum","MentalFortress","Vajra"],"campfire_rested":2,"item_purchase_floors":[12,19,19],"current_hp_per_floor":[61,61,58,51,51,51,11,29,29,29,29,29,26,18,18,14,50,24,24,24,24,24,5,23,0,0],"gold":248,"neow_bonus":"RANDOM_COLORLESS_2","is_daily":false,"chose_seed":false,"campfire_upgraded":3,"win_rate":0.0,"timestamp":1609444196,"path_taken":["M","M","M","?","?","R","E","R","T","R","E","?","M","M","R","BOSS","M","$","?","?","?","E","R","E"],"items_purchased_type":["Card","Card","Relic"],"build_version":"2020-12-22","purchased_purges":2,"victory":false,"max_hp_per_floor":[68,68,68,68,62,62,62,62,62,62,62,62,62,62,62,62,62,62,62,62,62,62,62,62,62,62],"relic_stats":{"Darkstone Periapt":0,"counters":[12,49],"Golden Idol":62,"Blue Candle":[0],"Pantograph":0,"Turnip":[0],"Black Star":1,"Whetstone":["CrushJoints","Strike_P"],"Question Card":1,"obtain_stats":[{"Darkstone Periapt":11,"Golden Idol":5,"Blue Candle":7,"Pantograph":23,"Vajra":19,"Turnip":23,"Black Star":17,"Red Mask":21,"Whetstone":9,"PureWater":0,"Question Card":22},{"Darkstone Periapt":5,"Golden Idol":3,"Blue Candle":4,"Pantograph":11,"Vajra":9,"Turnip":11,"Black Star":8,"Red Mask":10,"Whetstone":4,"PureWater":0,"Question Card":10},{"Darkstone Periapt":12,"Golden Idol":7,"Blue Candle":10,"Pantograph":44,"Vajra":34,"Turnip":44,"Black Star":24,"Red Mask":38,"Whetstone":10,"PureWater":0,"Question Card":38}]},"card_choices":[{"not_picked":["Sadistic Nature","Magnetism"],"picked":"HandOfGreed","floor":0},{"not_picked":["BowlingBash","ClearTheMind"],"picked":"FollowUp","floor":1},{"not_picked":["Protect","WaveOfTheHand"],"picked":"Conclude","floor":2},{"not_picked":["FearNoEvil","Consecrate"],"picked":"Meditate","floor":3},{"not_picked":["Ragnarok","Nirvana"],"picked":"CrushJoints","floor":7},{"not_picked":["Indignation","Evaluate","ClearTheMind"],"picked":"SKIP","floor":11},{"not_picked":["SandsOfTime","JustLucky"],"picked":"SashWhip","floor":13},{"not_picked":["MentalFortress","Halt"],"picked":"DeceiveReality","floor":14},{"not_picked":["Scrawl","SpiritShield"],"picked":"Vault","floor":16},{"not_picked":["FearNoEvil","ForeignInfluence","Worship"],"picked":"SKIP","floor":18},{"not_picked":["PathToVictory","Swivel","Crescendo","ReachHeaven"],"picked":"SKIP","floor":23}],"player_experience":1143923,"relics_obtained":[{"floor":7,"key":"Blue Candle"},{"floor":9,"key":"Whetstone"},{"floor":11,"key":"Darkstone Periapt"},{"floor":21,"key":"Red Mask"},{"floor":22,"key":"Question Card"},{"floor":23,"key":"Pantograph"},{"floor":23,"key":"Turnip"}],"event_choices":[{"cards_removed":["Strike_P"],"damage_healed":0,"gold_gain":0,"player_choice":"Card Removal","damage_taken":7,"max_hp_gain":0,"max_hp_loss":0,"event_name":"Golden Wing","floor":4,"gold_loss":0},{"damage_healed":0,"gold_gain":0,"player_choice":"Lose Max HP","damage_taken":0,"relics_obtained":["Golden Idol"],"max_hp_gain":0,"max_hp_loss":6,"event_name":"Golden Idol","floor":5,"gold_loss":0},{"damage_healed":0,"gold_gain":0,"player_choice":"Ignored","damage_taken":0,"max_hp_gain":0,"max_hp_loss":0,"event_name":"Vampires","floor":20,"gold_loss":0},{"damage_healed":0,"gold_gain":0,"player_choice":"Fought Bandits","damage_taken":0,"max_hp_gain":0,"max_hp_loss":0,"event_name":"Masked Bandits","floor":21,"gold_loss":0}],"is_beta":false,"boss_relics":[{"not_picked":["SacredBark","Empty Cage"],"picked":"Black Star"}],"items_purged_floors":[12,19],"is_endless":false,"potions_floor_spawned":[2,3,14,16,18],"killed_by":"Book of Stabbing","ascension_level":20}}