{"host":"1wc1t0a2rk7esptd","time":1609412639,"event":{"mods":["ATMod(阿瑾Mod)","Act Like it!","Arknights The Spire","Aspiration","Bard","BaseMod","Friendly Minions","Gensokyo","Gremlin Mod","Kiyohime（清姬）","Koishi","LagranYue(拉格朗・月)","Mari Mod (Legacy)","Mari\u0027s V1 Patch","Marisa（F雨　魔理沙）","Minty Spire (QoL Compilation)","Remilia_Scarlet Moed（蕾米莉亚・斯卡雷特）3.3.5","RumiaBox-露米娅的神秘盒子","StSLib","The Administrix","The Animator","The Bladedancer","The Construct","The Cursed","The Gatherer","The Marked","The Mystic","The Poker Player","Yakumo Yukari mod","Youmu（魂魄妖梦）","Yuyuko","【功能Mod】聪明的最终Boss","【角色mod】十八桐人","【遗物卡牌】REMEMod"],"gold_per_floor":[110,110,127,141,167,196,196],"floor_reached":6,"playtime":568,"items_purged":[],"score":46,"play_id":"71069d01-8b0b-415f-8940-9af78f321769","local_time":"20201231190359","is_ascension_mode":false,"campfire_choices":[],"circlet_count":0,"master_deck":["Strike_R","Strike_R","Strike_R","Strike_R","Strike_R","Defend_R","Defend_R","Defend_R","Defend_R","Bash","Blood for Blood","RemiliaMod:CYMZW","Seeing Red","True Grit","MariMod:Mari_Oh_My_God","Iron Wave"],"relics":["Burning Blood","AT_ATBox","REME_ComplimentaryCards","LagranYue:RandomDrawCardRelic","AddBug","SecretRecord","Baka"],"acts_visited":["Exordium"],"potions_floor_usage":[],"damage_taken":[{"damage":5.0,"enemies":"2 Louse","floor":1.0,"turns":3.0},{"damage":8.0,"enemies":"Jaw Worm","floor":3.0,"turns":4.0},{"damage":5.0,"enemies":"Small Slimes","floor":4.0,"turns":3.0},{"damage":22,"enemies":"3 Sentries","floor":6,"turns":10}],"seed_played":"5340502657816016960","potions_obtained":[{"floor":1.0,"key":"Strength Potion"},{"floor":3.0,"key":"PowerPotion"}],"is_trial":false,"path_per_floor":["M","?","M","M","T","E"],"character_chosen":"IRONCLAD","items_purchased":[],"campfire_rested":0,"item_purchase_floors":[],"current_hp_per_floor":[88,93,91,92,92,76,76],"gold":196,"neow_bonus":"TEN_PERCENT_HP_BONUS","is_daily":false,"chose_seed":false,"campfire_upgraded":0,"win_rate":0.0,"timestamp":1609412639,"path_taken":["M","?","M","M","?","E"],"items_purchased_type":[],"build_version":"2020-12-22","purchased_purges":0,"victory":false,"max_hp_per_floor":[88,93,93,93,93,93,93],"card_choices":[{"not_picked":["Searing Blow","Cleave"],"picked":"Blood for Blood","floor":1.0},{"not_picked":["AT_BodySlamDance","Body Slam"],"picked":"Seeing Red","floor":3.0},{"not_picked":["AT_BodySlamDance","Spot Weakness"],"picked":"True Grit","floor":4.0},{"not_picked":["Warcry","AT_ManFootWork"],"picked":"Iron Wave","floor":6}],"player_experience":50095,"relics_obtained":[{"floor":1.0,"key":"AddBug"},{"floor":1.0,"key":"Baka"},{"floor":5.0,"key":"Orichalcum"},{"floor":6,"key":"Molten Egg 2"},{"floor":6,"key":"ats:Originium"}],"event_choices":[{"damage_healed":0.0,"max_hp_gain":5.0,"max_hp_loss":0.0,"gold_gain":0.0,"event_name":"Remilia_CDSJ09","player_choice":"CYMZW","floor":2.0,"gold_loss":0.0,"damage_taken":0.0}],"is_beta":false,"boss_relics":[],"items_purged_floors":[],"is_endless":false,"potions_floor_spawned":[1,3],"killed_by":"3 Sentries","ascension_level":0}}