{"host":"hfvpa4llnnjpeawn","time":1609443176,"event":{"mods":["2.2 Compatiblity","AchievementEnabler","Act Like it!","Aspiration","Bard","BaseMod","Beaked The Cultist","Better Sensory Stone","Better Skull","Better Third Choice","BetterRewards","CapriCore","Conspire","Downfall","Elementarium","Energized Spire","Hubris","Infinite Spire","Jorbs\u0027s Wanderer Trilogy","Minty Spire (QoL Compilation)","Replay The Spire","Shade Mod","Spicy Shops","StSLib","The Bladedancer","The Factory","The Gatherer","The Jungle","Waifu the Spire","Wandering Minibosses"],"gold_per_floor":[111,261,261,22,22,22,33,63,63,97,114,152,181,218,218,304,304,261,261,273,282,182,208,224,228,228],"floor_reached":25,"playtime":1814,"items_purged":["Voices","hubris:Envy"],"score":594,"play_id":"2fa2d4f1-b8a4-4c1e-aaa6-c12ed8d283db","local_time":"20201231143256","is_ascension_mode":true,"campfire_choices":[{"data":"Iron Wave","floor":6,"key":"SMITH"},{"data":"Metallicize","floor":15,"key":"SMITH"}],"circlet_count":0,"master_deck":["AscendersBane","Strike_R","Strike_R","Strike_R","Strike_R","Defend_R","Defend_R","Defend_R","Defend_R","Bash","Iron Wave+1","Doubt","Flame Barrier","Shockwave","Demon Form","Shrug It Off","ReplayTheSpireMod:Limb From Limb","Metallicize+1","Limit Break","infinitespire:OneForAll"],"relics":["Burning Blood","NeowsBlessing","Ring of Fury","Ring of Misfortune","PreservedInsect","ReplayTheSpireMod:CursedCoin","Singing Bowl","hubris:MysteriousPyramids","CeramicFish","Regal Pillow","infinitespire:Magic Flask","hubris:Backtick","Darkstone Periapt","Replay:Bandana"],"acts_visited":["Exordium","TheCity"],"potions_floor_usage":[14,18,25,25],"damage_taken":[{"damage":0,"enemies":"Jaw Worm","floor":1,"turns":1},{"damage":0,"enemies":"Replay:BlueRogue","floor":8,"turns":1},{"damage":0,"enemies":"3 Sentries","floor":10,"turns":2},{"damage":0,"enemies":"2 Louse","floor":11,"turns":3},{"damage":17,"enemies":"Lagavulin","floor":12,"turns":6},{"damage":0,"enemies":"Cultist","floor":13,"turns":4},{"damage":7,"enemies":"3 Sentries","floor":14,"turns":5},{"damage":18,"enemies":"Slime Boss","floor":16,"turns":14},{"damage":9,"enemies":"2 Thieves","floor":18,"turns":5},{"damage":4,"enemies":"Chosen","floor":20,"turns":6},{"damage":35,"enemies":"conspire:Head Lice","floor":23,"turns":4},{"damage":5,"enemies":"conspire:HollyBat","floor":24,"turns":13},{"damage":71,"enemies":"Slavers","floor":25,"turns":6}],"seed_played":"7273730276444206961","potions_obtained":[{"floor":11,"key":"Elixir"},{"floor":12,"key":"hexamod:EctoCoolerPotion"},{"floor":16,"key":"AttackPotion"},{"floor":20,"key":"Weak Potion"}],"is_trial":false,"path_per_floor":["M","?","?","$","?","R","$","E","T","E","M","E","M","E","R","B",null,"M","?","M","?","$","E","M","E"],"character_chosen":"IRONCLAD","items_purchased":["PreservedInsect","ReplayTheSpireMod:CursedCoin","Flame Barrier","BloodPotion"],"campfire_rested":0,"item_purchase_floors":[4,7,7,7],"current_hp_per_floor":[74,74,74,74,74,74,74,75,75,75,77,66,72,71,71,59,73,72,72,76,76,76,49,52,0,0],"gold":228,"neow_bonus":"THREE_ENEMY_KILL","is_daily":false,"chose_seed":false,"campfire_upgraded":2,"win_rate":0.0,"timestamp":1609443176,"path_taken":["M","?","?","$","?","R","?","E","T","E","?","E","?","E","R","BOSS","M","?","M","?","$","E","M","E"],"items_purchased_type":["Relic","Relic","Card","Potion"],"build_version":"2020-12-22","purchased_purges":2,"victory":false,"max_hp_per_floor":[75,75,75,75,75,75,75,75,75,75,77,77,77,77,77,77,77,79,79,81,81,81,83,85,85,85],"card_choices":[{"not_picked":["Twin Strike","Dark Embrace"],"picked":"Iron Wave","floor":1},{"not_picked":["conspire:Charge","Life Link"],"picked":"Shockwave","floor":8},{"not_picked":["Twin Strike","Uppercut"],"picked":"Demon Form","floor":10},{"not_picked":["Disarm","Defy Death","Flex"],"picked":"Singing Bowl","floor":11},{"not_picked":["Perfected Strike","Clash"],"picked":"Shrug It Off","floor":12},{"not_picked":["Reckless Charge","Second Wind"],"picked":"ReplayTheSpireMod:Limb From Limb","floor":13},{"not_picked":["Body Slam","Abandon"],"picked":"Metallicize","floor":14},{"not_picked":["Demonic Infusion","Impervious"],"picked":"Limit Break","floor":16},{"not_picked":["Body Slam","True Grit","Warcry"],"picked":"Singing Bowl","floor":18},{"not_picked":["Clothesline","Clash","Replay:Undeath\u0027s Touch"],"picked":"Singing Bowl","floor":20},{"not_picked":["Impervious","ReplayTheSpireMod:Stacked","Warcry"],"picked":"Singing Bowl","floor":23},{"not_picked":["Clothesline","Life Link","Flex"],"picked":"Singing Bowl","floor":24}],"player_experience":371306,"relics_obtained":[{"floor":3,"key":"Ring of Fury"},{"floor":3,"key":"Ring of Misfortune"},{"floor":8,"key":"Singing Bowl"},{"floor":9,"key":"hubris:MysteriousPyramids"},{"floor":10,"key":"CeramicFish"},{"floor":12,"key":"Regal Pillow"},{"floor":14,"key":"infinitespire:Magic Flask"},{"floor":23,"key":"Replay:Bandana"}],"event_choices":[{"damage_healed":0,"gold_gain":150,"player_choice":"AGREE","damage_taken":111,"max_hp_gain":0,"max_hp_loss":0,"event_name":"betterThird:BetterSerpent","floor":2,"gold_loss":0},{"damage_healed":0,"gold_gain":0,"player_choice":"Disagree","damage_taken":0,"max_hp_gain":0,"max_hp_loss":0,"event_name":"conspire:LoneGhost","floor":5,"gold_loss":0},{"damage_healed":0,"gold_gain":0,"cards_transformed":["Strike_R"],"player_choice":"Transformed","damage_taken":0,"max_hp_gain":0,"max_hp_loss":0,"event_name":"Transmorgrifier","floor":21,"gold_loss":0,"cards_obtained":["infinitespire:OneForAll"]}],"is_beta":false,"boss_relics":[{"not_picked":["infinitespire:Cupcake","Ectoplasm"],"picked":"hubris:Backtick"}],"items_purged_floors":[4,22],"is_endless":false,"potions_floor_spawned":[11,12,16,20],"killed_by":"Slavers","ascension_level":20}}