{"host":"skvwuvqqk8x6jusd","time":1609447764,"event":{"mods":["AchievementEnabler","BaseMod","Colored Map","Colored Powertips","Highlight Path","Minty Spire (QoL Compilation)","Relic Stats","Slay-I"],"gold_per_floor":[110,110,130,205,205,205,236,253,253,266,266,290,328,26,26,122,122,82,326,347,347,81,81,115,115,140,65,65,96,96,19,19,115,115,139,152,168,192,212,212,212,212,212,212,236,256,256,100,100,100],"floor_reached":51,"playtime":5327,"items_purged":["Strike_G","Strike_G"],"score":1332,"play_id":"b7d988b1-80c8-40a7-8e6e-6a61253cdc5a","local_time":"20201231204924","is_ascension_mode":true,"campfire_choices":[{"data":"All Out Attack","floor":6,"key":"SMITH"},{"floor":15,"key":"REST"},{"floor":23,"key":"REST"},{"floor":25,"key":"REST"},{"data":"Venomology","floor":28,"key":"SMITH"},{"data":"Acrobatics","floor":30,"key":"SMITH"},{"floor":32,"key":"REST"},{"floor":40,"key":"REST"},{"data":"Flechettes","floor":42,"key":"SMITH"},{"floor":47,"key":"REST"},{"data":"Terror","floor":49,"key":"SMITH"}],"circlet_count":0,"master_deck":["AscendersBane","Strike_G","Strike_G","Defend_G","Defend_G","Defend_G","Defend_G","Defend_G","Survivor","Neutralize","All Out Attack+1","Underhanded Strike","Acrobatics+1","Footwork","Dash","Footwork","Blur","Footwork","Venomology+1","Dodge and Roll+1","Dagger Throw","Blade Dance","Adrenaline","Reflex","Adrenaline","Tactician","Dodge and Roll+1","Dagger Throw","Escape Plan","Flechettes+1","Decay","Terror+1"],"relics":["Ring of the Snake","NeowsBlessing","Kunai","Question Card","Golden Idol","Oddly Smooth Stone","Orichalcum","SlaversCollar","Old Coin","Lantern","Art of War","Snake Skull","Happy Flower","Runic Pyramid","Eternal Feather"],"acts_visited":["Exordium","TheCity","TheBeyond"],"potions_floor_usage":[12,16,20,24,24,33,33,37,38,38,39,44,45,46,46,50,50],"damage_taken":[{"damage":0,"enemies":"Cultist","floor":1,"turns":1},{"damage":0,"enemies":"Small Slimes","floor":3,"turns":1},{"damage":0,"enemies":"Lagavulin","floor":7,"turns":1},{"damage":0,"enemies":"2 Louse","floor":8,"turns":1},{"damage":1,"enemies":"Blue Slaver","floor":10,"turns":4},{"damage":1,"enemies":"Lots of Slimes","floor":12,"turns":2},{"damage":28,"enemies":"Gremlin Nob","floor":13,"turns":5},{"damage":3,"enemies":"The Guardian","floor":16,"turns":18},{"damage":35,"enemies":"2 Thieves","floor":18,"turns":5},{"damage":8,"enemies":"3 Byrds","floor":20,"turns":9},{"damage":4,"enemies":"Slavers","floor":24,"turns":9},{"damage":3,"enemies":"Book of Stabbing","floor":29,"turns":9},{"damage":4,"enemies":"Automaton","floor":33,"turns":15},{"damage":2,"enemies":"Orb Walker","floor":35,"turns":6},{"damage":0,"enemies":"3 Shapes","floor":36,"turns":8},{"damage":2,"enemies":"Sphere and 2 Shapes","floor":37,"turns":10},{"damage":19,"enemies":"Transient","floor":38,"turns":6},{"damage":8,"enemies":"Jaw Worm Horde","floor":39,"turns":7},{"damage":0,"enemies":"3 Darklings","floor":44,"turns":2},{"damage":18,"enemies":"Writhing Mass","floor":45,"turns":14},{"damage":8,"enemies":"Jaw Worm Horde","floor":46,"turns":3},{"damage":13,"enemies":"Donu and Deca","floor":50,"turns":22}],"seed_played":"-7762811831377048343","potions_obtained":[{"floor":1,"key":"Explosive Potion"},{"floor":3,"key":"Explosive Potion"},{"floor":20,"key":"SpeedPotion"},{"floor":29,"key":"Block Potion"},{"floor":36,"key":"Weak Potion"},{"floor":38,"key":"Block Potion"},{"floor":45,"key":"GhostInAJar"}],"is_trial":false,"path_per_floor":["M","$","M","?","?","R","E","M","T","M","?","M","E","$","R","B",null,"M","?","M","?","$","R","E","R","T","?","R","E","R","$","R","B",null,"M","M","M","M","M","R","?","R","T","M","M","M","R","$","R","B",null],"character_chosen":"THE_SILENT","items_purchased":["Blur","Footwork","Orichalcum","Lantern","Blade Dance","Reflex","BlessingOfTheForge"],"campfire_rested":6,"item_purchase_floors":[14,14,14,22,22,31,48],"current_hp_per_floor":[59,59,59,48,48,48,48,48,48,47,47,46,18,18,36,33,53,18,18,10,10,10,28,24,42,42,42,42,39,39,39,57,53,58,56,56,54,35,27,45,45,45,45,45,27,19,55,55,60,56],"gold":100,"neow_bonus":"THREE_ENEMY_KILL","is_daily":false,"chose_seed":false,"campfire_upgraded":5,"win_rate":0.0,"timestamp":1609447764,"path_taken":["M","?","M","?","?","R","E","M","T","M","?","M","E","$","R","BOSS","M","?","?","?","$","R","E","R","T","?","R","E","R","$","R","BOSS","M","M","M","M","M","R","?","R","T","M","?","M","R","$","R","BOSS"],"items_purchased_type":["Card","Card","Relic","Relic","Card","Card","Potion"],"build_version":"2020-12-22","purchased_purges":2,"victory":true,"max_hp_per_floor":[66,66,66,66,66,66,66,66,66,66,60,60,60,60,60,60,60,60,60,60,60,60,60,60,60,60,60,60,60,60,60,60,60,60,60,60,60,60,60,60,60,60,60,60,60,60,60,60,60,60],"relic_stats":{"Happy Flower":[31],"counters":[22,158],"Golden Idol":124,"Eternal Feather":23,"Snake Skull":[2],"Art of War":[9],"Kunai":[76],"Orichalcum":[36],"Question Card":16,"obtain_stats":[{"Lantern":22,"NeowsBlessing":0,"Happy Flower":29,"Golden Idol":11,"Oddly Smooth Stone":13,"Eternal Feather":43,"Snake Skull":26,"Orichalcum":14,"Question Card":9,"Old Coin":19,"SlaversCollar":17,"Art of War":24,"Kunai":7,"Ring of the Snake":0,"Runic Pyramid":34},{"Lantern":10,"NeowsBlessing":0,"Happy Flower":12,"Golden Idol":5,"Oddly Smooth Stone":7,"Eternal Feather":18,"Snake Skull":11,"Orichalcum":7,"Question Card":4,"Old Coin":9,"SlaversCollar":8,"Art of War":11,"Kunai":3,"Ring of the Snake":0,"Runic Pyramid":13},{"Lantern":47,"NeowsBlessing":0,"Happy Flower":65,"Golden Idol":8,"Oddly Smooth Stone":15,"Eternal Feather":117,"Snake Skull":56,"Orichalcum":15,"Question Card":4,"Old Coin":38,"SlaversCollar":33,"Art of War":56,"Kunai":3,"Ring of the Snake":0,"Runic Pyramid":80}],"Ring of the Snake":[44]},"card_choices":[{"not_picked":["Eviscerate","Prepared","Flechettes"],"picked":"SKIP","floor":1},{"not_picked":["Poisoned Stab","Prepared"],"picked":"All Out Attack","floor":3},{"not_picked":["Deflect","All Out Attack"],"picked":"Underhanded Strike","floor":7},{"not_picked":["Flying Knee","Cloak And Dagger"],"picked":"Acrobatics","floor":8},{"not_picked":["Dodge and Roll","Catalyst","Dagger Spray"],"picked":"Footwork","floor":10},{"not_picked":["Outmaneuver","Noxious Fumes","Doppelganger"],"picked":"Dash","floor":12},{"not_picked":["Slice","Calculated Gamble","Dagger Spray"],"picked":"Footwork","floor":13},{"not_picked":["Night Terror","Phantasmal Killer","Malaise"],"picked":"Venomology","floor":16},{"not_picked":["Underhanded Strike","Poisoned Stab","Blade Dance"],"picked":"Dodge and Roll+1","floor":18},{"not_picked":["Catalyst","Sucker Punch","Quick Slash"],"picked":"Dagger Throw","floor":20},{"not_picked":["Dodge and Roll","Prepared","Flying Knee"],"picked":"Adrenaline","floor":24},{"not_picked":["Outmaneuver","Doppelganger","Quick Slash","Choke"],"picked":"SKIP","floor":29},{"not_picked":["Die Die Die","Venomology","Storm of Steel"],"picked":"Adrenaline","floor":33},{"not_picked":["Dagger Spray","Terror","Setup"],"picked":"Tactician","floor":35},{"not_picked":["Sucker Punch+1","Backflip","Quick Slash"],"picked":"Dodge and Roll+1","floor":36},{"not_picked":["Leg Sweep","Dagger Spray","Well Laid Plans"],"picked":"Dagger Throw","floor":37},{"not_picked":["Finisher","All Out Attack","Noxious Fumes"],"picked":"Escape Plan","floor":38},{"not_picked":["Acrobatics","Poisoned Stab+1","Infinite Blades"],"picked":"Flechettes","floor":39},{"not_picked":["Glass Knife","Quick Slash+1","Well Laid Plans","Choke+1"],"picked":"SKIP","floor":45},{"not_picked":["Prepared","Underhanded Strike","Sucker Punch"],"picked":"Terror","floor":46}],"player_experience":561838,"relics_obtained":[{"floor":7,"key":"Kunai"},{"floor":9,"key":"Question Card"},{"floor":13,"key":"Oddly Smooth Stone"},{"floor":24,"key":"Art of War"},{"floor":26,"key":"Snake Skull"},{"floor":29,"key":"Happy Flower"},{"floor":43,"key":"Eternal Feather"}],"event_choices":[{"damage_healed":0,"gold_gain":75,"player_choice":"Gather Gold","damage_taken":11,"max_hp_gain":0,"max_hp_loss":0,"event_name":"World of Goop","floor":4,"gold_loss":0},{"damage_healed":0,"gold_gain":0,"player_choice":"Leave","damage_taken":0,"max_hp_gain":0,"max_hp_loss":0,"event_name":"The Cleric","floor":5,"gold_loss":0},{"damage_healed":0,"gold_gain":0,"player_choice":"Lose Max HP","damage_taken":0,"relics_obtained":["Golden Idol"],"max_hp_gain":0,"max_hp_loss":6,"event_name":"Golden Idol","floor":11,"gold_loss":0},{"damage_healed":0,"gold_gain":0,"player_choice":"Paid Gold","damage_taken":0,"relics_obtained":["Old Coin"],"max_hp_gain":0,"max_hp_loss":0,"event_name":"WeMeetAgain","floor":19,"gold_loss":56},{"damage_healed":0,"gold_gain":0,"player_choice":"Ignored","damage_taken":0,"max_hp_gain":0,"max_hp_loss":0,"event_name":"Cursed Tome","floor":21,"gold_loss":0},{"cards_removed":["Strike_G"],"damage_healed":0,"gold_gain":0,"player_choice":"Gave Gold","damage_taken":0,"max_hp_gain":0,"max_hp_loss":0,"event_name":"Beggar","floor":27,"gold_loss":75},{"damage_healed":0,"gold_gain":0,"player_choice":"Cursed","damage_taken":0,"max_hp_gain":0,"max_hp_loss":0,"event_name":"Wheel of Change","floor":41,"gold_loss":0,"cards_obtained":["Decay"]}],"is_beta":false,"boss_relics":[{"not_picked":["HoveringKite","Sozu"],"picked":"SlaversCollar"},{"not_picked":["Velvet Choker","Pandora\u0027s Box"],"picked":"Runic Pyramid"}],"items_purged_floors":[22,48],"is_endless":false,"potions_floor_spawned":[1,3,10,20,29,36,38,44,45],"ascension_level":19}}