{"host":"37dk0reb6x0du8wx","time":1609422708,"event":{"mods":["BaseMod","Colored Map","DeckTracker","Minty Spire (QoL Compilation)","Quick Restart","StSLib","SuperFastMode","The Dragon Tamer"],"gold_per_floor":[115,115,115,136,154,154,198,198,198,219,255,275,293,307,307,437,437,452,9,9,34,34,34,52,52,78,97,97,97,111,131,131,131,131],"floor_reached":33,"playtime":1117,"items_purged":["Strike_G"],"score":274,"play_id":"fa1ae8f7-f01e-48a9-9844-5031228489ea","local_time":"20201231225148","is_ascension_mode":true,"campfire_choices":[{"floor":6,"key":"REST"},{"data":"Cloak And Dagger","floor":8,"key":"SMITH"},{"floor":15,"key":"REST"},{"floor":23,"key":"REST"},{"floor":25,"key":"RECALL"},{"floor":28,"key":"REST"},{"floor":32,"key":"REST"}],"circlet_count":0,"master_deck":["Strike_G","Strike_G","Strike_G","Strike_G","Defend_G","Defend_G","Defend_G","Defend_G","Defend_G","Survivor+1","Neutralize","Slice","Cloak And Dagger+1","Footwork","Blade Dance","Slice","Accuracy+1","Slice"],"relics":["Ring of the Snake","NeowsBlessing","Bloody Idol","Pen Nib","Pantograph","Pocketwatch","HoveringKite","MealTicket","Sling","Anchor"],"acts_visited":["Exordium","TheCity"],"potions_floor_usage":[14,16,16,16,27,33,33],"damage_taken":[{"damage":0,"enemies":"Jaw Worm","floor":1,"turns":1},{"damage":0,"enemies":"Cultist","floor":4,"turns":1},{"damage":0,"enemies":"Small Slimes","floor":5,"turns":1},{"damage":55,"enemies":"Gremlin Nob","floor":7,"turns":6},{"damage":0,"enemies":"Gremlin Gang","floor":10,"turns":7},{"damage":7,"enemies":"3 Sentries","floor":11,"turns":11},{"damage":0,"enemies":"Exordium Wildlife","floor":12,"turns":4},{"damage":0,"enemies":"Large Slime","floor":13,"turns":5},{"damage":7,"enemies":"Looter","floor":14,"turns":3},{"damage":33,"enemies":"The Guardian","floor":16,"turns":13},{"damage":13,"enemies":"Chosen","floor":18,"turns":6},{"damage":15,"enemies":"Spheric Guardian","floor":21,"turns":4},{"damage":14,"enemies":"Cultist and Chosen","floor":24,"turns":5},{"damage":14,"enemies":"Snake Plant","floor":27,"turns":7},{"damage":31,"enemies":"Shelled Parasite and Fungi","floor":30,"turns":6},{"damage":13,"enemies":"Cultist and Chosen","floor":31,"turns":8},{"damage":71,"enemies":"Champ","floor":33,"turns":12}],"seed_played":"-7855532845400646369","potions_obtained":[{"floor":4,"key":"SkillPotion"},{"floor":10,"key":"AttackPotion"},{"floor":12,"key":"FearPotion"},{"floor":14,"key":"Fire Potion"},{"floor":18,"key":"Poison Potion"},{"floor":21,"key":"SpeedPotion"},{"floor":27,"key":"BlessingOfTheForge"}],"is_trial":false,"path_per_floor":["M","?","?","M","M","R","E","R","T","M","E","M","M","M","R","B",null,"M","$","?","M","?","R","M","R","T","M","R","?","M","M","R","B"],"character_chosen":"THE_SILENT","items_purchased":["Accuracy","MealTicket","Sling"],"campfire_rested":5,"item_purchase_floors":[19,19,19],"current_hp_per_floor":[70,53,53,53,53,70,15,15,15,15,8,8,8,1,22,14,70,57,57,51,36,36,57,43,43,43,29,50,50,24,16,37,0,0],"gold":131,"neow_bonus":"THREE_ENEMY_KILL","is_daily":false,"chose_seed":false,"campfire_upgraded":1,"win_rate":0.0,"timestamp":1609422708,"path_taken":["M","?","?","M","?","R","E","R","T","?","E","M","M","M","R","BOSS","M","?","?","?","?","R","?","R","T","M","R","?","M","M","R","BOSS"],"items_purchased_type":["Card","Relic","Relic"],"build_version":"2020-12-22","purchased_purges":1,"victory":false,"max_hp_per_floor":[70,70,70,70,70,70,70,70,70,70,70,70,70,70,70,70,70,70,70,70,70,70,70,70,70,70,70,70,70,70,70,70,70,70],"card_choices":[{"not_picked":["Quick Slash","Riddle With Holes","Flying Knee"],"picked":"SKIP","floor":1},{"not_picked":["Poisoned Stab","Deflect"],"picked":"Slice","floor":4},{"not_picked":["Outmaneuver","Distraction","Escape Plan"],"picked":"SKIP","floor":5},{"not_picked":["Backstab","Backflip"],"picked":"Cloak And Dagger","floor":7},{"not_picked":["Prepared","Reflex"],"picked":"Footwork","floor":10},{"not_picked":["Doppelganger","Leg Sweep","Sucker Punch"],"picked":"SKIP","floor":11},{"not_picked":["Poisoned Stab","Sucker Punch"],"picked":"Blade Dance","floor":12},{"not_picked":["Underhanded Strike","Deflect"],"picked":"Slice","floor":13},{"not_picked":["Riddle With Holes","Dodge and Roll","Doppelganger"],"picked":"SKIP","floor":14},{"not_picked":["Flying Knee","Riddle With Holes","Poisoned Stab"],"picked":"SKIP","floor":18},{"not_picked":["Dagger Throw","Catalyst"],"picked":"Slice","floor":21},{"not_picked":["Distraction","Masterful Stab","Predator+1"],"picked":"SKIP","floor":24},{"not_picked":["Caltrops","All Out Attack","Bane+1"],"picked":"SKIP","floor":27},{"not_picked":["Bane","Acrobatics+1","Quick Slash"],"picked":"SKIP","floor":30},{"not_picked":["Endless Agony","Noxious Fumes","Dash+1"],"picked":"SKIP","floor":31}],"player_experience":114283,"relics_obtained":[{"floor":7,"key":"Pen Nib"},{"floor":9,"key":"Pantograph"},{"floor":11,"key":"Pocketwatch"},{"floor":26,"key":"Anchor"}],"event_choices":[{"damage_healed":0,"gold_gain":0,"player_choice":"Take Damage","damage_taken":17,"relics_obtained":["Golden Idol"],"max_hp_gain":0,"max_hp_loss":0,"event_name":"Golden Idol","floor":2,"gold_loss":0},{"damage_healed":0,"gold_gain":0,"player_choice":"Forge","damage_taken":0,"max_hp_gain":0,"max_hp_loss":0,"event_name":"Accursed Blacksmith","floor":3,"gold_loss":0,"cards_upgraded":["Survivor"]},{"damage_healed":0,"gold_gain":0,"player_choice":"","damage_taken":6,"max_hp_gain":0,"max_hp_loss":0,"event_name":"Knowing Skull","floor":20,"potions_obtained":[],"gold_loss":0,"cards_obtained":[]},{"damage_healed":0,"gold_gain":0,"player_choice":"Upgraded","damage_taken":0,"max_hp_gain":0,"max_hp_loss":0,"event_name":"Upgrade Shrine","floor":22,"gold_loss":0,"cards_upgraded":["Accuracy"]},{"damage_healed":0,"gold_gain":0,"player_choice":"Gave Idol","damage_taken":0,"relics_obtained":["Bloody Idol"],"max_hp_gain":0,"max_hp_loss":0,"event_name":"Forgotten Altar","floor":29,"relics_lost":["Golden Idol"],"gold_loss":0}],"is_beta":false,"boss_relics":[{"not_picked":["Cursed Key","Busted Crown"],"picked":"HoveringKite"}],"items_purged_floors":[19],"is_endless":false,"potions_floor_spawned":[4,10,12,14,18,21,27],"killed_by":"Champ","ascension_level":1}}