{"host":"w3x3n9s6mrz4xpf0","time":1609415477,"event":{"mods":["BaseMod","Minty Spire (QoL Compilation)","StSLib","SuperFastMode"],"gold_per_floor":[111,122,122,140,95,95,131,131,131,167,190,221,221,261,261,381,381,395,411,336,351,374,412,451,486,535,535,575,590,270,270,270,401,401,417,432,432,450,471,511,562,562,562,388,388,431,446,198,198,198],"floor_reached":51,"playtime":2283,"items_purged":["Strike_G","Strike_G","Strike_G","Flying Knee"],"score":1545,"play_id":"c95511d6-d8fa-4eeb-9dc0-f12fe0363ea3","local_time":"20201231205117","is_ascension_mode":true,"campfire_choices":[{"data":"Venomology","floor":6.0,"key":"SMITH"},{"floor":8.0,"key":"REST"},{"floor":13.0,"key":"REST"},{"data":"Bouncing Flask","floor":15.0,"key":"SMITH"},{"data":"Acrobatics","floor":27.0,"key":"SMITH"},{"data":"Neutralize","floor":32.0,"key":"SMITH"},{"data":"PiercingWail","floor":42,"key":"SMITH"},{"data":"Backflip","floor":45,"key":"SMITH"},{"floor":49,"key":"REST"}],"circlet_count":0,"master_deck":["Defend_G","Defend_G","Defend_G","Defend_G+1","Defend_G","Survivor+1","Neutralize+1","PiercingWail+1","Venomology+1","Bouncing Flask+1","Acrobatics+1","Grand Finale+1","Backflip+1","Escape Plan+1","Tactician+1","Purity+1"],"relics":["Black Star","Golden Idol","White Beast Statue","Singing Bowl","Sundial","Potion Belt","Meat on the Bone","Anchor","Blood Vial","Gremlin Horn","Eternal Feather","Runic Pyramid","Darkstone Periapt","War Paint","Red Mask","Ice Cream","Toxic Egg 2","Boot","Lantern","HornCleat","Medical Kit","Empty Cage","Vajra","Omamori","Regal Pillow","Ancient Tea Set","Bronze Scales","Dream Catcher"],"acts_visited":["Exordium","TheCity","TheBeyond"],"potions_floor_usage":[38,38,40,40,50,50,50,50,50],"damage_taken":[{"damage":2.0,"enemies":"Cultist","floor":1.0,"turns":5.0},{"damage":0.0,"enemies":"2 Louse","floor":2.0,"turns":3.0},{"damage":4.0,"enemies":"Jaw Worm","floor":4.0,"turns":4.0},{"damage":2.0,"enemies":"Looter","floor":5.0,"turns":5.0},{"damage":45.0,"enemies":"Gremlin Nob","floor":7.0,"turns":6.0},{"damage":2.0,"enemies":"Lagavulin","floor":10.0,"turns":7.0},{"damage":5.0,"enemies":"Gremlin Gang","floor":11.0,"turns":8.0},{"damage":35.0,"enemies":"3 Sentries","floor":12.0,"turns":11.0},{"damage":35.0,"enemies":"Lagavulin","floor":14.0,"turns":10.0},{"damage":1.0,"enemies":"Hexaghost","floor":16.0,"turns":9.0},{"damage":0.0,"enemies":"Shell Parasite","floor":18.0,"turns":5.0},{"damage":0.0,"enemies":"Chosen","floor":19.0,"turns":5.0},{"damage":5.0,"enemies":"Centurion and Healer","floor":21.0,"turns":3.0},{"damage":0.0,"enemies":"Snecko","floor":22.0,"turns":5.0},{"damage":0.0,"enemies":"Slavers","floor":23.0,"turns":2.0},{"damage":0.0,"enemies":"Masked Bandits","floor":24.0,"turns":3.0},{"damage":0.0,"enemies":"Book of Stabbing","floor":25.0,"turns":5.0},{"damage":13.0,"enemies":"Slavers","floor":28.0,"turns":3.0},{"damage":2.0,"enemies":"Chosen and Byrds","floor":29.0,"turns":5.0},{"damage":11.0,"enemies":"Collector","floor":33.0,"turns":8.0},{"damage":0.0,"enemies":"3 Shapes","floor":35.0,"turns":3.0},{"damage":0.0,"enemies":"3 Darklings","floor":36.0,"turns":2.0},{"damage":0,"enemies":"Sphere and 2 Shapes","floor":38,"turns":3},{"damage":0,"enemies":"Writhing Mass","floor":39,"turns":5},{"damage":3,"enemies":"Nemesis","floor":40,"turns":7},{"damage":0,"enemies":"Giant Head","floor":46,"turns":6},{"damage":0,"enemies":"Jaw Worm Horde","floor":47,"turns":2},{"damage":0,"enemies":"Donu and Deca","floor":50,"turns":2}],"seed_played":"6342676436482389924","potions_obtained":[{"floor":7.0,"key":"Block Potion"},{"floor":10.0,"key":"Block Potion"},{"floor":11.0,"key":"DuplicationPotion"},{"floor":12.0,"key":"LiquidBronze"},{"floor":14.0,"key":"Swift Potion"},{"floor":16.0,"key":"Energy Potion"},{"floor":18.0,"key":"ColorlessPotion"},{"floor":19.0,"key":"Ancient Potion"},{"floor":22.0,"key":"Poison Potion"},{"floor":23.0,"key":"Poison Potion"},{"floor":24.0,"key":"PowerPotion"},{"floor":28.0,"key":"SmokeBomb"},{"floor":29.0,"key":"ColorlessPotion"},{"floor":36.0,"key":"GhostInAJar"},{"floor":38,"key":"Fruit Juice"},{"floor":40,"key":"Strength Potion"}],"is_trial":false,"path_per_floor":["M","M","?","M","M","R","E","R","T","E","M","E","R","E","R","B",null,"M","M","$","M","M","E","?","E","T","R","E","M","$","?","R","B",null,"M","M","?","M","M","E","T","R","T","$","R","E","M","$","R","B",null],"character_chosen":"THE_SILENT","items_purchased":["Escape Plan+1","Medical Kit","Swift Potion","Purity+1"],"campfire_rested":3,"item_purchase_floors":[30,30,44,48],"current_hp_per_floor":[61,61,61,57,55,55,12,32,32,30,37,16,36,15,24,37,61,65,69,69,68,72,76,78,81,81,81,70,72,72,72,81,74,84,88,91,91,98,100,102,102,102,102,102,102,104,104,104,106,106],"gold":198,"neow_bonus":"BOSS_RELIC","is_daily":false,"chose_seed":false,"campfire_upgraded":6,"win_rate":0.0,"timestamp":1609415477,"path_taken":["M","?","?","M","M","R","E","R","T","E","M","E","R","E","R","BOSS","M","M","$","M","M","E","?","E","T","R","E","M","$","?","R","BOSS","M","?","?","M","M","E","?","R","T","$","R","E","M","?","R","BOSS"],"items_purchased_type":["Card","Relic","Potion","Card"],"build_version":"2020-12-22","purchased_purges":4,"victory":true,"max_hp_per_floor":[70,70,65,65,65,65,67,67,67,67,67,69,69,69,69,69,69,71,73,73,75,77,79,79,81,81,81,83,85,85,85,85,87,87,89,91,91,98,100,102,102,102,102,102,102,104,104,104,106,106],"card_choices":[{"not_picked":["Backflip","Dodge and Roll"],"picked":"Flying Knee","floor":1.0},{"not_picked":["Prepared","Slice","Underhanded Strike"],"picked":"SKIP","floor":2.0},{"not_picked":["Tactician","Flechettes"],"picked":"PiercingWail","floor":4.0},{"not_picked":["Dodge and Roll","Escape Plan"],"picked":"Venomology","floor":5.0},{"not_picked":["Slice","Accuracy","Quick Slash"],"picked":"Singing Bowl","floor":7.0},{"not_picked":["Eviscerate","Prepared"],"picked":"Bouncing Flask","floor":10.0},{"not_picked":["PiercingWail","Cloak And Dagger"],"picked":"Well Laid Plans","floor":11.0},{"not_picked":["Blade Dance","Escape Plan","Blur"],"picked":"Singing Bowl","floor":12.0},{"not_picked":["Adrenaline","Underhanded Strike"],"picked":"Acrobatics","floor":14.0},{"not_picked":["Unload","Glass Knife"],"picked":"Grand Finale","floor":16.0},{"not_picked":["Dash+1","Prepared","Quick Slash"],"picked":"Singing Bowl","floor":18.0},{"not_picked":["Infinite Blades","Underhanded Strike","Blade Dance"],"picked":"Singing Bowl","floor":19.0},{"not_picked":["Infinite Blades+1","Bouncing Flask","Predator"],"picked":"Singing Bowl","floor":21.0},{"not_picked":["Dagger Spray","Poisoned Stab","Escape Plan"],"picked":"Singing Bowl","floor":22.0},{"not_picked":["Deadly Poison","Caltrops","Footwork"],"picked":"Singing Bowl","floor":23.0},{"not_picked":["Slice","Bouncing Flask"],"picked":"Backflip","floor":24.0},{"not_picked":["Accuracy","Bane","Envenom"],"picked":"Singing Bowl","floor":25.0},{"not_picked":["Blade Dance+1","PiercingWail+1","Flying Knee+1"],"picked":"Singing Bowl","floor":28.0},{"not_picked":["Slice","Masterful Stab","Flying Knee"],"picked":"Singing Bowl","floor":29.0},{"not_picked":["A Thousand Cuts","Night Terror+1","Burst+1"],"picked":"Singing Bowl","floor":33.0},{"not_picked":["Backflip+1","Blur+1","Outmaneuver+1"],"picked":"Singing Bowl","floor":35.0},{"not_picked":["Leg Sweep+1","Predator+1","Blade Dance+1"],"picked":"Singing Bowl","floor":36.0},{"not_picked":["Prepared+1","Dagger Spray","Quick Slash+1"],"picked":"Singing Bowl","floor":38},{"not_picked":["Crippling Poison+1","Accuracy+1","Bane"],"picked":"Singing Bowl","floor":39},{"not_picked":["Noxious Fumes+1","Outmaneuver+1","Cloak And Dagger+1"],"picked":"Singing Bowl","floor":40},{"not_picked":["Corpse Explosion+1","Predator+1","Poisoned Stab"],"picked":"Singing Bowl","floor":46},{"not_picked":["Slice+1","Cloak And Dagger+1"],"picked":"Tactician+1","floor":47},{"not_picked":["Skewer+1","Quick Slash","Flying Knee+1"],"picked":"Singing Bowl","floor":49}],"player_experience":81350,"relics_obtained":[{"floor":7.0,"key":"White Beast Statue"},{"floor":7.0,"key":"Singing Bowl"},{"floor":9.0,"key":"Sundial"},{"floor":10.0,"key":"Potion Belt"},{"floor":10.0,"key":"Meat on the Bone"},{"floor":12.0,"key":"Anchor"},{"floor":12.0,"key":"Blood Vial"},{"floor":14.0,"key":"Gremlin Horn"},{"floor":14.0,"key":"Eternal Feather"},{"floor":23.0,"key":"Darkstone Periapt"},{"floor":23.0,"key":"War Paint"},{"floor":24.0,"key":"Red Mask"},{"floor":25.0,"key":"Ice Cream"},{"floor":25.0,"key":"Toxic Egg 2"},{"floor":26.0,"key":"Boot"},{"floor":28.0,"key":"Lantern"},{"floor":28.0,"key":"HornCleat"},{"floor":40,"key":"Vajra"},{"floor":40,"key":"Omamori"},{"floor":41,"key":"Regal Pillow"},{"floor":43,"key":"Ancient Tea Set"},{"floor":46,"key":"Bronze Scales"},{"floor":46,"key":"Dream Catcher"}],"event_choices":[{"damage_healed":0.0,"max_hp_gain":0.0,"max_hp_loss":5.0,"gold_gain":0.0,"event_name":"Golden Idol","player_choice":"Lose Max HP","floor":3.0,"gold_loss":0.0,"damage_taken":0.0,"relics_obtained":["Golden Idol"]},{"damage_healed":0.0,"max_hp_gain":0.0,"max_hp_loss":0.0,"gold_gain":0.0,"event_name":"Masked Bandits","player_choice":"Fought Bandits","floor":24.0,"gold_loss":0.0,"damage_taken":0.0},{"damage_healed":0.0,"max_hp_gain":0.0,"max_hp_loss":0.0,"gold_gain":0.0,"event_name":"Upgrade Shrine","player_choice":"Upgraded","floor":31.0,"gold_loss":0.0,"damage_taken":0.0,"cards_upgraded":["Grand Finale"]},{"cards_removed":["Well Laid Plans"],"damage_healed":0.0,"max_hp_gain":0.0,"max_hp_loss":0.0,"gold_gain":0.0,"event_name":"Falling","player_choice":"Removed Power","floor":37.0,"gold_loss":0.0,"damage_taken":0.0}],"is_beta":false,"boss_relics":[{"not_picked":["Philosopher\u0027s Stone","Snecko Eye"],"picked":"Runic Pyramid"},{"not_picked":["Velvet Choker","Sozu"],"picked":"Empty Cage"}],"items_purged_floors":[20,30,44,48],"is_endless":false,"potions_floor_spawned":[7,10,11,12,14,16,18,19,21,22,23,24,28,29,33,35,36,38,39,40,46,47],"ascension_level":9}}