{"host":"nx6ib2o6hmd449ys","time":1609410236,"event":{"mods":["2.2 Compatiblity","Abigail Mod","Act Like it!","Arknights The Spire","Aspiration","BaseMod","Better Silent Start","Better Third Choice","BetterRewards","CCEM","CapriCore","Chen","Conjunction","Conspire","Downfall","Ekko, The boy who shattered time","Eldritch Tears","Elementarium","Energized Spire","Fireblade Mod","Friendly Minions","Gensokyo","GifTheSpireLib","GungeonMod","Halation","Hallownest","HornydragonMod","Hubris","Infinite Spire","Jedi Mod","Koishi","KomeijiMod","LagranYue(???·?)","Marisa????????","Menagerie","Mimic Mod","Minty Spire (QoL Compilation)","MostiFishMod","Quick Restart","Rare Cards Sparkle","RatMod","Reimu??????","Remilia??????","Replay The Spire","RumiaBox-????????","Shop Mod","Small Relic Pack","Spicy Shops","Spikes Relics","StSLib","Stuff the Spire","TestMod","The Administrix","The Bladedancer","The Blue Laboratory","The Caster","The Clintock","The Dragon Tamer","The Exalted","The Factory","The Jungle","The Marked","The Runesmith","TheWitcher","Thrall Mod","Wandering Minibosses","Yakumo Yukari mod","Yuri Mod","Yuyuko","[IsaacMod]????","noobMod","sanctuary","vexMod","??????REMEMod"],"gold_per_floor":[14,114,134,47,47,47,78,3,14,59,79,108,33,70,83,197,197,497,517,517,517,537,573,573,609,641,668,95,20,40,40,57,159,159,159,206,7,13,13,13],"floor_reached":38,"playtime":2727,"items_purged":[],"score":937,"play_id":"972dba1c-f02d-4a89-89a1-0d5c9b16059b","local_time":"20201231112356","is_ascension_mode":true,"campfire_choices":[{"floor":1,"key":"RECALL"},{"data":"Replay:SS_fish_2","floor":8,"key":"SMITH"},{"data":"Guardian:BaubleBeam","floor":13,"key":"SMITH"},{"floor":18,"key":"DIG"},{"data":"DiffusionOfMisfortune","floor":29,"key":"SMITH"},{"data":"EpicFetus","floor":35,"key":"SMITH"}],"circlet_count":0,"master_deck":["Guardian:Strike_Guardian","Guardian:Strike_Guardian","Guardian:Strike_Guardian","Guardian:Strike_Guardian","Guardian:Defend_Guardian","Guardian:Defend_Guardian","Guardian:Defend_Guardian","Guardian:Defend_Guardian","Guardian:CurlUp","Guardian:TwinSlam","Replay:SS_fish_2+1","Guardian:Gem_Green","Clumsy","Guardian:DecasProtection","Guardian:SpikerProtocol","Guardian:RevengeProtocol","Guardian:ArmoredProtocol","Guardian:Gem_Synthetic","Guardian:BaubleBeam+1","Guardian:StasisField","Guardian:Gem_Crimson","Guardian:MultiBeam","Guardian:WalkerClaw","Shame","DoubleSpark","DiffusionOfMisfortune+1","champ:CheapShot","Guardian:Reroute","Thecoin","Conserve Battery","Guardian:CompilePackage","ChainGang+1","Guardian:Gem_Orange","ats:Beaten Up+1","expansioncontent:GoopSpray","Bromod:Stormbringer","Eclipse","AdministrixMod:LifeforceNet","EpicFetus+1","MostiFishMod:ButterFly","Replay:SS_forest_2+1","Guardian:GuardianWhirl+1","Koishi:JumpScare+1"],"relics":["Guardian:ModeShifter","HushsDoor","DaveBox","testmod-TestBox","ice","REME_ComplimentaryCards","SteamSale","OrangePellets","testmod-ObsoleteBoomerang","LagranYue:RandomDrawCardRelic","Pondfish Scales","vexMod:HeadHunter","CaptainsWheel","HandDrill","Gensokyo:NagashiBinaDoll","vexMod:ConsolationPrize","downfall:HeartBlessingRed","ats:Originium","Juzu Bracelet","conspire:GiftBox","downfall:HeartBlessingBlue","energizedSpire:NeverEndingSparkler","Old Coin","Prayer Wheel","PrismaticShard","CCEMRelics:GrindingGear","D6","Matryoshka","SalivaCoin","hubris:CuriousFeather","halation:TwoAmDonut","SynthV","downfall:HeartBlessingGreen","hubris:Icosahedron","LagranYue:SoulBurningRelic","testmod-Charity","Damocles","halation:QuantumPhysicsTextbook"],"acts_visited":["Gensokyo:Gensokyo","TheCity","TheBeyond"],"potions_floor_usage":[14,14,19,38],"damage_taken":[{"damage":8,"enemies":"Gensokyo:Gryphon","floor":2,"turns":3},{"damage":7,"enemies":"Gensokyo:2_Kodama","floor":3,"turns":3},{"damage":0,"enemies":"downfall:FleeingMerchant","floor":4,"turns":4},{"damage":0,"enemies":"Gensokyo:3_Fairies","floor":7,"turns":4},{"damage":0,"enemies":"Gensokyo:3_Fairies","floor":9,"turns":4},{"damage":14,"enemies":"Gensokyo:Mamizou","floor":10,"turns":7},{"damage":0,"enemies":"Gensokyo:Gryphon_and_Rabbit","floor":11,"turns":4},{"damage":1,"enemies":"Gensokyo:Aya","floor":12,"turns":4},{"damage":0,"enemies":"Gensokyo:Mamizou","floor":14,"turns":6},{"damage":0,"enemies":"Gensokyo:LivingMonolith","floor":15,"turns":3},{"damage":13,"enemies":"downfall:Watcher","floor":16,"turns":6},{"damage":0,"enemies":"3 Byrds","floor":19,"turns":3},{"damage":1,"enemies":"conspire:FuzzyDice","floor":22,"turns":4},{"damage":10,"enemies":"conspire:Head Lice","floor":23,"turns":6},{"damage":0,"enemies":"Shelled Parasite and Fungi","floor":25,"turns":4},{"damage":12,"enemies":"Shelled Parasite and Fungi","floor":26,"turns":3},{"damage":0,"enemies":"conspire:SneckoGhost","floor":27,"turns":4},{"damage":0,"enemies":"downfall:FleeingMerchant","floor":28,"turns":5},{"damage":0,"enemies":"conspire:HollyBat","floor":30,"turns":8},{"damage":0,"enemies":"Snake Plant","floor":32,"turns":2},{"damage":0,"enemies":"downfall:Defect","floor":33,"turns":5},{"damage":13,"enemies":"Orb Walker","floor":36,"turns":3},{"damage":3,"enemies":"downfall:FleeingMerchant","floor":37,"turns":3},{"damage":2,"enemies":"3 Shapes","floor":38,"turns":1}],"seed_played":"-3866444996331058868","potions_obtained":[{"floor":3,"key":"Keypotion"},{"floor":9,"key":"BlessingOfTheForge"},{"floor":11,"key":"ColorlessPotion"},{"floor":15,"key":"Explosive Potion"},{"floor":22,"key":"Venom Potion"},{"floor":30,"key":"SpeedPotion"},{"floor":32,"key":"Languid Potion"}],"is_trial":false,"path_per_floor":["R","M","M","$","?","?","MIM","R","M","E","M","E","R","E","M","B",null,"R","M","?","?","M","E","T","?","M","E","$","R","M","?","M","B",null,"R","M","$","M"],"character_chosen":"GUARDIAN","items_purchased":["vexMod:HeadHunter","CaptainsWheel","Replay:SS_fish_2","HandDrill","hubris:CuriousFeather","halation:TwoAmDonut","SynthV","expansioncontent:GoopSpray","EpicFetus","MostiFishMod:ButterFly","testmod-Charity","Damocles","halation:QuantumPhysicsTextbook"],"campfire_rested":0,"item_purchase_floors":[0,0,0,4,28,28,28,28,34,34,37,37,37],"current_hp_per_floor":[44,44,45,53,53,37,45,45,59,59,73,80,90,96,96,83,96,96,96,96,88,87,92,92,92,80,80,94,94,94,94,94,94,89,89,79,76,0,0,0],"gold":13,"neow_bonus":"","is_daily":false,"chose_seed":false,"campfire_upgraded":4,"win_rate":0.0,"timestamp":1609410236,"path_taken":["R","M","M","$","?","?","MIM","R","M","E","M","E","R","E","M","BOSS","R","M","?","?","M","E","T","?","M","E","$","R","M","?","M","BOSS","R","M","$","M"],"items_purchased_type":["Relic","Relic","Card","Relic","Relic","Relic","Relic","Card","Card","Card","Relic","Relic","Relic"],"build_version":"2020-12-13","purchased_purges":0,"victory":false,"max_hp_per_floor":[80,80,80,80,80,80,80,80,80,80,80,80,90,96,96,96,96,96,96,96,96,96,96,96,96,96,96,96,96,96,96,96,96,89,89,89,89,90,90,90],"card_choices":[{"not_picked":["Guardian:Gem_Purple","Guardian:Suspension"],"picked":"Guardian:Gem_Green","floor":2},{"not_picked":["Guardian:TimeBomb","Guardian:PrimingBeam"],"picked":"Guardian:Gem_Lightblue","floor":3},{"not_picked":["Guardian:TemporalShield","Guardian:ChargeCore"],"picked":"Guardian:Gem_Red","floor":4},{"not_picked":["Guardian:Gem_Synthetic","Guardian:Gem_Green"],"picked":"Guardian:DecasProtection","floor":7},{"not_picked":["Guardian:ShieldCharger","Guardian:CrystalBeam"],"picked":"Guardian:SpikerProtocol","floor":9},{"not_picked":["Guardian:GemFinder","Guardian:Gem_Synthetic"],"picked":"Guardian:RevengeProtocol","floor":10},{"not_picked":["Guardian:WalkerClaw","Guardian:ShieldCharger"],"picked":"Guardian:ArmoredProtocol","floor":10},{"not_picked":["Guardian:ShieldCharger","Guardian:Repulse","Guardian:Recover"],"picked":"SKIP","floor":11},{"not_picked":["Guardian:GemFinder","Guardian:RevengeProtocol"],"picked":"Guardian:Gem_Synthetic","floor":12},{"not_picked":["Guardian:StasisField","Guardian:SphericShield"],"picked":"Guardian:BaubleBeam","floor":12},{"not_picked":["Guardian:PiercingHide","Guardian:VentSteam"],"picked":"Guardian:Gem_Crimson","floor":12},{"not_picked":["Guardian:AncientConstruct","Guardian:RevengeProtocol"],"picked":"Guardian:StasisField","floor":14},{"not_picked":["Guardian:BronzeArmor","Guardian:Planning"],"picked":"Guardian:Gem_Crimson","floor":14},{"not_picked":["Guardian:WalkerClaw","Guardian:ChargeCore"],"picked":"Guardian:MultiBeam","floor":15},{"not_picked":["Guardian:ExploitGems","Guardian:TimeSifter"],"picked":"Guardian:Gem_Orange","floor":16},{"not_picked":["Guardian:Clone+1","Guardian:Planning"],"picked":"Guardian:WalkerClaw","floor":19},{"not_picked":["Guardian:Incinerate","Guardian:Suspension"],"picked":"Guardian:Gem_Red","floor":21},{"not_picked":["DemoMod:HuntsMan","Runesmith:BackupBattery"],"picked":"DoubleSpark","floor":22},{"not_picked":["blademaster:Sharpen","AbbyMod:CloneArmy+1"],"picked":"DiffusionOfMisfortune","floor":22},{"not_picked":["champ:GutPunch+1","champ:BladeFlurry"],"picked":"champ:CheapShot","floor":23},{"not_picked":["Guardian:TimeSifter","Guardian:AncientConstruct","Guardian:SphericShield"],"picked":"SKIP","floor":23},{"not_picked":["Self Repair","Koishi:SpiritedAway"],"picked":"Guardian:Reroute","floor":25},{"not_picked":["ShrimpCocktail+1","blademaster:ThunderingOpener"],"picked":"Thecoin","floor":26},{"not_picked":["AbbyMod:Keyblade","Dark Shackles"],"picked":"Conserve Battery","floor":26},{"not_picked":["Guardian:FastForward","Guardian:Gem_Orange"],"picked":"Guardian:CompilePackage","floor":27},{"not_picked":["ekkoTheBoyWhoShatteredTime:Acceleration","Replay:SS_fish_3"],"picked":"ChainGang+1","floor":27},{"not_picked":["blademaster:FlockOfBlades","Hex+1"],"picked":"ats:Beaten Up+1","floor":28},{"not_picked":["ReplayTheSpireMod:Strike From Hell","AbbyMod:FlyingMascot"],"picked":"Bromod:Stormbringer","floor":30},{"not_picked":["Bloom+1","hexamod:ExtraCrispy","Chen:Salvo+1"],"picked":"SKIP","floor":30},{"not_picked":["Koishi:PhantomBarrier","SnafuTest:PowerAlwaysAWay"],"picked":"Eclipse","floor":32},{"not_picked":["EAMod:AkomiFlameWhip","Runesmith:EnergizedChisel","SnafuTest:ShoulderSlam+1"],"picked":"SKIP","floor":32},{"not_picked":["theMarked:MuscleMemory","theMarked:TurnInvisible"],"picked":"AdministrixMod:LifeforceNet","floor":33},{"not_picked":["caster:LAZER","AdministrixMod:QuietConspiracy+1"],"picked":"Replay:SS_forest_2+1","floor":36},{"not_picked":["DTMod:BuildUp+1","ats:Curse Doll+1"],"picked":"Guardian:GuardianWhirl+1","floor":36},{"not_picked":["SnafuTest:WitchHunt+1","Doomhammer+1"],"picked":"Koishi:JumpScare+1","floor":37}],"player_experience":469578,"relics_obtained":[{"floor":10,"key":"ats:Originium"},{"floor":10,"key":"Juzu Bracelet"},{"floor":12,"key":"ats:Originium"},{"floor":12,"key":"conspire:GiftBox"},{"floor":14,"key":"vexMod:BerryBomb"},{"floor":18,"key":"Old Coin"},{"floor":21,"key":"PrismaticShard"},{"floor":23,"key":"ats:Originium"},{"floor":23,"key":"CCEMRelics:GrindingGear"},{"floor":24,"key":"D6"},{"floor":25,"key":"Matryoshka"},{"floor":27,"key":"SalivaCoin"}],"event_choices":[{"damage_healed":0,"gold_gain":0,"player_choice":"Stole Relic","damage_taken":0,"relics_obtained":["Prayer Wheel"],"max_hp_gain":0,"max_hp_loss":0,"event_name":"Addict","floor":20,"gold_loss":0,"cards_obtained":["Shame"]}],"is_beta":false,"boss_relics":[{"not_picked":["aspiration:RitualDagger","hubris:Stopwatch"],"picked":"energizedSpire:NeverEndingSparkler"},{"not_picked":[]},{"not_picked":["energizedSpire:DeadBattery","aspiration:RunicSpoon"],"picked":"LagranYue:SoulBurningRelic"},{"not_picked":[]}],"items_purged_floors":[],"is_endless":false,"potions_floor_spawned":[3,9,11,15,22,30,32,36],"killed_by":"3 Shapes","ascension_level":3}}