{"host":"dcj2yvrgcvh5dl2s","time":1609387252,"event":{"mods":["BaseMod","Better Note","Block Reminder","Colored Powertips","DeckTracker","Minty Spire (QoL Compilation)","Quick Restart","Rare Cards Sparkle","Relic Stats","StSLib"],"gold_per_floor":[115,130,130,140,140,140,140],"floor_reached":6,"playtime":70,"items_purged":[],"score":68,"play_id":"1926ed74-04fe-4230-a0f9-92bd5f802d95","local_time":"20201231140052","is_ascension_mode":true,"campfire_choices":[],"circlet_count":0,"master_deck":["AscendersBane","Strike_R","Strike_R","Strike_R","Strike_R","Strike_R","Defend_R","Defend_R","Defend_R","Defend_R","Bash","True Grit","Body Slam","Metallicize","Regret"],"relics":["Burning Blood","NeowsBlessing","Pantograph","Gremlin Horn"],"acts_visited":["Exordium"],"potions_floor_usage":[6],"damage_taken":[{"damage":0,"enemies":"Jaw Worm","floor":1,"turns":1},{"damage":0,"enemies":"2 Louse","floor":2,"turns":1},{"damage":0,"enemies":"Small Slimes","floor":4,"turns":2},{"damage":78,"enemies":"Gremlin Nob","floor":6,"turns":5}],"seed_played":"-6481200770366276239","potions_obtained":[{"floor":1,"key":"ColorlessPotion"}],"is_trial":false,"path_per_floor":["M","M","?","M","?","E"],"character_chosen":"IRONCLAD","items_purchased":[],"campfire_rested":0,"item_purchase_floors":[],"current_hp_per_floor":[74,75,70,75,75,0,0],"gold":140,"neow_bonus":"THREE_ENEMY_KILL","is_daily":false,"chose_seed":false,"campfire_upgraded":0,"win_rate":0.0,"timestamp":1609387252,"path_taken":["M","M","?","M","?","E"],"items_purchased_type":[],"build_version":"2020-12-22","purchased_purges":0,"victory":false,"max_hp_per_floor":[75,75,75,75,75,75,75],"relic_stats":{"Gremlin Horn":[0,0],"counters":[4,9],"Pantograph":0,"obtain_stats":[{"NeowsBlessing":0,"Gremlin Horn":5,"Pantograph":3,"Burning Blood":0},{"NeowsBlessing":0,"Gremlin Horn":3,"Pantograph":2,"Burning Blood":0},{"NeowsBlessing":0,"Gremlin Horn":4,"Pantograph":2,"Burning Blood":0}],"Burning Blood":12},"card_choices":[{"not_picked":["Rupture","Anger"],"picked":"True Grit","floor":1},{"not_picked":["Twin Strike","Ghostly Armor"],"picked":"Body Slam","floor":2},{"not_picked":["Clash","Second Wind"],"picked":"Metallicize","floor":4}],"player_experience":2119046,"relics_obtained":[],"event_choices":[{"damage_healed":0,"gold_gain":0,"player_choice":"Success","damage_taken":5,"relics_obtained":["Pantograph"],"max_hp_gain":0,"max_hp_loss":0,"event_name":"Scrap Ooze","floor":3,"gold_loss":0},{"damage_healed":0,"gold_gain":0,"player_choice":"Box","damage_taken":0,"relics_obtained":["Gremlin Horn"],"max_hp_gain":0,"max_hp_loss":0,"event_name":"Big Fish","floor":5,"gold_loss":0,"cards_obtained":["Regret"]}],"is_beta":false,"boss_relics":[],"items_purged_floors":[],"is_endless":false,"potions_floor_spawned":[1],"killed_by":"Gremlin Nob","ascension_level":18}}