{"host":"pf9sh7nh6rpu9sau","time":1609430976,"event":{"mods":["2.2 Compatiblity","BaseMod","BetterRewards","Clockwork Mod","Downfall","Hermit","Mad Scientist","Minty Spire (QoL Compilation)","Permanent Neow","Quick Restart","Replay The Spire","Somnambulant","StSLib","The Clintock","The Cursed","The Disciple","The Hierophant","The Necromancer","The Runesmith"],"gold_per_floor":[113,124,143,160,160,160,185,205,205,221,221,221],"floor_reached":11,"playtime":827,"items_purged":[],"score":77,"play_id":"ee3aa9d4-8da7-4b97-b340-eb155e85f8d7","local_time":"20201231110936","is_ascension_mode":false,"campfire_choices":[{"data":"Eruption","floor":6,"key":"SMITH"}],"circlet_count":0,"master_deck":["Strike_P","Strike_P","Strike_P","Defend_P","Defend_P","Defend_P","Defend_P","Eruption+1","Vigilance","Wallop","CutThroughFate","Replay:Hum","Pray","Replay:Vibes","LikeWater","Replay:Battleflow"],"relics":["PureWater","Runesmith:AutoHammer","Incense Burner"],"acts_visited":["Exordium"],"potions_floor_usage":[4],"damage_taken":[{"damage":0,"enemies":"Jaw Worm","floor":1,"turns":3},{"damage":0,"enemies":"Small Slimes","floor":2,"turns":3},{"damage":2,"enemies":"2 Louse","floor":3,"turns":2},{"damage":8,"enemies":"Lots of Slimes","floor":4,"turns":7},{"damage":35,"enemies":"Lagavulin","floor":7,"turns":6},{"damage":0,"enemies":"Exordium Thugs","floor":8,"turns":3},{"damage":3,"enemies":"2 Fungi Beasts","floor":10,"turns":5},{"damage":4,"enemies":"3 Sentries","floor":11,"turns":4}],"seed_played":"2734161993038252938","potions_obtained":[{"floor":2,"key":"BlessingOfTheForge"},{"floor":8,"key":"SpeedPotion"},{"floor":10,"key":"Milkshake"}],"is_trial":false,"path_per_floor":["M","M","M","M","?","R","E","M","T","M","E"],"character_chosen":"WATCHER","items_purchased":[],"campfire_rested":0,"item_purchase_floors":[],"current_hp_per_floor":[72,72,70,62,62,62,27,27,27,24,20,20],"gold":221,"neow_bonus":"TRANSFORM_CARD","is_daily":false,"chose_seed":false,"campfire_upgraded":1,"win_rate":0.0,"timestamp":1609430976,"path_taken":["M","M","M","M","?","R","E","M","T","M","E"],"items_purchased_type":[],"build_version":"2020-12-22","purchased_purges":0,"victory":false,"max_hp_per_floor":[72,72,72,72,72,72,72,72,72,72,72,72],"card_choices":[{"not_picked":["JustLucky","Replay:DivineShield"],"picked":"CutThroughFate","floor":1},{"not_picked":["Crescendo","PathToVictory"],"picked":"Replay:Hum","floor":2},{"not_picked":["ClearTheMind","Meditate"],"picked":"Pray","floor":3},{"not_picked":["FollowUp","Conclude"],"picked":"Replay:Vibes","floor":4},{"not_picked":["ForeignInfluence","EmptyBody"],"picked":"LikeWater","floor":7},{"not_picked":["BattleHymn","Replay:BluntJabs"],"picked":"Replay:Battleflow","floor":8},{"not_picked":["ReachHeaven","FollowUp","Crescendo"],"picked":"SKIP","floor":10}],"player_experience":770468,"relics_obtained":[{"floor":7,"key":"Runesmith:AutoHammer"},{"floor":9,"key":"Incense Burner"}],"event_choices":[{"damage_healed":0,"gold_gain":0,"player_choice":"Ignored","damage_taken":0,"max_hp_gain":0,"max_hp_loss":0,"event_name":"Liars Game","floor":5,"gold_loss":0}],"is_beta":false,"boss_relics":[],"items_purged_floors":[],"is_endless":false,"potions_floor_spawned":[2,8,10],"killed_by":"3 Sentries","ascension_level":0}}