{"host":"867cnhxguf2bzj4x","time":1609410239,"event":{"mods":["BaseMod","Duelist Mod","GifTheSpireLib","Minty Spire (QoL Compilation)","StSLib","The Bug Knight","The Cursed","The Disciple","The Jungle"],"gold_per_floor":[140,65,65,82,82,114,134,151,224,128,128,128,128,144,144,249,249,259,277,30,30,40,40,73,85,97,140,164,176,188,226,238,354,366,388,400,447,181,181,210,210,229,256,284,134,134,134,0,0,0,0],"floor_reached":50,"playtime":2489,"items_purged":["theDuelist:Sparks","theDuelist:Sparks","theDuelist:CursedBill","theDuelist:CastleWalls"],"score":652,"play_id":"ea92bd25-cd77-4aaa-a46a-2ce5be6f1d82","local_time":"20201231112359","is_ascension_mode":false,"campfire_choices":[{"data":"theDuelist:TrihornedDragon","floor":12,"key":"SMITH"},{"data":"theDuelist:MegarockDragon","floor":15,"key":"SMITH"},{"floor":23,"key":"REST"},{"data":"Dramatic Entrance","floor":25,"key":"SMITH"},{"floor":30,"key":"REST"},{"floor":32,"key":"REST"},{"floor":41,"key":"RECALL"},{"floor":47,"key":"REST"},{"floor":49,"key":"REST"}],"circlet_count":0,"master_deck":["theDuelist:BabyDragon","theDuelist:CastleWalls","theDuelist:CaveDragon","theDuelist:CaveDragon","theDuelist:LesserDragon","theDuelist:LesserDragon","theDuelist:YamataDragon","theDuelist:ScrapFactory","theDuelist:FluteKuriboh","theDuelist:TrihornedDragon+1","theDuelist:Lancephorhynchus+1","Dramatic Entrance+1","theDuelist:MegarockDragon+1","theDuelist:HaneHane+1","theDuelist:BarrelDragon+1","theDuelist:DragonRavine+1","theDuelist:RedDragonArchfiend+1","theDuelist:BoosterDragon+1","theDuelist:StardustDragon","theDuelist:FrostflameDragon+1","theDuelist:Nameless:Power:SpiralSpearStrike","theDuelist:BoosterDragon+1"],"relics":["theDuelist:MillenniumPuzzle","theDuelist:CardPoolRelic","theDuelist:CardPoolBasicRelic","theDuelist:BoosterPackPoolRelic","theDuelist:CardPoolAddRelic","theDuelist:CardPoolMinusRelic","theDuelist:CardPoolSaveRelic","theDuelist:CardPoolOptionsRelic","NeowsBlessing","NlothsMask","theDuelist:DuelistUrn","Black Star","Orrery","MutagenicStrength","Orichalcum","MawBank","theDuelist:MetronomeRelicB","Incense Burner","Tough Bandages","Juzu Bracelet","theDuelist:GamblerChip","theDuelist:MillenniumRing","theDuelist:DragonBurnRelic","Sling","theDuelist:BoosterPackSpellEgg","Strawberry","theDuelist:MillenniumRod","theDuelist:YugiMirror","Bag of Marbles","Red Mask"],"acts_visited":["Exordium","TheCity","TheBeyond"],"potions_floor_usage":[40,50,50],"damage_taken":[{"damage":0,"enemies":"Small Slimes","floor":1,"turns":1},{"damage":0,"enemies":"Cultist","floor":4,"turns":1},{"damage":0,"enemies":"HollowMod:MossKnight","floor":6,"turns":1},{"damage":0,"enemies":"Jaw Worm","floor":7,"turns":4},{"damage":0,"enemies":"Red Slaver","floor":8,"turns":3},{"damage":0,"enemies":"Large Slime","floor":14,"turns":5},{"damage":60,"enemies":"Hexaghost","floor":16,"turns":9},{"damage":19,"enemies":"Chosen","floor":18,"turns":5},{"damage":12,"enemies":"Sentry and Sphere","floor":19,"turns":5},{"damage":34,"enemies":"3 Cultists","floor":22,"turns":5},{"damage":1,"enemies":"theDuelist:KaibaA2","floor":24,"turns":8},{"damage":21,"enemies":"Book of Stabbing","floor":27,"turns":6},{"damage":7,"enemies":"Cultist and Chosen","floor":28,"turns":8},{"damage":13,"enemies":"HollowMod:Nosk","floor":31,"turns":7},{"damage":41,"enemies":"Champ","floor":33,"turns":15},{"damage":24,"enemies":"Orb Walker","floor":35,"turns":4},{"damage":2,"enemies":"Mind Bloom Boss Battle","floor":37,"turns":8},{"damage":74,"enemies":"Nemesis","floor":40,"turns":9},{"damage":3,"enemies":"3 Shapes","floor":42,"turns":2},{"damage":31,"enemies":"Giant Head","floor":44,"turns":7},{"damage":80,"enemies":"Time Eater","floor":50,"turns":9}],"seed_played":"-1653707718095851747","potions_obtained":[{"floor":6,"key":"theDuelist:SummonArmorPotion"},{"floor":7,"key":"theDuelist:DragonOrbPlusBottle"},{"floor":16,"key":"theDuelist:SealedPackB"},{"floor":31,"key":"FairyPotion"},{"floor":44,"key":"theDuelist:OrbBottle"}],"is_trial":false,"path_per_floor":["M","$","?","M","?","E","M","M","T","$","?","R","?","M","R","B",null,"M","M","$","?","M","R","E","R","T","E","M","?","R","E","R","B",null,"M","?","?","$","?","E","R","M","T","E","$","?","R","?","R","B"],"character_chosen":"THE_DUELIST","items_purchased":["Dramatic Entrance","Orrery","Sling"],"campfire_rested":5,"item_purchase_floors":[10,20,38],"current_hp_per_floor":[80,80,80,80,80,80,80,80,80,80,80,80,80,80,80,26,80,63,51,51,51,19,43,46,46,46,27,22,22,46,35,59,22,80,56,56,58,58,58,31,31,30,30,1,1,1,27,27,53,0,0],"gold":0,"neow_bonus":"THREE_ENEMY_KILL","is_daily":false,"chose_seed":false,"campfire_upgraded":3,"win_rate":0.0,"timestamp":1609410239,"path_taken":["M","$","?","M","?","E","?","M","T","$","?","R","?","?","R","BOSS","M","M","$","?","M","R","E","R","T","E","M","?","R","E","R","BOSS","M","?","?","$","?","E","R","M","T","E","?","?","R","?","R","BOSS"],"items_purchased_type":["Card","Relic","Relic"],"build_version":"2020-12-22","purchased_purges":4,"victory":false,"max_hp_per_floor":[80,80,80,80,80,80,80,80,80,80,80,80,80,80,80,80,80,80,80,80,80,80,80,80,80,80,80,80,80,80,80,80,80,80,80,80,80,80,80,87,87,87,87,87,87,87,87,87,87,87,87],"card_choices":[{"not_picked":["theDuelist:BattleguardKing","theDuelist:RainbowBridge","theDuelist:DarkCreator","theDuelist:Wiseman","theDuelist:Jinzo"],"picked":"SKIP","floor":1},{"not_picked":["theDuelist:Hinotama","theDuelist:PetitMoth","theDuelist:BlackPtera","theDuelist:Deskbot005"],"picked":"theDuelist:ScrapFactory","floor":4},{"not_picked":["theDuelist:Hinotama","theDuelist:CoreBlaster","theDuelist:DefenseZone","theDuelist:DragonRavine"],"picked":"theDuelist:FluteKuriboh","floor":6},{"not_picked":["theDuelist:SkullArchfiend","theDuelist:DarkGrepher"],"picked":"theDuelist:TrihornedDragon","floor":7},{"not_picked":["theDuelist:FishborgArcher","theDuelist:NaturiaVein"],"picked":"theDuelist:Lancephorhynchus","floor":8},{"not_picked":["theDuelist:GateBlocker","theDuelist:LostGuardian","theDuelist:DeltaMagnet","theDuelist:GolemSentry"],"picked":"theDuelist:MegarockDragon","floor":14},{"not_picked":["theDuelist:LightningVortex","theDuelist:Predaponics","theDuelist:MegarockDragon","theDuelist:SeismicShockwave+1","theDuelist:Lancephorhynchus"],"picked":"SKIP","floor":18},{"not_picked":["theDuelist:BattleguardKing","theDuelist:HarpieFeather","theDuelist:PurplePainOni+1","theDuelist:MagicalStone"],"picked":"theDuelist:HaneHane+1","floor":19},{"not_picked":["theDuelist:ScrapBeast+1","theDuelist:DunamesDarkWitch","theDuelist:GhostReaper","theDuelist:ViceDragon"],"picked":"theDuelist:BarrelDragon+1","floor":20},{"not_picked":["theDuelist:Geartown+1","theDuelist:SystemDown+1","theDuelist:GhostrickGoRound+1","theDuelist:Parasite+1"],"picked":"theDuelist:DragonRavine+1","floor":20},{"not_picked":["theDuelist:Hinotama","theDuelist:Reload","theDuelist:BattleguardKing","theDuelist:DianKeto","theDuelist:UltimateOffering+1"],"picked":"SKIP","floor":22},{"not_picked":["theDuelist:FossilExcavation","theDuelist:GateBlocker","theDuelist:ParallelPortArmor","theDuelist:ElectromagneticTurtle"],"picked":"theDuelist:RedDragonArchfiend+1","floor":24},{"not_picked":["theDuelist:FishborgArcher","theDuelist:SeismicShockwave","theDuelist:NaturiaHorneedle","theDuelist:RarePowerMetronome+1","theDuelist:OjamaRed"],"picked":"SKIP","floor":27},{"not_picked":["theDuelist:FrostflameDragon+1","theDuelist:ViceDragon","theDuelist:DarkfireDragon","theDuelist:TrihornedDragon"],"picked":"theDuelist:BoosterDragon+1","floor":28},{"not_picked":["theDuelist:SeismicShockwave","theDuelist:HerculeanPower","theDuelist:NaturiaHorneedle","theDuelist:PoisonChain"],"picked":"theDuelist:StardustDragon","floor":31},{"not_picked":["theDuelist:BoosterDragon+1","theDuelist:ViceDragon","theDuelist:TrihornedDragon+1","theDuelist:DunamesDarkWitch"],"picked":"theDuelist:FrostflameDragon+1","floor":35},{"not_picked":["theDuelist:FishborgPlanter+1","theDuelist:EarthEffigy","theDuelist:FluteKuriboh","theDuelist:GolemSentry+1","theDuelist:HerculeanPower+1"],"picked":"SKIP","floor":40},{"not_picked":["theDuelist:Dorover+1","theDuelist:Hinotama+1","theDuelist:ScrapBeast+1","theDuelist:GiantPairfish","theDuelist:GhostReaper"],"picked":"SKIP","floor":42},{"not_picked":["theDuelist:ViceDragon+1","theDuelist:Dorover","theDuelist:ScrapBeast+1","theDuelist:NaturiaDragonfly+1","theDuelist:EarthquakeGiant"],"picked":"SKIP","floor":44}],"player_experience":91571,"relics_obtained":[{"floor":6,"key":"theDuelist:DuelistUrn"},{"floor":24,"key":"Orichalcum"},{"floor":24,"key":"MawBank"},{"floor":27,"key":"theDuelist:MetronomeRelicB"},{"floor":27,"key":"Incense Burner"},{"floor":31,"key":"Tough Bandages"},{"floor":31,"key":"Juzu Bracelet"},{"floor":37,"key":"theDuelist:DragonBurnRelic"},{"floor":40,"key":"theDuelist:BoosterPackSpellEgg"},{"floor":40,"key":"Strawberry"},{"floor":43,"key":"theDuelist:MillenniumRod"},{"floor":44,"key":"theDuelist:YugiMirror"},{"floor":44,"key":"Bag of Marbles"}],"event_choices":[{"damage_healed":0,"gold_gain":0,"player_choice":"Ignored","damage_taken":0,"max_hp_gain":0,"max_hp_loss":0,"event_name":"Liars Game","floor":3,"gold_loss":0},{"damage_healed":0,"gold_gain":0,"player_choice":"Trade","damage_taken":0,"relics_obtained":["NlothsMask"],"max_hp_gain":0,"max_hp_loss":0,"event_name":"FaceTrader","floor":5,"gold_loss":0},{"damage_healed":0,"gold_gain":0,"player_choice":"Leave","duelist":true,"damage_taken":0,"max_hp_gain":0,"max_hp_loss":0,"event_name":"Relic Duplicator","floor":11,"gold_loss":0},{"damage_healed":0,"gold_gain":0,"player_choice":"Upgraded","damage_taken":0,"max_hp_gain":0,"max_hp_loss":0,"event_name":"Upgrade Shrine","floor":13,"gold_loss":0,"cards_upgraded":["theDuelist:Lancephorhynchus"]},{"damage_healed":0,"gold_gain":0,"player_choice":"Inject Mutagens","damage_taken":0,"relics_obtained":["MutagenicStrength"],"max_hp_gain":0,"max_hp_loss":0,"event_name":"Drug Dealer","floor":21,"gold_loss":0},{"damage_healed":0,"gold_gain":0,"player_choice":"Ignored","damage_taken":0,"max_hp_gain":0,"max_hp_loss":0,"event_name":"Vampires","floor":29,"gold_loss":0},{"damage_healed":0,"gold_gain":0,"player_choice":"Took item - Received: Millennium Ring","duelist":true,"damage_taken":0,"max_hp_gain":0,"max_hp_loss":0,"event_name":"Millennium Items","floor":36,"gold_loss":0},{"damage_healed":0,"gold_gain":0,"player_choice":"Fight","damage_taken":0,"max_hp_gain":0,"max_hp_loss":0,"event_name":"MindBloom","floor":37,"gold_loss":0},{"power_reward":4,"total_magic_score":74,"gold_gain":0,"duelist":true,"damage_taken":0,"relics_obtained":[],"points":7,"max_hp_gain":0,"max_hp_loss":0,"spent_points":{"magic":1,"greed":0,"war":0,"power":4,"hunger":2},"event_name":"Nameless Tomb","floor":39,"gold_loss":0,"cards_obtained":["theDuelist:Nameless:Power:SpiralSpearStrike"]},{"damage_healed":0,"gold_gain":0,"player_choice":"Leave","duelist":true,"damage_taken":0,"max_hp_gain":0,"max_hp_loss":0,"event_name":"Aknamkanon\u0027s Tomb","floor":46,"gold_loss":0},{"damage_healed":0,"gold_gain":0,"player_choice":"Paid","damage_taken":0,"relics_obtained":["Red Mask"],"max_hp_gain":0,"max_hp_loss":0,"event_name":"Tomb of Lord Red Mask","floor":48,"gold_loss":134}],"is_beta":false,"boss_relics":[{"not_picked":["Inserter","theDuelist:MillenniumKey"],"picked":"Black Star"},{"not_picked":["Snecko Eye","Philosopher\u0027s Stone"],"picked":"theDuelist:GamblerChip"}],"items_purged_floors":[2,20,38,45],"is_endless":false,"potions_floor_spawned":[6,7,16,18,27,31,37,44],"killed_by":"Time Eater","ascension_level":0}}