{"host":"yer03dsd277nstsn","time":1609396246,"event":{"mods":["BaseMod","Colored Powertips","Minty Spire (QoL Compilation)"],"gold_per_floor":[113,125,140,158,1,28,28,46,46,74,149,149,149,165,165,267,267,281,295,295,295,295],"floor_reached":21,"playtime":1091,"items_purged":[],"score":248,"play_id":"0e0e5809-b87b-4b98-81ce-e7f7ebbec5c4","local_time":"20201231003046","is_ascension_mode":true,"campfire_choices":[{"floor":7,"key":"REST"},{"floor":12,"key":"REST"},{"floor":15,"key":"REST"}],"circlet_count":0,"master_deck":["Strike_B","Defend_B","Defend_B","Defend_B","Defend_B","Zap","Dualcast","Leap","Coolheaded","Consume","Streamline","Rebound","Ball Lightning","Hologram","Conserve Battery","Cold Snap","Chill","Echo Form","Turbo+1","Redo+1","Heatsinks+1","Capacitor"],"relics":["Cracked Core","Orrery","Bottled Flame","Question Card","MealTicket","Astrolabe","Nilry\u0027s Codex"],"acts_visited":["Exordium","TheCity"],"potions_floor_usage":[21,21,21],"damage_taken":[{"damage":0,"enemies":"2 Louse","floor":1,"turns":2},{"damage":7,"enemies":"Jaw Worm","floor":2,"turns":3},{"damage":10,"enemies":"Small Slimes","floor":3,"turns":4},{"damage":0,"enemies":"2 Fungi Beasts","floor":4,"turns":4},{"damage":26,"enemies":"Lagavulin","floor":6,"turns":7},{"damage":16,"enemies":"Large Slime","floor":8,"turns":6},{"damage":10,"enemies":"Gremlin Nob","floor":10,"turns":3},{"damage":12,"enemies":"Gremlin Gang","floor":14,"turns":5},{"damage":8,"enemies":"Slime Boss","floor":16,"turns":12},{"damage":12,"enemies":"3 Byrds","floor":18,"turns":6},{"damage":19,"enemies":"Shell Parasite","floor":19,"turns":6},{"damage":33,"enemies":"Shelled Parasite and Fungi","floor":21,"turns":4}],"seed_played":"-7931593346592440137","potions_obtained":[{"floor":1,"key":"Energy Potion"},{"floor":6,"key":"Explosive Potion"},{"floor":8,"key":"SpeedPotion"}],"is_trial":false,"path_per_floor":["M","M","M","M","$","E","R","M","T","E","?","R","?","M","R","B",null,"M","M","?","M"],"character_chosen":"DEFECT","items_purchased":["Orrery"],"campfire_rested":3,"item_purchase_floors":[5],"current_hp_per_floor":[75,68,58,58,58,32,56,40,40,30,19,43,48,36,62,54,79,67,48,32,0,0],"gold":295,"neow_bonus":"TEN_PERCENT_HP_BONUS","is_daily":false,"chose_seed":false,"campfire_upgraded":0,"win_rate":0.0,"timestamp":1609396246,"path_taken":["M","M","M","M","$","E","R","M","T","E","?","R","?","M","R","BOSS","M","M","?","M"],"items_purchased_type":["Relic"],"build_version":"2020-12-22","purchased_purges":0,"victory":false,"max_hp_per_floor":[82,82,82,82,82,82,82,82,82,82,82,82,87,87,87,87,87,87,87,87,87,87],"card_choices":[{"not_picked":["Beam Cell","Compile Driver"],"picked":"Leap","floor":1},{"not_picked":["Static Discharge","Double Energy"],"picked":"Coolheaded","floor":2},{"not_picked":["Gash","Stack"],"picked":"Consume","floor":3},{"not_picked":["Steam","Sweeping Beam"],"picked":"Streamline","floor":4},{"not_picked":["Chaos","Hologram"],"picked":"Rebound","floor":5},{"not_picked":["Cold Snap","Turbo"],"picked":"Ball Lightning","floor":5},{"not_picked":["Consume","Amplify"],"picked":"Hologram","floor":5},{"not_picked":["Hologram","Consume"],"picked":"Conserve Battery","floor":5},{"not_picked":["Steam Power","Consume","Machine Learning"],"picked":"SKIP","floor":6},{"not_picked":["Aggregate","Beam Cell"],"picked":"Cold Snap","floor":8},{"not_picked":["Rebound","Gash","Fusion","Conserve Battery"],"picked":"SKIP","floor":10},{"not_picked":["Gash","Compile Driver","Beam Cell"],"picked":"Chill","floor":14},{"not_picked":["Electrodynamics","Reboot","Thunder Strike"],"picked":"Echo Form","floor":16},{"not_picked":["Scrape","Gash","Rip and Tear","Consume"],"picked":"SKIP","floor":18},{"not_picked":["Loop+1","Gash+1","Conserve Battery"],"picked":"Capacitor","floor":19}],"player_experience":403491,"relics_obtained":[{"floor":6,"key":"Bottled Flame"},{"floor":9,"key":"Question Card"},{"floor":10,"key":"MealTicket"},{"floor":20,"key":"Nilry\u0027s Codex"}],"event_choices":[{"damage_healed":0,"gold_gain":75,"player_choice":"Gather Gold","damage_taken":11,"max_hp_gain":0,"max_hp_loss":0,"event_name":"World of Goop","floor":11,"gold_loss":0},{"damage_healed":0,"gold_gain":0,"player_choice":"Donut","damage_taken":0,"max_hp_gain":5,"max_hp_loss":0,"event_name":"Big Fish","floor":13,"gold_loss":0},{"damage_healed":0,"gold_gain":0,"player_choice":"Obtained Book","damage_taken":16,"max_hp_gain":0,"max_hp_loss":0,"event_name":"Cursed Tome","floor":20,"gold_loss":0}],"is_beta":false,"boss_relics":[{"not_picked":["FrozenCore","Runic Dome"],"picked":"Astrolabe"}],"items_purged_floors":[],"is_endless":false,"potions_floor_spawned":[1,6,8],"killed_by":"Shelled Parasite and Fungi","ascension_level":6}}