{"host":"851hhqouejqwzba1","time":1609422371,"event":{"mods":["BaseMod","Minty Spire (QoL Compilation)","Permanent Neow","Shop Mod","StSLib","óô»ðÖ¸ÄÏ"],"gold_per_floor":[109,127,141,159,6,6,20,20,43,63,38,61,85,110,110,208,208,222,245,170,188,188,188,23,23,23],"floor_reached":25,"playtime":9972,"items_purged":["Regret"],"score":348,"play_id":"0b59632f-2759-4dd2-9aef-4eb1bf1433d0","local_time":"20201231214611","is_ascension_mode":true,"campfire_choices":[{"data":"Body Slam","floor":6.0,"key":"SMITH"},{"data":"Bludgeon","floor":15.0,"key":"SMITH"},{"data":"Sentinel","floor":23,"key":"SMITH"}],"circlet_count":0,"master_deck":["AscendersBane","Strike_R","Strike_R","Strike_R","Strike_R","Defend_R","Defend_R","Defend_R","Defend_R","Bash","Bludgeon+1","Shrug It Off","Body Slam+1","Power Through","Second Wind","Battle Trance","Cleave","Seeing Red","Double Tap","Sentinel+1","Armaments"],"relics":["Black Blood","Bloody Idol","Vajra","Membership Card"],"acts_visited":["Exordium","TheCity"],"potions_floor_usage":[21,25],"damage_taken":[{"damage":6.0,"enemies":"Jaw Worm","floor":1.0,"turns":3.0},{"damage":9.0,"enemies":"2 Louse","floor":2.0,"turns":3.0},{"damage":5.0,"enemies":"Small Slimes","floor":3.0,"turns":2.0},{"damage":3.0,"enemies":"Exordium Wildlife","floor":4.0,"turns":4.0},{"damage":3.0,"enemies":"Large Slime","floor":7.0,"turns":6.0},{"damage":9.0,"enemies":"Gremlin Gang","floor":10.0,"turns":6.0},{"damage":1.0,"enemies":"Lots of Slimes","floor":12.0,"turns":4.0},{"damage":12.0,"enemies":"3 Louse","floor":13.0,"turns":4.0},{"damage":0.0,"enemies":"2 Fungi Beasts","floor":14.0,"turns":3.0},{"damage":65.0,"enemies":"Hexaghost","floor":16.0,"turns":10.0},{"damage":12.0,"enemies":"Chosen","floor":18.0,"turns":4.0},{"damage":35,"enemies":"Spheric Guardian","floor":19,"turns":6},{"damage":22,"enemies":"Snecko","floor":21,"turns":4},{"damage":18,"enemies":"Book of Stabbing","floor":25,"turns":5}],"seed_played":"-2905080980646387129","potions_obtained":[{"floor":4.0,"key":"HeartOfIron"},{"floor":12.0,"key":"Fire Potion"},{"floor":14.0,"key":"Swift Potion"},{"floor":19,"key":"AttackPotion"},{"floor":21,"key":"Dexterity Potion"}],"is_trial":false,"path_per_floor":["M","M","M","M","$","R","M","?","T","M","$","M","M","M","R","B",null,"M","M","?","M","?","R","$","E"],"character_chosen":"IRONCLAD","items_purchased":["Power Through","Cleave","Membership Card","Armaments"],"campfire_rested":0,"item_purchase_floors":[5,11,24,24],"current_hp_per_floor":[68,65,66,69,69,69,72,68,68,65,65,68,62,68,68,9,53,53,30,30,20,20,20,20,2,2],"gold":23,"neow_bonus":"THREE_RARE_CARDS","is_daily":false,"chose_seed":false,"campfire_upgraded":3,"win_rate":0.0,"timestamp":1609422371,"path_taken":["M","M","M","M","$","R","M","?","T","M","$","M","M","M","R","BOSS","M","M","?","M","?","R","$","E"],"items_purchased_type":["Card","Card","Relic","Card"],"build_version":"2020-12-22","purchased_purges":1,"victory":false,"max_hp_per_floor":[75,75,75,75,75,75,75,68,68,68,68,68,68,68,68,68,68,68,68,68,68,68,68,68,68,68],"card_choices":[{"not_picked":["Berserk","Reaper"],"picked":"Bludgeon","floor":0.0},{"not_picked":["Warcry","Havoc"],"picked":"Shrug It Off","floor":1.0},{"not_picked":["Wild Strike","Rupture","Metallicize"],"picked":"SKIP","floor":2.0},{"not_picked":["Flame Barrier","Havoc"],"picked":"Body Slam","floor":3.0},{"not_picked":["Heavy Blade","Anger","Whirlwind"],"picked":"SKIP","floor":4.0},{"not_picked":["Heavy Blade","Thunderclap"],"picked":"Second Wind","floor":7.0},{"not_picked":["Sentinel","Reckless Charge"],"picked":"Battle Trance","floor":10.0},{"not_picked":["Burning Pact","Shockwave"],"picked":"Seeing Red","floor":12.0},{"not_picked":["Dual Wield","Hemokinesis","Anger"],"picked":"SKIP","floor":13.0},{"not_picked":["Carnage","Warcry","Wild Strike"],"picked":"SKIP","floor":14.0},{"not_picked":["Limit Break","Demon Form"],"picked":"Double Tap","floor":16.0},{"not_picked":["Clothesline","Blood for Blood"],"picked":"Sentinel","floor":18.0},{"not_picked":["Clothesline","Rampage","Searing Blow+1"],"picked":"SKIP","floor":19},{"not_picked":["Pommel Strike","Warcry","Clothesline"],"picked":"SKIP","floor":21}],"player_experience":417197,"relics_obtained":[{"floor":9.0,"key":"Vajra"}],"event_choices":[{"damage_healed":0.0,"max_hp_gain":0.0,"max_hp_loss":7.0,"gold_gain":0.0,"event_name":"Golden Idol","player_choice":"Lose Max HP","floor":8.0,"gold_loss":0.0,"damage_taken":0.0,"relics_obtained":["Golden Idol"]},{"cards_removed":["Strike_R"],"damage_healed":0,"gold_gain":0,"player_choice":"Gave Gold","damage_taken":0,"max_hp_gain":0,"max_hp_loss":0,"event_name":"Beggar","floor":20,"gold_loss":75},{"damage_healed":0,"gold_gain":0,"player_choice":"Gave Idol","damage_taken":0,"relics_obtained":["Bloody Idol"],"max_hp_gain":0,"max_hp_loss":0,"event_name":"Forgotten Altar","floor":22,"relics_lost":["Golden Idol"],"gold_loss":0}],"is_beta":false,"boss_relics":[{"not_picked":["Sozu","Coffee Dripper"],"picked":"Black Blood"}],"items_purged_floors":[5],"is_endless":false,"potions_floor_spawned":[4,12,14,19,21],"killed_by":"Book of Stabbing","ascension_level":15}}