{"host":"zivz6e0vf73jivdq","time":1609409000,"event":{"mods":["ATMod(°¢èªMod)","Act Like it!","BaseMod","Friendly Minions","Gensokyo","HololiveMod","Koishi","Marisa£¨ìFÓê¡¡Ä§ÀíÉ³£©","Minty Spire (QoL Compilation)","MostiFishMod","Pale of the Ancients","Prisma Mod","Reimu£¨²©ÀöÁéÃÎ£©","Remilia£¨ÀÙÃ×ÀòÑÇ£©","Replay The Spire","RumiaBox-Â¶Ã×æ«µÄÉñÃØºÐ×Ó","StSLib","The Jungle","The Servant 0.9.4","Yakumo Yukari mod","Youmu£¨»êÆÇÑýÃÎ£©","¡¾ÒÅÎï¿¨ÅÆ¡¿REMEMod"],"gold_per_floor":[10,10,20,40,54,79,109,139,164,178,178,204,204,216,216,319,319,331,184,197,212,224,249,249,260,283,318,318,243,278,293,293,394,394,414,414,414,434,185,215,235,265,265,265,294,294,309,323,323,323,323,323,91,124,124],"floor_reached":56,"playtime":4409,"items_purged":["Defend_R","Strike_R"],"score":2668,"play_id":"34739640-68db-4a06-bfe3-8efdb275a073","local_time":"20201231180320","is_ascension_mode":true,"campfire_choices":[{"data":"Armaments","floor":15.0,"key":"SMITH"},{"data":"MostiFishMod:HellRitual","floor":24.0,"key":"SMITH"},{"data":"MostiFishMod:UltimateDefense","floor":28.0,"key":"SMITH"},{"data":"Dark Embrace","floor":32.0,"key":"SMITH"},{"floor":44.0,"key":"RECALL"},{"data":"AT_DarkMatter","floor":46.0,"key":"SMITH"},{"data":"MostiFishMod:UltimateDefense+1","floor":49,"key":"SMITH"},{"data":"Burning Pact","floor":52,"key":"SMITH"}],"circlet_count":0,"master_deck":["AscendersBane","Strike_R","Strike_R","Defend_R","Defend_R","Bash","Koishi:MentalBreakdown","AT_DarkMatter+1","AT_DiedThrough","Wild Strike","Offering+1","Feel No Pain","Power Through","True Grit","Armaments+1","Warcry","MostiFishMod:Chiaki","Inflame","MostiFishMod:HellRitual+1","MostiFishMod:#F4004","MostiFishMod:UltimateDefense+2","Battle Trance+1","Dark Embrace+1","Burning Pact+1","MostiFishMod:#F4004+1","AT_ManFootWork","Pommel Strike","Dark Embrace+1","AT_DiedThrough","Sentinel+1","AT_Dispersion","Sword Boomerang","Shockwave+1","Shrug It Off+1","AT_ShrugMaster"],"relics":["Burning Blood","DaveBox","REME_ComplimentaryCards","AT_ATBox","Prayer Wheel","JellyFishMachine","SynthV:TestCard","King of Hearts","Odd Mushroom","Replay:Mystery Machine","Juzu Bracelet","Mark of Pain","ArrowTower","Ccalipers","Chameleon Ring","Self Forming Clay","Busted Crown","Chemical X","Lantern","AT_ArcaneBoots","InkBottle","Du-Vu Doll","Art of War","AT_ChloranthyRing"],"acts_visited":["Exordium","TheCity","TheBeyond","TheEnding"],"potions_floor_usage":[55,55],"damage_taken":[{"damage":0.0,"enemies":"2 Louse","floor":1.0,"turns":2.0},{"damage":7.0,"enemies":"Jaw Worm","floor":3.0,"turns":2.0},{"damage":0.0,"enemies":"Cultist","floor":4.0,"turns":3.0},{"damage":6.0,"enemies":"Exordium Wildlife","floor":5.0,"turns":1.0},{"damage":10.0,"enemies":"Replay:BlueRogue","floor":6.0,"turns":4.0},{"damage":25.0,"enemies":"The Mushroom Lair","floor":7.0,"turns":4.0},{"damage":13.0,"enemies":"Gremlin Nob","floor":8.0,"turns":3.0},{"damage":10.0,"enemies":"Exordium Thugs","floor":10.0,"turns":6.0},{"damage":6.0,"enemies":"Lagavulin","floor":12.0,"turns":7.0},{"damage":12.0,"enemies":"Gremlin Gang","floor":14.0,"turns":4.0},{"damage":6.0,"enemies":"Hexaghost","floor":16.0,"turns":8.0},{"damage":10.0,"enemies":"2 Thieves","floor":18.0,"turns":4.0},{"damage":14.0,"enemies":"Spheric Guardian","floor":20.0,"turns":4.0},{"damage":32.0,"enemies":"Cultist and Chosen","floor":21.0,"turns":8.0},{"damage":7.0,"enemies":"Chosen and Byrds","floor":22.0,"turns":5.0},{"damage":23.0,"enemies":"Slavers","floor":23.0,"turns":5.0},{"damage":6.0,"enemies":"Snake Plant","floor":25.0,"turns":3.0},{"damage":4.0,"enemies":"Gremlin Leader","floor":27.0,"turns":6.0},{"damage":16.0,"enemies":"Replay:Snechameleon","floor":30.0,"turns":4.0},{"damage":0.0,"enemies":"3 Cultists","floor":31.0,"turns":4.0},{"damage":9.0,"enemies":"Pondfish","floor":33.0,"turns":7.0},{"damage":6.0,"enemies":"3 Shapes","floor":35.0,"turns":5.0},{"damage":6.0,"enemies":"Orb Walker","floor":38.0,"turns":2.0},{"damage":6.0,"enemies":"Giant Head","floor":40.0,"turns":4.0},{"damage":0.0,"enemies":"Spire Growth","floor":41.0,"turns":4.0},{"damage":6.0,"enemies":"Nemesis","floor":42.0,"turns":5.0},{"damage":5.0,"enemies":"R_Hoarder","floor":45.0,"turns":5.0},{"damage":0.0,"enemies":"3 Darklings","floor":47.0,"turns":4.0},{"damage":6,"enemies":"Jaw Worm Horde","floor":48,"turns":3},{"damage":39,"enemies":"Awakened One","floor":50,"turns":6},{"damage":21,"enemies":"Shield and Spear","floor":54,"turns":5},{"damage":7,"enemies":"The Heart","floor":55,"turns":5}],"seed_played":"-2308254002050499678","potions_obtained":[{"floor":4.0,"key":"SpeedPotion"},{"floor":5.0,"key":"GrandPatriotsElixir:ReiMu"},{"floor":7.0,"key":"Block Potion"},{"floor":11.0,"key":"SkillPotion"},{"floor":18.0,"key":"BloodPotion"},{"floor":21.0,"key":"Adrenaline Potion"},{"floor":22.0,"key":"Doom Potion"},{"floor":27.0,"key":"AttackPotion"},{"floor":40.0,"key":"DuplicationPotion"}],"is_trial":false,"path_per_floor":["M","?","M","M","M","E","?","E","T","M","?","E","?","M","R","B",null,"M","$","M","M","M","E","R","M","T","E","R","?","E","M","R","B",null,"M","?","?","M","$","E","M","E","T","R","E","R","M","M","R","B",null,"R","$","E","B",null],"character_chosen":"IRONCLAD","items_purchased":["Dark Embrace","Chemical X","AT_ShrugMaster","Art of War"],"campfire_rested":0,"item_purchase_floors":[19,39,53,53],"current_hp_per_floor":[78,78,77,80,80,76,57,50,50,46,46,46,39,33,33,33,68,80,80,72,46,45,28,28,28,28,30,30,30,20,26,26,23,66,66,66,66,66,66,66,72,72,72,72,78,78,80,80,80,47,72,72,72,57,56],"gold":124,"neow_bonus":"ONE_RARE_RELIC","is_daily":false,"chose_seed":false,"campfire_upgraded":7,"win_rate":0.0,"timestamp":1609409000,"path_taken":["M","?","M","M","M","E","?","E","T","M","?","E","?","M","R","BOSS","M","$","M","M","M","E","R","M","T","E","R","?","E","M","R","BOSS","M","?","?","M","$","E","M","E","T","R","E","R","M","M","R","BOSS","R","$","E","BOSS"],"items_purchased_type":["Card","Relic","Card","Relic"],"build_version":"2020-12-22","purchased_purges":2,"victory":true,"max_hp_per_floor":[80,80,80,80,80,80,80,80,80,80,80,80,80,80,80,80,80,80,80,80,80,80,80,80,80,80,80,80,80,80,80,80,80,80,80,80,80,80,80,80,80,80,80,80,80,80,80,80,80,80,80,80,80,80,80],"card_choices":[{"not_picked":["Body Slam","Twin Strike"],"picked":"AT_DiedThrough","floor":1.0},{"not_picked":["AT_GerminateFire","Infernal Blade"],"picked":"Wild Strike","floor":1.0},{"not_picked":["Clash","Perfected Strike","Run Through","Sentinel","AT_GerminateFire"],"picked":"SKIP","floor":3.0},{"not_picked":["Body Slam","Feel No Pain","True Grit","Run Through","Battle Trance"],"picked":"SKIP","floor":3.0},{"not_picked":["Body Slam","True Grit","Run Through","Battle Trance"],"picked":"Feel No Pain","floor":3.0},{"not_picked":["Clash","Perfected Strike","Run Through","Sentinel","AT_GerminateFire"],"picked":"SKIP","floor":3.0},{"not_picked":["Armaments","Warcry","AT_IchimonjiDouble","Spot Weakness"],"picked":"Power Through","floor":4.0},{"not_picked":["Sword Boomerang","Spot Weakness","Anger","Thunderclap"],"picked":"True Grit","floor":4.0},{"not_picked":["MostiFishMod:PerfectStrikeMKII","Warcry","Ghostly Armor","ReplayTheSpireMod:Muscle Training"],"picked":"Armaments","floor":5.0},{"not_picked":["Armaments","Anger","Massacre","Sentinel","Thunderclap"],"picked":"SKIP","floor":5.0},{"not_picked":["Combust","Iron Wave","AT_IchimonjiDouble","Cleave","Twin Strike"],"picked":"SKIP","floor":6.0},{"not_picked":["Life Link","Pommel Strike","AT_BodySlamDance","Clothesline"],"picked":"Warcry","floor":7.0},{"not_picked":["AT_CaressingTears","Intimidate","Anger","Iron Wave"],"picked":"MostiFishMod:Chiaki","floor":8.0},{"not_picked":["AT_IchimonjiDouble","Hemokinesis","Havoc","Dual Wield"],"picked":"Inflame","floor":10.0},{"not_picked":["Ghostly Armor","Clothesline","Massacre","REME_FearOfPain","AT_BodySlamDance"],"picked":"SKIP","floor":10.0},{"not_picked":["Dual Wield","Iron Wave","Power Through","Rage"],"picked":"MostiFishMod:HellRitual","floor":12.0},{"not_picked":["Anger","Wild Strike","Perfected Strike","Replay:Undeath\u0027s Touch"],"picked":"MostiFishMod:#F4004","floor":14.0},{"not_picked":["Body Slam","REME_SingleHolding","Hemokinesis","Warcry","Headbutt"],"picked":"SKIP","floor":14.0},{"not_picked":["MostiFishMod:FireWorks","Exhume","Replay:Many Hands","MostiFishMod:Chiaki"],"picked":"MostiFishMod:UltimateDefense","floor":16.0},{"not_picked":["Perfected Strike","Flex","Wild Strike","Headbutt"],"picked":"Battle Trance+1","floor":18.0},{"not_picked":["AT_CaressingTears","Perfected Strike+1","Heavy Blade","Warcry","MostiFishMod:Mania"],"picked":"SKIP","floor":18.0},{"not_picked":["AT_CaressingTears","Perfected Strike+1","Heavy Blade","Warcry","MostiFishMod:Mania"],"picked":"SKIP","floor":18.0},{"not_picked":["Twin Strike","AT_IchimonjiDouble","Dropkick","AT_BodySlamDance"],"picked":"Burning Pact","floor":20.0},{"not_picked":["Spot Weakness","Thunderclap","Feel No Pain","AT_IchimonjiDouble"],"picked":"MostiFishMod:#F4004+1","floor":20.0},{"not_picked":["Flex","Perfected Strike","Shrug It Off","Feed","Flame Barrier+1"],"picked":"SKIP","floor":21.0},{"not_picked":["ReplayTheSpireMod:Limb From Limb","AT_ManFootWork","Ghostly Armor","Run Through","Replay:Undeath\u0027s Touch"],"picked":"SKIP","floor":21.0},{"not_picked":["ReplayTheSpireMod:Limb From Limb","Ghostly Armor","Run Through","Replay:Undeath\u0027s Touch"],"picked":"AT_ManFootWork","floor":21.0},{"not_picked":["Flex","Perfected Strike","Shrug It Off","Feed","Flame Barrier+1"],"picked":"SKIP","floor":21.0},{"not_picked":["Cleave","Combust","Havoc","Searing Blow+1"],"picked":"Pommel Strike","floor":22.0},{"not_picked":["AT_BodySlamDance","Iron Wave","Warcry","Carnage+1","Armaments"],"picked":"SKIP","floor":22.0},{"not_picked":["Reaper","Bloodletting","Life Link+1","AT_BodySlamDance","Infernal Blade"],"picked":"SKIP","floor":23.0},{"not_picked":["Reckless Charge","Ghostly Armor+1","Burning Pact+1","Clash"],"picked":"Dark Embrace+1","floor":25.0},{"not_picked":["Armaments","Perfected Strike","Feel No Pain","Heavy Blade","AT_IchimonjiDouble"],"picked":"SKIP","floor":25.0},{"not_picked":["Twin Strike","Intimidate","Bloodletting","Cleave"],"picked":"AT_DiedThrough","floor":27.0},{"not_picked":["Clash","AT_DiedThrough","Iron Wave","Thunderclap+1","Clothesline"],"picked":"SKIP","floor":30.0},{"not_picked":["Wild Strike","Exhume","REME_FearOfPain+1","Warcry"],"picked":"Sentinel+1","floor":31.0},{"not_picked":["AT_GerminateFire","Reckless Charge+1","Sentinel","Flex","Searing Blow"],"picked":"SKIP","floor":31.0},{"not_picked":["MostiFishMod:HellRitual","Offering","REME_TheLastStrike","Fiend Fire"],"picked":"AT_Dispersion","floor":33.0},{"not_picked":["Clash","Perfected Strike","Pommel Strike+1"],"picked":"SKIP","floor":35.0},{"not_picked":["Flame Barrier","Armaments+1","AT_BodySlamDance"],"picked":"SKIP","floor":35.0},{"not_picked":["Uppercut","Run Through"],"picked":"Sword Boomerang","floor":38.0},{"not_picked":["ReplayTheSpireMod:Muscle Training+1","Warcry+1","Flex+1"],"picked":"SKIP","floor":38.0},{"not_picked":["Feed","Sword Boomerang","ReplayTheSpireMod:Muscle Training+1"],"picked":"SKIP","floor":40.0},{"not_picked":["ReplayReversal","Spot Weakness"],"picked":"Shockwave+1","floor":41.0},{"not_picked":["Iron Wave","AT_DrawKnifeCut+1","Perfected Strike"],"picked":"SKIP","floor":41.0},{"not_picked":["True Grit+1","Pommel Strike","Uppercut+1"],"picked":"SKIP","floor":42.0},{"not_picked":["Iron Wave+1","Impervious","MostiFishMod:TemporaryOutbreak"],"picked":"SKIP","floor":45.0},{"not_picked":["Sword Boomerang","Ghostly Armor+1","Clash+1"],"picked":"SKIP","floor":47.0},{"not_picked":["ReplayTheSpireMod:Corrosion Curse","Sword Boomerang+1","Twin Strike+1"],"picked":"SKIP","floor":47.0},{"not_picked":["ReplayTheSpireMod:Corrosion Curse+1","AT_GerminateFire+1"],"picked":"Shrug It Off+1","floor":48},{"not_picked":["Reckless Charge+1","AT_DiedThrough","Twin Strike+1"],"picked":"SKIP","floor":48},{"not_picked":["Sentinel+1","Armaments","Body Slam"],"picked":"SKIP","floor":54}],"player_experience":771225,"relics_obtained":[{"floor":1.0,"key":"SynthV:TestCard"},{"floor":6.0,"key":"King of Hearts"},{"floor":7.0,"key":"Odd Mushroom"},{"floor":8.0,"key":"Replay:Mystery Machine"},{"floor":12.0,"key":"Juzu Bracelet"},{"floor":23.0,"key":"ArrowTower"},{"floor":26.0,"key":"Ccalipers"},{"floor":27.0,"key":"Chameleon Ring"},{"floor":30.0,"key":"Self Forming Clay"},{"floor":40.0,"key":"Lantern"},{"floor":42.0,"key":"AT_SpeedBoots"},{"floor":43.0,"key":"InkBottle"},{"floor":45.0,"key":"Du-Vu Doll"},{"floor":54,"key":"AT_ChloranthyRing"}],"event_choices":[{"damage_healed":0.0,"max_hp_gain":0.0,"max_hp_loss":0.0,"gold_gain":0.0,"event_name":"Mushrooms","player_choice":"Fought Mushrooms","floor":7.0,"gold_loss":0.0,"damage_taken":0.0},{"damage_healed":0.0,"max_hp_gain":0.0,"max_hp_loss":0.0,"gold_gain":0.0,"event_name":"Lab","player_choice":"Got Potions","floor":11.0,"gold_loss":0.0,"damage_taken":0.0},{"cards_removed":["Strike_R"],"damage_healed":0.0,"max_hp_gain":0.0,"max_hp_loss":0.0,"gold_gain":0.0,"event_name":"Golden Wing","player_choice":"Card Removal","floor":13.0,"gold_loss":0.0,"damage_taken":7.0},{"cards_removed":["Defend_R"],"damage_healed":0.0,"max_hp_gain":0.0,"max_hp_loss":0.0,"gold_gain":0.0,"event_name":"Beggar","player_choice":"Gave Gold","floor":29.0,"gold_loss":75.0,"damage_taken":0.0},{"damage_healed":0.0,"max_hp_gain":0.0,"max_hp_loss":0.0,"gold_gain":0.0,"event_name":"Match and Keep!","player_choice":"0 cards matched","floor":36.0,"gold_loss":0.0,"damage_taken":0.0,"cards_obtained":[]}],"is_beta":false,"boss_relics":[{"not_picked":["FixedStarFall","ShadowXiaoBlade"],"picked":"Mark of Pain"},{"not_picked":["Replay:Ancient Bell","MostiFishMod:Hod"],"picked":"Busted Crown"}],"items_purged_floors":[19,39],"is_endless":false,"potions_floor_spawned":[4,5,7,8,16,18,21,22,25,27,33,38,40,47,48,54],"ascension_level":11}}