{"host":"gttgmv2wah99hzdm","time":1609388718,"event":{"mods":["AchievementEnabler","BaseMod","Bestiary","Block Reminder","Filter the Spire","Minty Spire (QoL Compilation)","Relic Stats","ojb\u0027s Better Paths Mod","ojb\u0027s Info Mod"],"gold_per_floor":[117,42,60,80,80,108,108,123,148,148,162,173,13,39,39,116,166,184,184,218,18,18,18,49,49,49],"floor_reached":25,"playtime":1628,"items_purged":[],"score":458,"play_id":"4ffd3418-d085-4ba7-b115-8e582742010c","local_time":"20201230222518","is_ascension_mode":true,"campfire_choices":[{"data":"Anger","floor":7,"key":"SMITH"},{"data":"Iron Wave","floor":10,"key":"SMITH"},{"data":"Limit Break","floor":15,"key":"SMITH"},{"data":"Fiend Fire","floor":23,"key":"SMITH"}],"circlet_count":0,"master_deck":["AscendersBane","Strike_R","Strike_R","Strike_R","Strike_R","Defend_R","Defend_R","Defend_R","Defend_R","Bash+1","Iron Wave+1","Anger+1","Cleave+1","Limit Break+1","Spot Weakness","Fiend Fire+1","Clothesline","Twin Strike","Shrug It Off","Disarm"],"relics":["Velvet Choker","Happy Flower","Toy Ornithopter","Centennial Puzzle","Ancient Tea Set","Tiny House","Red Mask","Bag of Preparation","Question Card"],"acts_visited":["Exordium","TheCity"],"potions_floor_usage":[6,14,20,24],"damage_taken":[{"damage":9.0,"enemies":"Jaw Worm","floor":1.0,"turns":4.0},{"damage":0.0,"enemies":"2 Louse","floor":3.0,"turns":3.0},{"damage":0.0,"enemies":"Cultist","floor":4.0,"turns":2.0},{"damage":10,"enemies":"Lagavulin","floor":6,"turns":6},{"damage":8,"enemies":"Blue Slaver","floor":8,"turns":3},{"damage":4,"enemies":"Looter","floor":11,"turns":2},{"damage":0,"enemies":"2 Fungi Beasts","floor":12,"turns":2},{"damage":6,"enemies":"Gremlin Nob","floor":14,"turns":3},{"damage":20,"enemies":"Hexaghost","floor":16,"turns":6},{"damage":17,"enemies":"2 Thieves","floor":18,"turns":4},{"damage":8,"enemies":"Masked Bandits","floor":20,"turns":2},{"damage":41,"enemies":"Gremlin Leader","floor":24,"turns":8},{"damage":15,"enemies":"Shell Parasite","floor":25,"turns":1}],"seed_played":"1651233301721870874","potions_obtained":[{"floor":3.0,"key":"Weak Potion"},{"floor":6,"key":"Weak Potion"},{"floor":12,"key":"GamblersBrew"},{"floor":17,"key":"FearPotion"},{"floor":18,"key":"SteroidPotion"}],"is_trial":false,"path_per_floor":["M","?","M","M","?","E","R","M","T","R","M","M","$","E","R","B",null,"M","?","?","$","?","R","E","M"],"character_chosen":"IRONCLAD","items_purchased":["Centennial Puzzle","Bag of Preparation","Shrug It Off"],"campfire_rested":0,"item_purchase_floors":[13,21,21],"current_hp_per_floor":[59,59,59,59,59,49,49,41,41,41,37,37,37,36,36,16,65,48,48,45,45,45,45,9,0,0],"gold":49,"neow_bonus":"BOSS_RELIC","is_daily":false,"chose_seed":false,"campfire_upgraded":4,"win_rate":0.0,"timestamp":1609388718,"path_taken":["M","?","M","M","?","E","R","?","T","R","M","M","$","E","R","BOSS","M","?","?","$","?","R","E","M"],"items_purchased_type":["Relic","Relic","Card"],"build_version":"2020-12-22","purchased_purges":0,"victory":false,"max_hp_per_floor":[75,75,75,75,75,75,75,75,75,75,75,75,75,75,75,75,80,80,80,80,80,80,80,80,80,80],"relic_stats":{"Centennial Puzzle":[15],"Happy Flower":[10],"counters":[13,46],"Bag of Preparation":[4],"Question Card":0,"obtain_stats":[{"Centennial Puzzle":13,"Tiny House":17,"Happy Flower":6,"Velvet Choker":0,"Red Mask":20,"Bag of Preparation":21,"Ancient Tea Set":14,"Question Card":24,"Burning Blood":0,"Toy Ornithopter":9},{"Centennial Puzzle":7,"Tiny House":9,"Happy Flower":4,"Velvet Choker":0,"Red Mask":11,"Bag of Preparation":11,"Ancient Tea Set":8,"Question Card":12,"Burning Blood":0,"Toy Ornithopter":5},{"Centennial Puzzle":22,"Tiny House":31,"Happy Flower":15,"Velvet Choker":0,"Red Mask":37,"Bag of Preparation":37,"Ancient Tea Set":25,"Question Card":45,"Burning Blood":0,"Toy Ornithopter":18}],"Toy Ornithopter":15},"card_choices":[{"not_picked":["Sword Boomerang","Twin Strike"],"picked":"Iron Wave","floor":1.0},{"not_picked":["Seeing Red","Pummel"],"picked":"Anger","floor":3.0},{"not_picked":["Thunderclap","Armaments"],"picked":"Cleave","floor":4.0},{"not_picked":["Warcry","Cleave","Iron Wave"],"picked":"SKIP","floor":6},{"not_picked":["Heavy Blade","Twin Strike"],"picked":"Limit Break","floor":8},{"not_picked":["Wild Strike","Combust","Perfected Strike"],"picked":"SKIP","floor":11},{"not_picked":["Clash","True Grit"],"picked":"Spot Weakness","floor":12},{"not_picked":["Evolve","Cleave","Flex"],"picked":"SKIP","floor":14},{"not_picked":["Exhume","Berserk"],"picked":"Fiend Fire","floor":16},{"not_picked":["Clash","Armaments"],"picked":"Clothesline","floor":17},{"not_picked":["Uppercut","Wild Strike+1"],"picked":"Twin Strike","floor":18},{"not_picked":["Clothesline","Hemokinesis","Double Tap"],"picked":"SKIP","floor":24}],"player_experience":1042369,"relics_obtained":[{"floor":6,"key":"Happy Flower"},{"floor":9,"key":"Toy Ornithopter"},{"floor":14,"key":"Ancient Tea Set"},{"floor":20,"key":"Red Mask"},{"floor":24,"key":"Question Card"}],"event_choices":[{"cards_removed":["Strike_R"],"damage_healed":0.0,"max_hp_gain":0.0,"max_hp_loss":0.0,"gold_gain":0.0,"event_name":"The Cleric","player_choice":"Card Removal","floor":2.0,"gold_loss":75.0,"damage_taken":0.0},{"damage_healed":0.0,"max_hp_gain":0.0,"max_hp_loss":0.0,"gold_gain":0.0,"event_name":"Upgrade Shrine","player_choice":"Upgraded","floor":5.0,"gold_loss":0.0,"damage_taken":0.0,"cards_upgraded":["Bash"]},{"damage_healed":0,"gold_gain":0,"player_choice":"Ignored","damage_taken":0,"max_hp_gain":0,"max_hp_loss":0,"event_name":"Vampires","floor":19,"gold_loss":0},{"damage_healed":0,"gold_gain":0,"player_choice":"Fought Bandits","damage_taken":0,"max_hp_gain":0,"max_hp_loss":0,"event_name":"Masked Bandits","floor":20,"gold_loss":0},{"damage_healed":0,"gold_gain":0,"player_choice":"Read","damage_taken":0,"max_hp_gain":0,"max_hp_loss":0,"event_name":"The Library","floor":22,"gold_loss":0,"cards_obtained":["Disarm"]}],"is_beta":false,"boss_relics":[{"not_picked":["Black Star","Philosopher\u0027s Stone"],"picked":"Tiny House"}],"items_purged_floors":[],"is_endless":false,"potions_floor_spawned":[3,6,12,18],"killed_by":"Shell Parasite","ascension_level":20}}