{"host":"q9718omregw4er46","time":1609444886,"event":{"mods":["BaseMod","Bestiary","Colored Powertips","Minty Spire (QoL Compilation)","Quick Restart","Relic Stats"],"gold_per_floor":[110,110,110,126,38,79,79,102,102,122,137,171,171,96,96,96,96],"floor_reached":16,"playtime":265,"items_purged":[],"score":320,"play_id":"973e5790-fe4c-4149-b2da-6b239f27af6d","local_time":"20210101010126","is_ascension_mode":true,"campfire_choices":[{"data":"ReachHeaven","floor":7,"key":"SMITH"},{"data":"Blasphemy","floor":13,"key":"SMITH"},{"data":"Consecrate","floor":15,"key":"SMITH"}],"circlet_count":0,"master_deck":["AscendersBane","Strike_P","Strike_P","Strike_P","Defend_P","Defend_P","Defend_P","Defend_P","Eruption","Vigilance","ReachHeaven+1","FollowUp","Consecrate+1","Blasphemy+1"],"relics":["PureWater","NeowsBlessing","Golden Idol","FossilizedHelix","Meat on the Bone","PreservedInsect"],"acts_visited":["Exordium"],"potions_floor_usage":[12],"damage_taken":[{"damage":0,"enemies":"Small Slimes","floor":1,"turns":1},{"damage":0,"enemies":"2 Louse","floor":4,"turns":2},{"damage":0,"enemies":"Gremlin Nob","floor":6,"turns":1},{"damage":0,"enemies":"Cultist","floor":8,"turns":3},{"damage":0,"enemies":"Red Slaver","floor":10,"turns":2},{"damage":0,"enemies":"2 Fungi Beasts","floor":11,"turns":3},{"damage":0,"enemies":"3 Sentries","floor":12,"turns":3},{"damage":43,"enemies":"Hexaghost","floor":16,"turns":9}],"seed_played":"7646293374018360354","potions_obtained":[{"floor":1,"key":"Strength Potion"},{"floor":6,"key":"Fire Potion"},{"floor":10,"key":"Ambrosia"}],"is_trial":false,"path_per_floor":["M","?","?","M","$","E","R","M","T","M","M","E","R","?","R","B"],"character_chosen":"WATCHER","items_purchased":["ReachHeaven"],"campfire_rested":0,"item_purchase_floors":[5],"current_hp_per_floor":[61,38,38,38,38,38,38,38,38,38,38,38,38,38,38,0,0],"gold":96,"neow_bonus":"THREE_ENEMY_KILL","is_daily":false,"chose_seed":false,"campfire_upgraded":3,"win_rate":0.0,"timestamp":1609444886,"path_taken":["M","?","?","?","?","E","R","M","T","M","M","E","R","?","R","BOSS"],"items_purchased_type":["Card"],"build_version":"2020-12-22","purchased_purges":0,"victory":false,"max_hp_per_floor":[68,68,68,68,68,68,68,68,68,68,68,68,68,68,68,68,68],"relic_stats":{"counters":[8,24],"Golden Idol":30,"PreservedInsect":0,"obtain_stats":[{"NeowsBlessing":0,"Golden Idol":2,"PreservedInsect":12,"PureWater":0,"FossilizedHelix":6,"Meat on the Bone":9},{"NeowsBlessing":0,"Golden Idol":1,"PreservedInsect":7,"PureWater":0,"FossilizedHelix":3,"Meat on the Bone":4},{"NeowsBlessing":0,"Golden Idol":1,"PreservedInsect":15,"PureWater":0,"FossilizedHelix":4,"Meat on the Bone":7}],"Meat on the Bone":0},"card_choices":[{"not_picked":["WaveOfTheHand","Evaluate","Sanctity"],"picked":"SKIP","floor":1},{"not_picked":["JustLucky","PathToVictory","ClearTheMind"],"picked":"SKIP","floor":4},{"not_picked":["SashWhip","EmptyBody"],"picked":"FollowUp","floor":6},{"not_picked":["JustLucky","Prostrate","Evaluate"],"picked":"SKIP","floor":8},{"not_picked":["WaveOfTheHand","Halt","ThirdEye"],"picked":"SKIP","floor":10},{"not_picked":["Protect","JustLucky"],"picked":"Consecrate","floor":11},{"not_picked":["SpiritShield","Prostrate"],"picked":"Blasphemy","floor":12}],"player_experience":1145103,"relics_obtained":[{"floor":6,"key":"FossilizedHelix"},{"floor":9,"key":"Meat on the Bone"},{"floor":12,"key":"PreservedInsect"}],"event_choices":[{"damage_healed":0,"gold_gain":0,"player_choice":"Take Damage","damage_taken":23,"relics_obtained":["Golden Idol"],"max_hp_gain":0,"max_hp_loss":0,"event_name":"Golden Idol","floor":2,"gold_loss":0},{"damage_healed":0,"gold_gain":0,"player_choice":"0 cards matched","damage_taken":0,"max_hp_gain":0,"max_hp_loss":0,"event_name":"Match and Keep!","floor":3,"gold_loss":0,"cards_obtained":[]},{"cards_removed":["Strike_P"],"damage_healed":0,"gold_gain":0,"player_choice":"Card Removal","damage_taken":0,"max_hp_gain":0,"max_hp_loss":0,"event_name":"The Cleric","floor":14,"gold_loss":75}],"is_beta":false,"boss_relics":[],"items_purged_floors":[],"is_endless":false,"potions_floor_spawned":[1,6,10,11],"killed_by":"Hexaghost","ascension_level":20}}