{"host":"Jedit","time":1609418810,"event":{"mods":["BaseMod","Minty Spire (QoL Compilation)","Relic Stats","StSLib"],"gold_per_floor":[111,111,129,129,142,142,172,172,172,183,65,215,243,243,243,320,320,332,332,257,0,14,14,39,39,94,94,94,94,114,130,130,204,204,215,215,105,125,143,143,143,143,143,155,155,167,199,213,213,213,213,213],"floor_reached":51,"playtime":2052,"items_purged":["Strike_G"],"score":1535,"play_id":"887050cb-3e75-4b90-9cdb-f867d04b7242","local_time":"20201231124650","is_ascension_mode":true,"campfire_choices":[{"data":"Catalyst","floor":6.0,"key":"SMITH"},{"data":"Burst","floor":8.0,"key":"SMITH"},{"data":"Deadly Poison","floor":15.0,"key":"SMITH"},{"floor":23.0,"key":"REST"},{"floor":25.0,"key":"REST"},{"data":"Catalyst","floor":27.0,"key":"SMITH"},{"floor":32.0,"key":"REST"},{"floor":40,"key":"RECALL"},{"floor":45,"key":"REST"},{"data":"Burst","floor":49,"key":"SMITH"}],"circlet_count":0,"master_deck":["AscendersBane","Survivor","Neutralize","Deadly Poison+1","Catalyst+1","Burst+1","Dagger Spray","Well Laid Plans","Adrenaline","Venomology","Burst+1","Deflect","Night Terror","Glass Knife","Calculated Gamble","Deflect","Crippling Poison","Blur","Outmaneuver","Catalyst+1","Flying Knee","Prepared+1","Poisoned Stab","Distraction+1","Corpse Explosion","PiercingWail","PiercingWail+1","Finesse","Bouncing Flask","Cloak And Dagger","Backflip+1"],"relics":["Ring of the Snake","NeowsBlessing","Paper Crane","Question Card","Turnip","Blood Vial","Pandora\u0027s Box","Orichalcum","Vajra","Snake Skull","Velvet Choker","Singing Bowl"],"acts_visited":["Exordium","TheCity","TheBeyond"],"potions_floor_usage":[38,39,44,46,46,47,48,50,51],"damage_taken":[{"damage":0.0,"enemies":"Jaw Worm","floor":1.0,"turns":1.0},{"damage":0.0,"enemies":"2 Louse","floor":3.0,"turns":1.0},{"damage":0.0,"enemies":"Cultist","floor":5.0,"turns":1.0},{"damage":16.0,"enemies":"3 Sentries","floor":7.0,"turns":11.0},{"damage":0.0,"enemies":"3 Louse","floor":10.0,"turns":3.0},{"damage":12.0,"enemies":"Lagavulin","floor":13.0,"turns":5.0},{"damage":9.0,"enemies":"Hexaghost","floor":16.0,"turns":6.0},{"damage":25.0,"enemies":"Spheric Guardian","floor":18.0,"turns":5.0},{"damage":0.0,"enemies":"3 Byrds","floor":22.0,"turns":4.0},{"damage":35.0,"enemies":"Gremlin Leader","floor":24.0,"turns":8.0},{"damage":0.0,"enemies":"Centurion and Healer","floor":28.0,"turns":1.0},{"damage":6.0,"enemies":"Snecko","floor":30.0,"turns":3.0},{"damage":2.0,"enemies":"3 Cultists","floor":31.0,"turns":4.0},{"damage":0.0,"enemies":"Collector","floor":33.0,"turns":3.0},{"damage":9.0,"enemies":"3 Darklings","floor":35.0,"turns":2.0},{"damage":5,"enemies":"3 Shapes","floor":38,"turns":5},{"damage":0,"enemies":"3 Darklings","floor":39,"turns":2},{"damage":52,"enemies":"Spire Growth","floor":44,"turns":5},{"damage":10,"enemies":"Sphere and 2 Shapes","floor":46,"turns":4},{"damage":0,"enemies":"Reptomancer","floor":47,"turns":2},{"damage":0,"enemies":"Maw","floor":48,"turns":2},{"damage":10,"enemies":"Time Eater","floor":50,"turns":5},{"damage":68,"enemies":"Donu and Deca","floor":51,"turns":6}],"seed_played":"-1301739199367701968","potions_obtained":[{"floor":3.0,"key":"Dexterity Potion"},{"floor":4.0,"key":"CunningPotion"},{"floor":13.0,"key":"Fire Potion"},{"floor":31.0,"key":"FairyPotion"},{"floor":33.0,"key":"Fruit Juice"},{"floor":39,"key":"PowerPotion"},{"floor":47,"key":"Fruit Juice"},{"floor":48,"key":"SpeedPotion"}],"is_trial":false,"path_per_floor":["M","?","M","?","M","R","E","R","T","M","$","?","E","?","R","B",null,"M","?","?","$","M","R","E","R","T","R","M","?","M","M","R","B",null,"M","?","?","M","M","R","?","?","T","M","R","M","E","M","R","B","B"],"character_chosen":"THE_SILENT","items_purchased":["Well Laid Plans","Blur","Orichalcum"],"campfire_rested":4,"item_purchase_floors":[11,21,21],"current_hp_per_floor":[59,64,64,64,64,64,48,48,48,48,48,48,36,25,25,18,58,35,15,15,15,17,39,6,28,28,28,30,30,26,26,48,50,70,68,68,68,65,67,67,67,67,67,17,41,33,35,44,44,36,1,1],"gold":213,"neow_bonus":"THREE_ENEMY_KILL","is_daily":false,"chose_seed":false,"campfire_upgraded":5,"win_rate":0.0,"timestamp":1609418810,"path_taken":["M","?","M","?","?","R","E","R","T","M","$","?","E","?","R","BOSS","M","?","?","$","M","R","E","R","T","R","M","?","M","M","R","BOSS","M","?","?","?","M","R","?","?","T","M","R","M","E","M","R","BOSS","BOSS"],"items_purchased_type":["Card","Card","Relic"],"build_version":"2020-12-18","purchased_purges":1,"victory":false,"max_hp_per_floor":[66,71,71,71,71,71,71,71,71,71,71,71,71,71,71,71,71,71,76,76,76,76,76,76,76,76,76,76,76,76,76,76,76,76,81,81,81,81,81,81,81,81,81,81,81,81,81,88,88,88,88,88],"relic_stats":{"Blood Vial":34,"Singing Bowl":2,"counters":[23,89],"Pandora\u0027s Box":["Venomology","Burst","Deflect","Phantasmal Killer","Night Terror","Glass Knife","Phantasmal Killer","Calculated Gamble","Deflect"],"Turnip":[16],"Snake Skull":[92],"Orichalcum":[126],"Question Card":17,"obtain_stats":[{"Blood Vial":14,"NeowsBlessing":0,"Singing Bowl":47,"Vajra":24,"Velvet Choker":34,"Pandora\u0027s Box":17,"Turnip":13,"Snake Skull":26,"Paper Crane":7,"Orichalcum":21,"Question Card":9,"Ring of the Snake":0},{"Blood Vial":6,"NeowsBlessing":0,"Singing Bowl":20,"Vajra":10,"Velvet Choker":14,"Pandora\u0027s Box":7,"Turnip":6,"Snake Skull":10,"Paper Crane":4,"Orichalcum":8,"Question Card":4,"Ring of the Snake":0},{"Blood Vial":22,"NeowsBlessing":0,"Singing Bowl":76,"Vajra":45,"Velvet Choker":56,"Pandora\u0027s Box":28,"Turnip":22,"Snake Skull":45,"Paper Crane":14,"Orichalcum":33,"Question Card":14,"Ring of the Snake":0}],"Ring of the Snake":[46]},"card_choices":[{"not_picked":["Outmaneuver","Well Laid Plans"],"picked":"Masterful Stab","floor":1.0},{"not_picked":["Dagger Spray","PiercingWail"],"picked":"Deadly Poison","floor":3.0},{"not_picked":["Prepared","Deadly Poison"],"picked":"Catalyst","floor":5.0},{"not_picked":["Sucker Punch","Acrobatics"],"picked":"Burst","floor":7.0},{"not_picked":["Deflect","Sucker Punch","Underhanded Strike"],"picked":"Dagger Spray","floor":10.0},{"not_picked":["Slice","Backflip","Dodge and Roll"],"picked":"Poisoned Stab","floor":13.0},{"not_picked":["Glass Knife","Tools of the Trade","Bullet Time"],"picked":"Adrenaline","floor":16.0},{"not_picked":["Prepared","Dagger Spray","Setup"],"picked":"Crippling Poison","floor":18.0},{"not_picked":["Sucker Punch+1","Reflex","Quick Slash"],"picked":"Outmaneuver","floor":22.0},{"not_picked":["A Thousand Cuts","Underhanded Strike","Dodge and Roll"],"picked":"Catalyst","floor":24.0},{"not_picked":["Bane","Eviscerate","Terror"],"picked":"Poisoned Stab","floor":30.0},{"not_picked":["Quick Slash","Slice","Dagger Spray"],"picked":"Distraction+1","floor":31.0},{"not_picked":["Venomology","Wraith Form v2","Bullet Time"],"picked":"Corpse Explosion","floor":33.0},{"not_picked":["Flying Knee","Sucker Punch+1","Heel Hook+1"],"picked":"PiercingWail","floor":35.0},{"not_picked":["Distraction","Deflect+1","Quick Slash"],"picked":"PiercingWail+1","floor":38},{"not_picked":["Choke","Quick Slash","Predator","Infinite Blades"],"picked":"SKIP","floor":39},{"not_picked":["HandOfGreed","Magnetism","Panacea"],"picked":"Finesse","floor":41},{"not_picked":["Escape Plan+1","Backflip","Outmaneuver+1"],"picked":"Bouncing Flask","floor":44},{"not_picked":["Acrobatics","Slice","Blade Dance"],"picked":"Cloak And Dagger","floor":46},{"not_picked":["Accuracy+1","Skewer","Bouncing Flask"],"picked":"Backflip+1","floor":47},{"not_picked":["Reflex","Blade Dance","Skewer","Terror"],"picked":"Singing Bowl","floor":48}],"player_experience":3429233,"relics_obtained":[{"floor":7.0,"key":"Paper Crane"},{"floor":9.0,"key":"Question Card"},{"floor":13.0,"key":"Turnip"},{"floor":24.0,"key":"Vajra"},{"floor":26.0,"key":"Snake Skull"},{"floor":47,"key":"Singing Bowl"}],"event_choices":[{"damage_healed":0.0,"max_hp_gain":5.0,"max_hp_loss":0.0,"gold_gain":0.0,"event_name":"Big Fish","player_choice":"Donut","floor":2.0,"gold_loss":0.0,"damage_taken":0.0},{"damage_healed":0.0,"max_hp_gain":0.0,"max_hp_loss":0.0,"gold_gain":0.0,"event_name":"Lab","player_choice":"Got Potions","floor":4.0,"gold_loss":0.0,"damage_taken":0.0},{"damage_healed":0.0,"max_hp_gain":0.0,"max_hp_loss":0.0,"gold_gain":150.0,"event_name":"Liars Game","player_choice":"AGREE","floor":12.0,"gold_loss":0.0,"damage_taken":0.0,"cards_obtained":["Doubt"]},{"damage_healed":0.0,"max_hp_gain":0.0,"max_hp_loss":0.0,"gold_gain":0.0,"event_name":"Scrap Ooze","player_choice":"Success","floor":14.0,"gold_loss":0.0,"damage_taken":11.0,"relics_obtained":["Blood Vial"]},{"damage_healed":0.0,"max_hp_gain":5.0,"max_hp_loss":0.0,"gold_gain":0.0,"event_name":"Forgotten Altar","player_choice":"Shed Blood","floor":19.0,"gold_loss":0.0,"damage_taken":25.0},{"cards_removed":["Doubt"],"damage_healed":0.0,"max_hp_gain":0.0,"max_hp_loss":0.0,"gold_gain":0.0,"event_name":"Beggar","player_choice":"Gave Gold","floor":20.0,"gold_loss":75.0,"damage_taken":0.0},{"damage_healed":0.0,"max_hp_gain":0.0,"max_hp_loss":0.0,"gold_gain":0.0,"cards_transformed":["Phantasmal Killer","Phantasmal Killer"],"event_name":"Drug Dealer","player_choice":"Became Test Subject","floor":29.0,"gold_loss":0.0,"damage_taken":0.0,"cards_obtained":["Flying Knee","Prepared"]},{"cards_removed":["Poisoned Stab"],"damage_healed":0.0,"max_hp_gain":0.0,"max_hp_loss":0.0,"gold_gain":0.0,"event_name":"Falling","player_choice":"Removed Attack","floor":36.0,"gold_loss":0.0,"damage_taken":0.0},{"cards_removed":["Masterful Stab"],"damage_healed":0.0,"max_hp_gain":0.0,"max_hp_loss":0.0,"gold_gain":0.0,"event_name":"Designer","player_choice":"Upgrade and Remove","floor":37.0,"gold_loss":110.0,"damage_taken":0.0,"cards_upgraded":["Prepared"]},{"damage_healed":0,"gold_gain":0,"player_choice":"Memory 1","damage_taken":0,"max_hp_gain":0,"max_hp_loss":0,"event_name":"SensoryStone","floor":41,"gold_loss":0},{"damage_healed":0,"gold_gain":0,"player_choice":"Ignored","damage_taken":0,"max_hp_gain":0,"max_hp_loss":0,"event_name":"Tomb of Lord Red Mask","floor":42,"gold_loss":0}],"is_beta":true,"boss_relics":[{"not_picked":["WristBlade","Coffee Dripper"],"picked":"Pandora\u0027s Box"},{"not_picked":["Tiny House","HoveringKite"],"picked":"Velvet Choker"}],"items_purged_floors":[11],"is_endless":false,"potions_floor_spawned":[3,5,13,22,31,33,39,46,47,48],"killed_by":"Donu and Deca","ascension_level":20}}