{"host":"jqbwv9vyd5ud9wcv","time":1609395650,"event":{"mods":["BaseMod","Hermit","Minty Spire (QoL Compilation)","StSLib","The Hierophant","The Runesmith"],"gold_per_floor":[111,111,186,197,197,227,244,278,278,278,289,2,19,30,30,30,30],"floor_reached":16,"playtime":794,"items_purged":[],"score":112,"play_id":"0831973e-e4c4-4bb4-88e2-356449d4fac7","local_time":"20201231012050","is_ascension_mode":false,"campfire_choices":[{"floor":10,"key":"REST"},{"floor":15,"key":"REST"}],"circlet_count":0,"master_deck":["Strike_G","Strike_G","Strike_G","Strike_G","Defend_G","Defend_G","Defend_G","Defend_G","Defend_G","Survivor","Neutralize","Acrobatics","Backstab","Sucker Punch","Poisoned Stab","A Thousand Cuts","Crippling Poison","Escape Plan","Enlightenment","All Out Attack","Leg Sweep","Flechettes","Wraith Form v2","Slice"],"relics":["Black Star","Centennial Puzzle","Eternal Feather","Question Card","Nunchaku","Snake Skull"],"acts_visited":["Exordium"],"potions_floor_usage":[6,6,16,16],"damage_taken":[{"damage":0,"enemies":"2 Louse","floor":1,"turns":4},{"damage":2,"enemies":"Small Slimes","floor":4,"turns":4},{"damage":17,"enemies":"Gremlin Nob","floor":6,"turns":4},{"damage":0,"enemies":"Cultist","floor":7,"turns":3},{"damage":17,"enemies":"3 Sentries","floor":8,"turns":9},{"damage":9,"enemies":"3 Louse","floor":11,"turns":3},{"damage":6,"enemies":"Large Slime","floor":13,"turns":6},{"damage":0,"enemies":"Gremlin Gang","floor":14,"turns":1},{"damage":71,"enemies":"The Guardian","floor":16,"turns":16}],"seed_played":"-7470954866584197594","potions_obtained":[{"floor":1,"key":"CunningPotion"},{"floor":4,"key":"LiquidBronze"},{"floor":8,"key":"SpeedPotion"},{"floor":11,"key":"Dexterity Potion"}],"is_trial":false,"path_per_floor":["M","?","?","M","?","E","M","E","T","R","M","$","M","M","R","B"],"character_chosen":"THE_SILENT","items_purchased":["Enlightenment","All Out Attack","Leg Sweep","Flechettes"],"campfire_rested":2,"item_purchase_floors":[12,12,12,12],"current_hp_per_floor":[70,70,59,57,57,40,40,23,23,53,44,44,38,38,70,0,0],"gold":30,"neow_bonus":"BOSS_RELIC","is_daily":false,"chose_seed":false,"campfire_upgraded":0,"win_rate":0.0,"timestamp":1609395650,"path_taken":["M","?","?","M","?","E","M","E","T","R","M","$","?","M","R","BOSS"],"items_purchased_type":["Card","Card","Card","Card"],"build_version":"2020-12-22","purchased_purges":0,"victory":false,"max_hp_per_floor":[70,70,70,70,70,70,70,70,70,70,70,70,70,70,70,70,70],"card_choices":[{"not_picked":["Sucker Punch","Dagger Throw"],"picked":"Acrobatics","floor":1},{"not_picked":["Sucker Punch","Dodge and Roll"],"picked":"Backstab","floor":4},{"not_picked":["Deadly Poison","Expertise"],"picked":"Poisoned Stab","floor":6},{"not_picked":["Deflect","Sucker Punch"],"picked":"A Thousand Cuts","floor":7},{"not_picked":["PiercingWail","Prepared"],"picked":"Crippling Poison","floor":8},{"not_picked":["Flying Knee","Eviscerate","Dodge and Roll"],"picked":"Escape Plan","floor":11},{"not_picked":["PiercingWail","Dodge and Roll","Flying Knee"],"picked":"Wraith Form v2","floor":13},{"not_picked":["Calculated Gamble","Quick Slash","Riddle With Holes"],"picked":"Slice","floor":14}],"player_experience":11584,"relics_obtained":[{"floor":6,"key":"Centennial Puzzle"},{"floor":6,"key":"Eternal Feather"},{"floor":8,"key":"Question Card"},{"floor":8,"key":"Nunchaku"},{"floor":9,"key":"Snake Skull"}],"event_choices":[{"damage_healed":0,"gold_gain":0,"player_choice":"Ignored","damage_taken":0,"max_hp_gain":0,"max_hp_loss":0,"event_name":"Golden Wing","floor":2,"gold_loss":0},{"damage_healed":0,"gold_gain":75,"player_choice":"Gather Gold","damage_taken":11,"max_hp_gain":0,"max_hp_loss":0,"event_name":"World of Goop","floor":3,"gold_loss":0},{"damage_healed":0,"gold_gain":0,"cards_transformed":["Strike_G"],"player_choice":"Transformed","damage_taken":0,"max_hp_gain":0,"max_hp_loss":0,"event_name":"Transmorgrifier","floor":5,"gold_loss":0,"cards_obtained":["Sucker Punch"]}],"is_beta":false,"boss_relics":[],"items_purged_floors":[],"is_endless":false,"potions_floor_spawned":[1,4,8,11],"killed_by":"The Guardian","ascension_level":0}}