{"host":"5trcja4hacd149zc","time":1609388162,"event":{"mods":["BaseMod","Colored Map","GifTheSpireLib","Minty Spire (QoL Compilation)","Relic Stats","StSLib"],"gold_per_floor":[109,126,126,126,37,37,52,52,52,52,52,86,86,11,11,82,82,57,77,27,42,56,75,75,75,100,113,113,113],"floor_reached":28,"playtime":776,"items_purged":["Strike_G"],"score":436,"play_id":"ab866db4-cad3-46f6-8bda-0528e72b1247","local_time":"20201230221602","is_ascension_mode":true,"campfire_choices":[{"data":"Cloak And Dagger","floor":8,"key":"SMITH"},{"data":"Footwork","floor":11,"key":"SMITH"},{"data":"Deadly Poison","floor":13,"key":"SMITH"},{"data":"Neutralize","floor":15,"key":"SMITH"},{"data":"Cloak And Dagger","floor":24,"key":"SMITH"}],"circlet_count":0,"master_deck":["AscendersBane","Strike_G","Strike_G","Strike_G","Defend_G","Defend_G","Defend_G+1","Defend_G","Defend_G","Survivor+1","Neutralize+1","Sucker Punch","Poisoned Stab","Slice","Footwork+1","Cloak And Dagger+1","Deadly Poison+1","After Image+1","Dash","Backstab+1","Slice","Cloak And Dagger+1","Backflip"],"relics":["WristBlade","Eternal Feather","Calipers","TungstenRod","Black Star","Boot"],"acts_visited":["Exordium","TheCity"],"potions_floor_usage":[19,19,21,23,27],"damage_taken":[{"damage":7,"enemies":"2 Louse","floor":1,"turns":4},{"damage":2,"enemies":"Jaw Worm","floor":2,"turns":5},{"damage":0,"enemies":"Cultist","floor":7,"turns":4},{"damage":13,"enemies":"3 Sentries","floor":12,"turns":9},{"damage":9,"enemies":"The Guardian","floor":16,"turns":10},{"damage":14,"enemies":"2 Thieves","floor":18,"turns":4},{"damage":18,"enemies":"Spheric Guardian","floor":19,"turns":6},{"damage":0,"enemies":"Centurion and Healer","floor":21,"turns":5},{"damage":11,"enemies":"Snake Plant","floor":22,"turns":5},{"damage":7,"enemies":"Chosen and Byrds","floor":23,"turns":7},{"damage":19,"enemies":"Cultist and Chosen","floor":27,"turns":8},{"damage":8,"enemies":"Book of Stabbing","floor":28,"turns":4}],"seed_played":"519779542038257868","potions_obtained":[{"floor":2,"key":"Energy Potion"},{"floor":16,"key":"EntropicBrew"},{"floor":21,"key":"CunningPotion"}],"is_trial":false,"path_per_floor":["M","M","?","?","$","?","M","R","T","T","R","E","R","$","R","B",null,"M","M","?","M","M","M","R","$","T","M","E"],"character_chosen":"THE_SILENT","items_purchased":["Slice","Footwork"],"campfire_rested":0,"item_purchase_floors":[5,5],"current_hp_per_floor":[52,50,30,35,35,28,28,28,28,28,37,24,33,33,42,33,62,48,30,30,30,19,12,24,24,24,5,0,0],"gold":113,"neow_bonus":"BOSS_RELIC","is_daily":false,"chose_seed":false,"campfire_upgraded":5,"win_rate":0.0,"timestamp":1609388162,"path_taken":["M","M","?","?","$","?","M","R","T","?","R","E","R","$","R","BOSS","M","?","?","?","M","M","R","$","T","M","E"],"items_purchased_type":["Card","Card"],"build_version":"2020-12-22","purchased_purges":1,"victory":false,"max_hp_per_floor":[66,66,66,71,71,71,71,71,71,71,71,71,71,71,71,71,71,71,71,71,71,71,71,71,71,71,71,71,71],"relic_stats":{"counters":[12,71],"Eternal Feather":39,"Black Star":0,"Boot":[1],"obtain_stats":[{"Calipers":10,"WristBlade":0,"Eternal Feather":9,"Black Star":17,"Boot":26,"TungstenRod":12,"Ring of the Snake":0},{"Calipers":3,"WristBlade":0,"Eternal Feather":3,"Black Star":5,"Boot":10,"TungstenRod":4,"Ring of the Snake":0},{"Calipers":13,"WristBlade":0,"Eternal Feather":13,"Black Star":32,"Boot":59,"TungstenRod":22,"Ring of the Snake":0}],"TungstenRod":18},"card_choices":[{"not_picked":["Outmaneuver","Deflect"],"picked":"Sucker Punch","floor":1},{"not_picked":["Dagger Throw","All Out Attack"],"picked":"Poisoned Stab","floor":2},{"not_picked":["Escape Plan","Acrobatics"],"picked":"Cloak And Dagger","floor":7},{"not_picked":["Finisher","Setup"],"picked":"Deadly Poison","floor":12},{"not_picked":["Night Terror","Glass Knife"],"picked":"After Image","floor":16},{"not_picked":["Dagger Spray","Flechettes+1"],"picked":"Dash","floor":18},{"not_picked":["Well Laid Plans","Backflip"],"picked":"Backstab+1","floor":19},{"not_picked":["Eviscerate","Tactician"],"picked":"Slice","floor":21},{"not_picked":["Dodge and Roll","Slice"],"picked":"Cloak And Dagger","floor":22},{"not_picked":["Dodge and Roll","Distraction"],"picked":"Backflip","floor":23},{"not_picked":["Backflip","Prepared","Dagger Throw"],"picked":"SKIP","floor":27}],"player_experience":760115,"relics_obtained":[{"floor":9,"key":"Eternal Feather"},{"floor":10,"key":"Calipers"},{"floor":12,"key":"TungstenRod"},{"floor":26,"key":"Boot"}],"event_choices":[{"damage_healed":0,"gold_gain":0,"player_choice":"Entered Light","damage_taken":20,"max_hp_gain":0,"max_hp_loss":0,"event_name":"Shining Light","floor":3,"gold_loss":0,"cards_upgraded":["Survivor","Defend_G"]},{"damage_healed":0,"gold_gain":0,"player_choice":"Donut","damage_taken":0,"max_hp_gain":5,"max_hp_loss":0,"event_name":"Big Fish","floor":4,"gold_loss":0},{"cards_removed":["Strike_G"],"damage_healed":0,"gold_gain":0,"player_choice":"Card Removal","damage_taken":7,"max_hp_gain":0,"max_hp_loss":0,"event_name":"Golden Wing","floor":6,"gold_loss":0},{"damage_healed":0,"gold_gain":0,"player_choice":"Upgrade","damage_taken":0,"max_hp_gain":0,"max_hp_loss":0,"event_name":"Designer","floor":20,"gold_loss":50,"cards_upgraded":["After Image"]}],"is_beta":false,"boss_relics":[{"not_picked":["Snecko Eye","SlaversCollar"],"picked":"Black Star"}],"items_purged_floors":[14],"is_endless":false,"potions_floor_spawned":[2,16,19,21],"killed_by":"Book of Stabbing","ascension_level":20}}