{"host":"i8jghf4o7lwzr9fo","time":1609456326,"event":{"mods":["BaseMod","Minty Spire (QoL Compilation)"],"gold_per_floor":[111,125,140,150,53,53,82,157,235,235,225,251,269,284,284,380,380,368,368,293,319,234,234,264,264,264,280,280,300,300,312,312,417,417,435,192,202,0,18,18,18,18],"floor_reached":41,"playtime":4310,"items_purged":["Strike_R","Strike_R"],"score":423,"play_id":"0102896e-2d18-4b51-9b75-3fc2f6b95f52","local_time":"20201231231206","is_ascension_mode":false,"campfire_choices":[{"data":"Entrench","floor":6,"key":"SMITH"},{"floor":10,"key":"REST"},{"data":"Searing Blow","floor":15,"key":"SMITH"},{"data":"Searing Blow+2","floor":23,"key":"SMITH"},{"data":"Searing Blow+3","floor":25,"key":"SMITH"},{"data":"Searing Blow+4","floor":28,"key":"SMITH"},{"data":"Searing Blow+5","floor":30,"key":"SMITH"},{"data":"Searing Blow+6","floor":32,"key":"SMITH"},{"data":"Searing Blow+7","floor":40,"key":"SMITH"}],"circlet_count":0,"master_deck":["Strike_R","Strike_R","Strike_R","Defend_R","Defend_R","Defend_R","Defend_R","Bash","Metallicize","Hemokinesis","Shrug It Off","Ghostly Armor","Shrug It Off","Entrench+1","Metallicize","Fire Breathing","Anger","Searing Blow+7","Burning Pact","Double Tap","Armaments","True Grit+1","Bloodletting","Juggernaut","Headbutt+1","Barricade","Entrench+1","Searing Blow+8","Warcry","Seeing Red"],"relics":["Burning Blood","NeowsBlessing","Torii","HornCleat","Ancient Tea Set","Philosopher\u0027s Stone","Nunchaku","Lizard Tail","Boot","Magic Flower","Mark of Pain","DollysMirror","Red Mask"],"acts_visited":["Exordium","TheCity","TheBeyond"],"potions_floor_usage":[12,24,33,33,33,33,33,33,41],"damage_taken":[{"damage":0,"enemies":"Small Slimes","floor":1,"turns":1},{"damage":0,"enemies":"Jaw Worm","floor":2,"turns":1},{"damage":0,"enemies":"Cultist","floor":3,"turns":1},{"damage":4,"enemies":"Blue Slaver","floor":4,"turns":6},{"damage":27,"enemies":"3 Sentries","floor":7,"turns":14},{"damage":4,"enemies":"Exordium Thugs","floor":11,"turns":7},{"damage":13,"enemies":"Gremlin Nob","floor":12,"turns":5},{"damage":2,"enemies":"2 Fungi Beasts","floor":13,"turns":4},{"damage":1,"enemies":"Large Slime","floor":14,"turns":7},{"damage":16,"enemies":"The Guardian","floor":16,"turns":15},{"damage":16,"enemies":"2 Thieves","floor":18,"turns":4},{"damage":18,"enemies":"Book of Stabbing","floor":24,"turns":7},{"damage":11,"enemies":"3 Byrds","floor":27,"turns":8},{"damage":2,"enemies":"Centurion and Healer","floor":29,"turns":7},{"damage":32,"enemies":"Cultist and Chosen","floor":31,"turns":7},{"damage":39,"enemies":"Collector","floor":33,"turns":9},{"damage":25,"enemies":"3 Darklings","floor":35,"turns":5},{"damage":11,"enemies":"Orb Walker","floor":37,"turns":3},{"damage":27,"enemies":"3 Darklings","floor":39,"turns":6},{"damage":123,"enemies":"Reptomancer","floor":41,"turns":5}],"seed_played":"3889938779190541401","potions_obtained":[{"floor":2,"key":"FearPotion"},{"floor":3,"key":"LiquidBronze"},{"floor":4,"key":"Strength Potion"},{"floor":11,"key":"GamblersBrew"},{"floor":16,"key":"BloodPotion"},{"floor":24,"key":"SneckoOil"},{"floor":29,"key":"EntropicBrew"},{"floor":31,"key":"SpeedPotion"},{"floor":37,"key":"SkillPotion"}],"is_trial":false,"path_per_floor":["M","M","M","M","$","R","E","?","T","R","M","E","M","M","R","B",null,"M","?","$","T","?","R","E","R","T","M","R","M","R","M","R","B",null,"M","$","M","?","M","R","E"],"character_chosen":"IRONCLAD","items_purchased":["Shrug It Off","Entrench","DollysMirror"],"campfire_rested":1,"item_purchase_floors":[5,5,36],"current_hp_per_floor":[80,80,80,80,80,80,59,48,48,72,74,67,71,76,76,66,80,70,70,70,70,70,70,74,74,74,72,72,79,79,56,56,50,80,64,64,62,62,44,44,0,0],"gold":18,"neow_bonus":"THREE_ENEMY_KILL","is_daily":false,"chose_seed":false,"campfire_upgraded":8,"win_rate":0.0,"timestamp":1609456326,"path_taken":["M","M","M","M","$","R","E","?","T","R","M","E","M","M","R","BOSS","M","?","$","?","?","R","E","R","T","?","R","M","R","M","R","BOSS","M","$","M","?","M","R","E"],"items_purchased_type":["Card","Card","Relic"],"build_version":"2020-12-22","purchased_purges":2,"victory":false,"max_hp_per_floor":[80,80,80,80,80,80,80,80,80,80,80,80,80,80,80,80,80,80,80,80,80,80,80,80,80,80,80,80,80,80,80,80,80,80,80,80,80,80,80,80,80,80],"card_choices":[{"not_picked":["Sword Boomerang","Intimidate"],"picked":"Metallicize","floor":1},{"not_picked":["Disarm","Headbutt"],"picked":"Hemokinesis","floor":2},{"not_picked":["Anger","Twin Strike"],"picked":"Shrug It Off","floor":3},{"not_picked":["Thunderclap","Battle Trance"],"picked":"Ghostly Armor","floor":4},{"not_picked":["Whirlwind","Shockwave"],"picked":"Metallicize","floor":7},{"not_picked":["Burning Pact","Sword Boomerang"],"picked":"Fire Breathing","floor":11},{"not_picked":["Warcry","Sword Boomerang"],"picked":"Anger","floor":12},{"not_picked":["Ghostly Armor","Rage"],"picked":"Searing Blow","floor":13},{"not_picked":["Carnage","Clash"],"picked":"Burning Pact","floor":14},{"not_picked":["Berserk","Offering"],"picked":"Double Tap","floor":16},{"not_picked":["Clothesline","Dual Wield"],"picked":"Armaments","floor":18},{"not_picked":["Disarm","Clash"],"picked":"True Grit+1","floor":24},{"not_picked":["True Grit","Pommel Strike"],"picked":"Bloodletting","floor":27},{"not_picked":["Cleave","Reckless Charge"],"picked":"Juggernaut","floor":29},{"not_picked":["Iron Wave","Sword Boomerang"],"picked":"Headbutt+1","floor":31},{"not_picked":["Berserk","Feed"],"picked":"Barricade","floor":33},{"not_picked":["Iron Wave+1","Rage+1"],"picked":"Entrench+1","floor":35},{"not_picked":["Pummel","Pommel Strike"],"picked":"Warcry","floor":37},{"not_picked":["Rage","Clothesline"],"picked":"Seeing Red","floor":39}],"player_experience":15265,"relics_obtained":[{"floor":7,"key":"Torii"},{"floor":9,"key":"HornCleat"},{"floor":12,"key":"Ancient Tea Set"},{"floor":21,"key":"Nunchaku"},{"floor":24,"key":"Boot"},{"floor":26,"key":"Magic Flower"}],"event_choices":[{"damage_healed":0,"gold_gain":75,"player_choice":"Gather Gold","damage_taken":11,"max_hp_gain":0,"max_hp_loss":0,"event_name":"World of Goop","floor":8,"gold_loss":0},{"damage_healed":0,"gold_gain":0,"player_choice":"Upgraded","damage_taken":0,"max_hp_gain":0,"max_hp_loss":0,"event_name":"Upgrade Shrine","floor":19,"gold_loss":0,"cards_upgraded":["Searing Blow"]},{"damage_healed":0,"gold_gain":0,"player_choice":"Obtained Relic","damage_taken":0,"relics_obtained":["Lizard Tail"],"max_hp_gain":0,"max_hp_loss":0,"event_name":"Addict","floor":22,"gold_loss":85},{"damage_healed":0,"gold_gain":0,"player_choice":"Paid","damage_taken":0,"relics_obtained":["Red Mask"],"max_hp_gain":0,"max_hp_loss":0,"event_name":"Tomb of Lord Red Mask","floor":38,"gold_loss":202}],"is_beta":false,"boss_relics":[{"not_picked":["Busted Crown","Coffee Dripper"],"picked":"Philosopher\u0027s Stone"},{"not_picked":["Sozu","SacredBark"],"picked":"Mark of Pain"}],"items_purged_floors":[20,36],"is_endless":false,"potions_floor_spawned":[2,3,4,11,16,24,29,31,37],"killed_by":"Reptomancer","ascension_level":0}}