{"host":"5jn3rki867005t18","time":1609388524,"event":{"mods":["AchievementEnabler","BaseMod","Colored Map","DeckTracker","Highlight Path","Minty Spire (QoL Compilation)","Permanent Neow","Quick Restart","StSLib","SuperFastMode"],"gold_per_floor":[117,117,127,137,137,137,155,183,209,209,244,270,142,161,161,265,265,265,265,265,265,265,265,265,265,265,265,265,265,265,265,265,265,265],"floor_reached":33,"playtime":1250,"items_purged":["Strike_R"],"score":314,"play_id":"2d69b748-39da-4444-a4a4-8040c5bf31cf","local_time":"20201231132204","is_ascension_mode":true,"campfire_choices":[{"data":"Iron Wave","floor":6,"key":"SMITH"},{"data":"Carnage","floor":10,"key":"SMITH"},{"data":"Flame Barrier","floor":15,"key":"SMITH"},{"floor":27,"key":"REST"},{"data":"Body Slam","floor":32,"key":"SMITH"}],"circlet_count":0,"master_deck":["Strike_R","Strike_R","Strike_R","Strike_R","Defend_R","Defend_R","Defend_R","Defend_R","Bash","Cleave","Clash+1","Pommel Strike","Iron Wave+1","Flame Barrier+1","Carnage+1","Exhume","Body Slam+1","Shrug It Off","Bludgeon","Heavy Blade+1","Shrug It Off+1","True Grit+1","Reaper","Clash","Thunderclap","Juggernaut","Headbutt+1","Spot Weakness","Juggernaut+1"],"relics":["Burning Blood","Bag of Preparation","Toy Ornithopter","MealTicket","Art of War","Ectoplasm","Nloth\u0027s Gift","Prayer Wheel","Anchor","Frozen Egg 2","Red Mask","Toxic Egg 2"],"acts_visited":["Exordium","TheCity"],"potions_floor_usage":[8,8,16,20,21,24,25,31],"damage_taken":[{"damage":5,"enemies":"Small Slimes","floor":1,"turns":3},{"damage":0,"enemies":"Cultist","floor":3,"turns":2},{"damage":8,"enemies":"Jaw Worm","floor":4,"turns":3},{"damage":7,"enemies":"Blue Slaver","floor":7,"turns":3},{"damage":26,"enemies":"Lagavulin","floor":8,"turns":9},{"damage":3,"enemies":"Gremlin Nob","floor":11,"turns":3},{"damage":1,"enemies":"Red Slaver","floor":14,"turns":2},{"damage":51,"enemies":"Hexaghost","floor":16,"turns":11},{"damage":2,"enemies":"Chosen","floor":18,"turns":4},{"damage":3,"enemies":"3 Byrds","floor":19,"turns":4},{"damage":24,"enemies":"Sentry and Sphere","floor":20,"turns":5},{"damage":0,"enemies":"Snecko","floor":21,"turns":3},{"damage":32,"enemies":"Slavers","floor":23,"turns":7},{"damage":5,"enemies":"Centurion and Healer","floor":24,"turns":5},{"damage":42,"enemies":"Book of Stabbing","floor":25,"turns":5},{"damage":14,"enemies":"Chosen and Byrds","floor":28,"turns":5},{"damage":19,"enemies":"Masked Bandits","floor":29,"turns":4},{"damage":4,"enemies":"3 Cultists","floor":31,"turns":4},{"damage":81,"enemies":"Collector","floor":33,"turns":6}],"seed_played":"-3437462040027498132","potions_obtained":[{"floor":3,"key":"DistilledChaos"},{"floor":4,"key":"Weak Potion"},{"floor":8,"key":"Swift Potion"},{"floor":11,"key":"Energy Potion"},{"floor":18,"key":"Explosive Potion"},{"floor":20,"key":"GamblersBrew"},{"floor":23,"key":"BlessingOfTheForge"},{"floor":24,"key":"SpeedPotion"},{"floor":28,"key":"Fire Potion"}],"is_trial":false,"path_per_floor":["M","?","M","M","?","R","M","E","T","R","E","T","$","M","R","B",null,"M","M","M","M","?","E","M","E","T","R","M","?","T","M","R","B"],"character_chosen":"IRONCLAD","items_purchased":["Body Slam"],"campfire_rested":1,"item_purchase_floors":[13],"current_hp_per_floor":[80,73,79,77,77,77,76,56,56,56,59,59,74,79,79,39,80,80,80,62,73,73,47,69,38,38,62,54,41,41,48,48,0,0],"gold":265,"neow_bonus":"THREE_CARDS","is_daily":false,"chose_seed":false,"campfire_upgraded":4,"win_rate":0.0,"timestamp":1609388524,"path_taken":["M","?","M","M","?","R","?","E","T","R","E","?","$","M","R","BOSS","M","M","M","M","?","E","?","E","T","R","?","?","?","M","R","BOSS"],"items_purchased_type":["Card"],"build_version":"2020-12-22","purchased_purges":1,"victory":false,"max_hp_per_floor":[80,80,80,80,80,80,80,80,80,80,80,80,80,80,80,80,80,80,80,80,80,80,80,80,80,80,80,80,80,80,80,80,80,80],"card_choices":[{"not_picked":["Disarm","Havoc"],"picked":"Cleave","floor":0},{"not_picked":["Anger","True Grit"],"picked":"Clash","floor":1},{"not_picked":["Cleave","Power Through"],"picked":"Pommel Strike","floor":3},{"not_picked":["Disarm","Power Through"],"picked":"Iron Wave","floor":4},{"not_picked":["Searing Blow","Entrench"],"picked":"Flame Barrier","floor":7},{"not_picked":["Power Through","Perfected Strike"],"picked":"Carnage","floor":8},{"not_picked":["Intimidate","Evolve"],"picked":"Exhume","floor":11},{"not_picked":["Thunderclap","Wild Strike"],"picked":"Shrug It Off","floor":14},{"not_picked":["Limit Break","Reaper"],"picked":"Bludgeon","floor":16},{"not_picked":["Warcry","Battle Trance"],"picked":"Heavy Blade+1","floor":18},{"not_picked":["Iron Wave","Body Slam"],"picked":"Shrug It Off+1","floor":19},{"not_picked":["Dark Embrace","Reckless Charge","Feel No Pain"],"picked":"SKIP","floor":20},{"not_picked":["Shrug It Off","Body Slam"],"picked":"True Grit+1","floor":21},{"not_picked":["Carnage","Whirlwind"],"picked":"Reaper","floor":23},{"not_picked":["Iron Wave","Perfected Strike"],"picked":"Clash","floor":24},{"not_picked":["Anger","Clothesline+1"],"picked":"Thunderclap","floor":24},{"not_picked":["Fire Breathing","Bludgeon"],"picked":"Juggernaut","floor":25},{"not_picked":["Shockwave","Sever Soul"],"picked":"Headbutt+1","floor":28},{"not_picked":["Headbutt","Rupture+1","Body Slam"],"picked":"SKIP","floor":28},{"not_picked":["Perfected Strike","Body Slam"],"picked":"Spot Weakness","floor":29},{"not_picked":["Clothesline","Headbutt"],"picked":"Juggernaut+1","floor":31},{"not_picked":["Perfected Strike","Havoc+1","Entrench+1"],"picked":"SKIP","floor":31}],"player_experience":146826,"relics_obtained":[{"floor":8,"key":"Toy Ornithopter"},{"floor":9,"key":"MealTicket"},{"floor":11,"key":"Art of War"},{"floor":12,"key":"Dream Catcher"},{"floor":23,"key":"Prayer Wheel"},{"floor":25,"key":"Anchor"},{"floor":26,"key":"Frozen Egg 2"},{"floor":29,"key":"Red Mask"},{"floor":30,"key":"Toxic Egg 2"}],"event_choices":[{"damage_healed":0,"gold_gain":0,"player_choice":"Success","damage_taken":7,"relics_obtained":["Bag of Preparation"],"max_hp_gain":0,"max_hp_loss":0,"event_name":"Scrap Ooze","floor":2,"gold_loss":0},{"damage_healed":0,"gold_gain":0,"player_choice":"Forge","damage_taken":0,"max_hp_gain":0,"max_hp_loss":0,"event_name":"Accursed Blacksmith","floor":5,"gold_loss":0,"cards_upgraded":["Clash"]},{"damage_healed":0,"gold_gain":0,"player_choice":"Traded Relic","damage_taken":0,"relics_obtained":["Nloth\u0027s Gift"],"max_hp_gain":0,"max_hp_loss":0,"event_name":"N\u0027loth","floor":22,"relics_lost":["Dream Catcher"],"gold_loss":0},{"damage_healed":0,"gold_gain":0,"player_choice":"Fought Bandits","damage_taken":0,"max_hp_gain":0,"max_hp_loss":0,"event_name":"Masked Bandits","floor":29,"gold_loss":0}],"is_beta":false,"boss_relics":[{"not_picked":["Runic Pyramid","Runic Cube"],"picked":"Ectoplasm"}],"items_purged_floors":[13],"is_endless":false,"potions_floor_spawned":[3,4,8,11,18,20,23,24,28],"killed_by":"Collector","ascension_level":1}}