{"host":"sfkslwp4t49i7lrt","time":1609439635,"event":{"mods":["BaseMod","Bestiary","Block Reminder","Downfall","Highlight Path","Minty Spire (QoL Compilation)","Relic Stats","StSLib","everything is the same but u backflip on backflip","slay the spire mod where everything is the same but ironclad has a cowboy hat"],"gold_per_floor":[99,110,260,100,100,130,212,40,57,72,97,97,97,108,124,124,124,124],"floor_reached":16,"playtime":850,"items_purged":["downfall:Icky"],"score":149,"play_id":"d25050a4-00bf-4998-b0c3-b28aae85cf99","local_time":"20210101013355","is_ascension_mode":true,"campfire_choices":[{"data":"Guardian:CurlUp","floor":1,"key":"SMITH"},{"floor":12,"key":"REST"}],"circlet_count":0,"master_deck":["Guardian:Strike_Guardian","Guardian:Strike_Guardian","Guardian:Strike_Guardian","Guardian:Strike_Guardian","Guardian:Defend_Guardian","Guardian:Defend_Guardian","Guardian:Defend_Guardian","Guardian:Defend_Guardian","Guardian:CurlUp+1","Guardian:TwinSlam+1","Guardian:VentSteam","Guardian:BronzeOrb","Guardian:RollAttack","Guardian:PrimingBeam","Guardian:Recover"],"relics":["Guardian:ModeShifter","Bronze Scales","Ornamental Fan","Guardian:DefensiveModeMoreBlock","Bottled Lightning"],"acts_visited":["Exordium"],"potions_floor_usage":[],"damage_taken":[{"damage":1,"enemies":"2 Louse","floor":2,"turns":3},{"damage":5,"enemies":"downfall:FleeingMerchant","floor":4,"turns":4},{"damage":42,"enemies":"Lagavulin","floor":6,"turns":7},{"damage":2,"enemies":"downfall:FleeingMerchant","floor":8,"turns":4},{"damage":2,"enemies":"Jaw Worm","floor":9,"turns":2},{"damage":4,"enemies":"Small Slimes","floor":10,"turns":3},{"damage":8,"enemies":"Gremlin Nob","floor":11,"turns":3},{"damage":0,"enemies":"2 Fungi Beasts","floor":14,"turns":3},{"damage":1,"enemies":"Blue Slaver","floor":15,"turns":2},{"damage":31,"enemies":"downfall:Watcher","floor":16,"turns":9}],"seed_played":"901803013030446560","potions_obtained":[{"floor":6,"key":"Guardian:DefensiveModePotion"},{"floor":9,"key":"Dexterity Potion"},{"floor":10,"key":"LiquidMemories"}],"is_trial":false,"path_per_floor":["R","M","?","$","?","E","T","$","M","M","E","R","?","M","M","B"],"character_chosen":"GUARDIAN","items_purchased":["Guardian:BronzeOrb","Guardian:DefensiveModeMoreBlock"],"campfire_rested":1,"item_purchase_floors":[4,8],"current_hp_per_floor":[72,71,71,66,66,24,24,22,20,16,8,32,32,32,31,0,0,0],"gold":124,"neow_bonus":"UPGRADE_CARD","is_daily":false,"chose_seed":false,"campfire_upgraded":1,"win_rate":0.0,"timestamp":1609439635,"path_taken":["R","M","?","?","?","E","T","$","?","M","E","R","?","M","M","BOSS"],"items_purchased_type":["Card","Relic"],"build_version":"2020-12-22","purchased_purges":1,"victory":false,"max_hp_per_floor":[80,80,80,80,80,80,80,80,80,80,80,80,80,80,80,80,80,80],"relic_stats":{"counters":[10,40],"Ornamental Fan":[40],"Bronze Scales":[25],"obtain_stats":[{"Guardian:DefensiveModeMoreBlock":8,"Ornamental Fan":7,"Bronze Scales":6,"Guardian:ModeShifter":0,"Bottled Lightning":11},{"Guardian:DefensiveModeMoreBlock":4,"Ornamental Fan":3,"Bronze Scales":3,"Guardian:ModeShifter":0,"Bottled Lightning":7},{"Guardian:DefensiveModeMoreBlock":18,"Ornamental Fan":14,"Bronze Scales":14,"Guardian:ModeShifter":0,"Bottled Lightning":26}]},"card_choices":[{"not_picked":["Guardian:Planning","Guardian:Gem_Lightblue"],"picked":"Guardian:Gem_Cyan","floor":2},{"not_picked":["Guardian:GemFire","Guardian:DecasProtection"],"picked":"Guardian:VentSteam","floor":4},{"not_picked":["Guardian:HyperBeam_Guardian","Guardian:Gem_Cyan"],"picked":"Guardian:Gem_Blue","floor":6},{"not_picked":["Guardian:ShieldCharger","Guardian:Gem_Cyan"],"picked":"Guardian:PrimingBeam","floor":8},{"not_picked":["Guardian:Gem_Green","Guardian:Gem_Lightblue"],"picked":"Guardian:Gem_Fragmented","floor":9},{"not_picked":["Guardian:Incinerate","Guardian:Gem_Lightblue","Guardian:VentSteam"],"picked":"SKIP","floor":10},{"not_picked":["Guardian:StasisEngine","Guardian:Gem_Cyan"],"picked":"Guardian:Recover","floor":11},{"not_picked":["Guardian:Emergency","Guardian:WalkerClaw","Guardian:PolyBeam"],"picked":"SKIP","floor":14},{"not_picked":["Guardian:Suspension","Guardian:Gem_Green","Guardian:Incinerate"],"picked":"SKIP","floor":15}],"player_experience":412041,"relics_obtained":[{"floor":6,"key":"Bronze Scales"},{"floor":7,"key":"Ornamental Fan"},{"floor":11,"key":"Bottled Lightning"}],"event_choices":[{"damage_healed":0,"gold_gain":0,"player_choice":"Fled","damage_taken":0,"max_hp_gain":0,"max_hp_loss":0,"event_name":"Scrap Ooze","floor":13,"gold_loss":0}],"is_beta":false,"boss_relics":[],"items_purged_floors":[4],"is_endless":false,"potions_floor_spawned":[6,9,10,11],"killed_by":"downfall:Watcher","ascension_level":7}}