{"host":"mniz8q056kux99zk","time":1609423565,"event":{"mods":["Act Like it!","BaseMod","CapriCore","Hermit","Highlight Path","Hubris","Infinite Spire","Minty Spire (QoL Compilation)","Replay The Spire","StSLib"],"gold_per_floor":[116,116,116,132,157,157,157,157,182,225,244,265,57,92,92,220,220,236,259,259,284,284,284,297,11,11,36,36,59,59,59,59,197,197,220,268,288,288,288],"floor_reached":38,"playtime":9712,"items_purged":[],"score":411,"play_id":"dcad177d-912f-4406-b33f-08f7fc4c35ad","local_time":"20201231090605","is_ascension_mode":false,"campfire_choices":[{"floor":6,"key":"REST"},{"data":"hermit:Quickdraw","floor":8,"key":"SMITH"},{"floor":15,"key":"REST"},{"floor":23,"key":"REST"},{"floor":32,"key":"REST"}],"circlet_count":0,"master_deck":["hermit:Strike_Hermit","hermit:Strike_Hermit","hermit:Strike_Hermit","hermit:Defend_Hermit","hermit:Defend_Hermit+1","hermit:Defend_Hermit","hermit:Snapshot+1","hermit:Covet","Sickly","hermit:Snapshot","hermit:RoundhouseKick","Replay:BasicMightCard","infinitespire:Fortify","hermit:SprayPray","Injury","hermit:ItchyTrigger","hermit:Quickdraw+1","hermit:Dive","hermit:Snipe","hermit:Shortfuse","hermit:Gestalt+1","hermit:TrackingShot","hermit:Showdown","hermit:BodyArmor","hermit:BigShot","Swift Strike","hermit:Malice","hermit:HighNoon","hermit:CalledShot","hermit:Ricochet","hermit:Dive+1","hermit:Scavenge+1","hermit:Maintenance","hermit:Gambit","hermit:TakeAim+1","hermit:GhostlyPresence+1","hermit:EyeOfTheStorm+1","hermit:FlashPowder","hermit:Glare","hermit:LowProfile"],"relics":["ReplayTheSpireMod:SealedPack","Golden Idol","Nunchaku","Potion Belt","BargainBundle","Replay:Mystery Machine","Replay:Grab Bag","hubris:VirtuousBlindfold","ReplayTheSpireMod:DimensionalGlitch","SacredBark","hubris:Stopwatch","infinitespire:CheckeredPen","Thread and Needle","hubris:64BitClover","Molten Egg 2","BranchBurnRelic","Astrolabe"],"acts_visited":["Exordium","TheCity","TheBeyond"],"potions_floor_usage":[12,12,16,16,16,18,21,27,37,37],"damage_taken":[{"damage":1,"enemies":"Jaw Worm","floor":1,"turns":2},{"damage":0,"enemies":"2 Louse","floor":4,"turns":1},{"damage":0,"enemies":"Small Slimes","floor":5,"turns":2},{"damage":38,"enemies":"Lagavulin","floor":10,"turns":7},{"damage":5,"enemies":"Looter","floor":11,"turns":2},{"damage":6,"enemies":"Exordium Wildlife","floor":12,"turns":2},{"damage":3,"enemies":"Gremlin Nob","floor":14,"turns":4},{"damage":9,"enemies":"Slime Boss","floor":16,"turns":11},{"damage":40,"enemies":"3 Byrds","floor":18,"turns":5},{"damage":7,"enemies":"Chosen","floor":19,"turns":4},{"damage":11,"enemies":"Snecko","floor":21,"turns":5},{"damage":13,"enemies":"Cultist and Chosen","floor":24,"turns":5},{"damage":1,"enemies":"Centurion and Healer","floor":27,"turns":6},{"damage":5,"enemies":"Snake Plant","floor":29,"turns":3},{"damage":31,"enemies":"Champ","floor":33,"turns":15},{"damage":0,"enemies":"Orb Walker","floor":35,"turns":3},{"damage":44,"enemies":"3 Shapes","floor":37,"turns":4},{"damage":23,"enemies":"Jaw Worm Horde","floor":38,"turns":1}],"seed_played":"1293514742126452002","potions_obtained":[{"floor":10,"key":"ColorlessPotion"},{"floor":11,"key":"ColorlessPotion"},{"floor":12,"key":"GamblersBrew"},{"floor":16,"key":"LiquidBronze"},{"floor":18,"key":"Weak Potion"},{"floor":24,"key":"Energy Potion"},{"floor":33,"key":"hermit:BlackBile"},{"floor":35,"key":"Adrenaline Potion"},{"floor":36,"key":"LifebloodPotion"},{"floor":36,"key":"Swift Potion"},{"floor":36,"key":"Energy Potion"}],"is_trial":false,"path_per_floor":["M","?","?","M","M","R","?","R","T","E","M","M","$","E","R","B",null,"M","M","?","M","?","R","M","$","T","M","AVR","M","?","T","R","B",null,"M","?","M","M"],"character_chosen":"HERMIT","items_purchased":["BargainBundle","AttackPotion","FearPotion","hermit:Gestalt+1","hermit:TrackingShot","hermit:Showdown","hermit:BodyArmor","hermit:BigShot","Swift Strike","Doom Potion","Thread and Needle"],"campfire_rested":4,"item_purchase_floors":[13,13,13,13,13,13,13,13,13,13,25],"current_hp_per_floor":[74,74,59,59,59,75,75,75,75,37,32,26,26,23,45,36,75,35,28,28,17,17,39,26,26,26,25,25,20,20,20,42,20,75,75,57,13,0,0],"gold":288,"neow_bonus":"BOSS_RELIC","is_daily":false,"chose_seed":false,"campfire_upgraded":1,"win_rate":0.0,"timestamp":1609423565,"path_taken":["M","?","?","M","M","R","?","R","T","E","M","M","$","E","R","BOSS","M","M","?","M","?","R","M","?","T","?","AVR","M","?","?","R","BOSS","M","?","M","M"],"items_purchased_type":["Relic","Potion","Potion","Card","Card","Card","Card","Card","Card","Potion","Relic"],"build_version":"2020-12-22","purchased_purges":0,"victory":false,"max_hp_per_floor":[75,75,75,75,75,75,75,75,75,75,75,75,75,75,75,75,75,75,75,75,75,75,75,75,75,75,75,75,75,75,75,75,75,75,75,75,75,75,75],"card_choices":[{"not_picked":["Vigilance","Bash"],"picked":"hermit:Snapshot","floor":0},{"not_picked":["hermit:BlackWind","hermit:Adapt"],"picked":"hermit:RoundhouseKick","floor":0},{"not_picked":["Specialist","Panacea"],"picked":"Replay:BasicMightCard","floor":0},{"not_picked":["infinitespire:Starlight","ReplayTheSpireMod:Haul"],"picked":"infinitespire:Fortify","floor":0},{"not_picked":["hermit:PistolWhip","hermit:FullyLoaded"],"picked":"hermit:SprayPray","floor":1},{"not_picked":["hermit:WideOpen","hermit:CursedWeapon"],"picked":"hermit:ItchyTrigger","floor":4},{"not_picked":["hermit:ItchyTrigger","hermit:WideOpen"],"picked":"hermit:Quickdraw","floor":5},{"not_picked":["hermit:ItchyTrigger","hermit:LoneWolf"],"picked":"hermit:Dive","floor":10},{"not_picked":["hermit:Headshot","hermit:Gestalt"],"picked":"hermit:Snipe","floor":11},{"not_picked":["hermit:ItchyTrigger","hermit:TrackingShot"],"picked":"hermit:Shortfuse","floor":12},{"not_picked":["hermit:Magnum","hermit:SprayPray"],"picked":"hermit:Malice","floor":14},{"not_picked":["hermit:DeadOrAlive","hermit:Reprieve"],"picked":"hermit:HighNoon","floor":16},{"not_picked":["hermit:HoleUp+1","hermit:WideOpen+1"],"picked":"hermit:CalledShot","floor":18},{"not_picked":["hermit:WideOpen","hermit:Roulette"],"picked":"hermit:Ricochet","floor":19},{"not_picked":["hermit:LoneWolf","hermit:PistolWhip"],"picked":"hermit:Dive+1","floor":21},{"not_picked":["hermit:CalledShot+1","hermit:BodyArmor+1"],"picked":"hermit:Scavenge+1","floor":24},{"not_picked":["hermit:HoleUp+1","hermit:ItchyTrigger+1"],"picked":"hermit:Maintenance","floor":27},{"not_picked":["hermit:HoleUp","hermit:Dive"],"picked":"hermit:RoundhouseKick+1","floor":29},{"not_picked":["hermit:OverwhelmingPower","hermit:HighNoon"],"picked":"hermit:Gambit","floor":33},{"not_picked":["hermit:Misfire+1","hermit:WideOpen+1"],"picked":"hermit:FlashPowder","floor":35},{"not_picked":["hermit:Manifest+1","hermit:TrackingShot+1"],"picked":"hermit:Glare","floor":36},{"not_picked":["hermit:Horror+1","hermit:Malice+1"],"picked":"hermit:LowProfile","floor":37}],"player_experience":106446,"relics_obtained":[{"floor":9,"key":"Nunchaku"},{"floor":10,"key":"Potion Belt"},{"floor":14,"key":"Replay:Mystery Machine"},{"floor":26,"key":"hubris:64BitClover"},{"floor":31,"key":"Dead Branch"}],"event_choices":[{"damage_healed":0,"gold_gain":0,"player_choice":"Take Wound","damage_taken":0,"relics_obtained":["Golden Idol"],"max_hp_gain":0,"max_hp_loss":0,"event_name":"Golden Idol","floor":2,"gold_loss":0,"cards_obtained":["Injury"]},{"damage_healed":0,"gold_gain":0,"player_choice":"Entered Light","damage_taken":15,"max_hp_gain":0,"max_hp_loss":0,"event_name":"Shining Light","floor":3,"gold_loss":0,"cards_upgraded":["hermit:Snapshot","hermit:Defend_Hermit"]},{"damage_healed":0,"gold_gain":0,"player_choice":"Leave","damage_taken":0,"max_hp_gain":0,"max_hp_loss":0,"event_name":"The Cleric","floor":7,"gold_loss":0},{"damage_healed":0,"gold_gain":0,"player_choice":"Ignored","damage_taken":0,"max_hp_gain":0,"max_hp_loss":0,"event_name":"Vampires","floor":22,"gold_loss":0}],"is_beta":false,"boss_relics":[{"not_picked":["Philosopher\u0027s Stone","hubris:Backtick"],"picked":"Replay:Grab Bag"},{"not_picked":["Runic Dome","Ectoplasm"],"picked":"hubris:VirtuousBlindfold"},{"not_picked":["hubris:GrandSneckoEye","Abe\u0027s Treasure"],"picked":"ReplayTheSpireMod:DimensionalGlitch"},{"not_picked":["SlaversCollar","Snecko Eye"],"picked":"SacredBark"},{"not_picked":["Empty Cage","hubris:BlackHole"],"picked":"hubris:Stopwatch"},{"not_picked":["hubris:RunicObelisk","Sozu"],"picked":"Astrolabe"}],"items_purged_floors":[],"is_endless":false,"potions_floor_spawned":[10,11,12,16,18,24,33,35],"killed_by":"Jaw Worm Horde","ascension_level":0}}