{"host":"bbcqjedmotowk2e9","time":1609414151,"event":{"mods":["AchievementEnabler","Aspiration","BaseMod","Colored Powertips","Energized Spire","GifTheSpireLib","Halation","Hubris","Hyrulean Relics","Infinite Spire","Marisa????????","Minty Spire (QoL Compilation)","Permanent Neow","Quick Restart","Relic Stats","Replay The Spire","Spires And Sneckos","StSLib","Stuff the Spire","Synergy Search","The Disciple"],"gold_per_floor":[364,379,201,201,122,156,156,172,172,172,44,57,92,102,102,198,198,215,66,66,76,76,76,94,94,94,94,94,124,135,24,24,135,135,146,174,36,52,72,105,105,130,156,182,208,263,263,296,296,296],"floor_reached":51,"playtime":1918,"items_purged":["Strike_R","Pain","SwitchThreat"],"score":1181,"play_id":"263d30aa-5173-488a-a2a2-41111eaccfa1","local_time":"20201231142911","is_ascension_mode":true,"campfire_choices":[{"data":"Crippling Poison","floor":7,"key":"SMITH"},{"floor":15,"key":"REST"},{"data":"Sadistic Nature","floor":23,"key":"SMITH"},{"floor":25,"key":"REST"},{"data":"infinitespire:Neurotoxin","floor":27,"key":"SMITH"},{"floor":41,"key":"REST"}],"circlet_count":0,"master_deck":["Strike_G+1","Strike_G","Defend_G+2","Defend_G","Defend_G","Defend_G","Survivor","Neutralize","Strike_G","StuffTheSpire:Injection","infinitespire:Neurotoxin+1","Sadistic Nature+1","Crippling Poison+1","Replay:Poison Smokescreen+1","PiercingWail+1","Poison Darts","StuffTheSpire:MirrorStance","Bouncing Flask","infinitespire:TheBestDefense","ReplayTheSpireMod:Necrosis+1","Noxious Fumes+1","Deadly Poison","Toxin Wave+1","Toxin Wave+1"],"relics":["Ring of the Snake","Replay:Wax Seal","infinitespire:Lucky Rock","White Beast Statue","Snake Skull","Kintsugi","Chemical X","halation:EternalFortune","hubris:PeanutButter","infinitespire:ShieldingShard","CeramicFish","War Paint","SlaversCollar","infinitespire:Satchel","halation:AfternoonTea","Simple Rune","Tingsha","MealTicket"],"acts_visited":["Exordium","TheCity","TheBeyond"],"potions_floor_usage":[6,13,21,33,33,38,38,46,46,50],"damage_taken":[{"damage":16,"enemies":"Jaw Worm","floor":1,"turns":6},{"damage":1,"enemies":"Cultist","floor":2,"turns":3},{"damage":11,"enemies":"Gremlin Nob","floor":6,"turns":4},{"damage":0,"enemies":"Small Slimes","floor":8,"turns":2},{"damage":6,"enemies":"2 Fungi Beasts","floor":12,"turns":3},{"damage":0,"enemies":"Replay:BlueRogue","floor":13,"turns":3},{"damage":0,"enemies":"Looter","floor":14,"turns":3},{"damage":16,"enemies":"The Guardian","floor":16,"turns":9},{"damage":11,"enemies":"Shell Parasite","floor":18,"turns":4},{"damage":2,"enemies":"Chosen","floor":21,"turns":3},{"damage":13,"enemies":"Snecko","floor":24,"turns":3},{"damage":9,"enemies":"Book of Stabbing","floor":29,"turns":3},{"damage":2,"enemies":"Snake Plant","floor":30,"turns":3},{"damage":8,"enemies":"Automaton","floor":33,"turns":6},{"damage":16,"enemies":"3 Darklings","floor":35,"turns":4},{"damage":0,"enemies":"Orb Walker","floor":36,"turns":2},{"damage":0,"enemies":"Sphere and 2 Shapes","floor":38,"turns":2},{"damage":2,"enemies":"Maw","floor":39,"turns":5},{"damage":12,"enemies":"Nemesis","floor":40,"turns":5},{"damage":14,"enemies":"Spire Growth","floor":42,"turns":3},{"damage":0,"enemies":"Transient","floor":44,"turns":5},{"damage":1,"enemies":"Reptomancer","floor":45,"turns":3},{"damage":1,"enemies":"2 Orb Walkers","floor":46,"turns":4},{"damage":0,"enemies":"R_Hoarder","floor":48,"turns":3},{"damage":83,"enemies":"Awakened One","floor":50,"turns":7}],"seed_played":"-4222846715100970773","potions_obtained":[{"floor":2,"key":"Block Potion"},{"floor":12,"key":"BlessingOfTheForge"},{"floor":13,"key":"GhostInAJar"},{"floor":14,"key":"ColorlessPotion"},{"floor":16,"key":"Explosive Potion"},{"floor":18,"key":"Block Potion"},{"floor":21,"key":"Weak Potion"},{"floor":24,"key":"EssenceOfSteel"},{"floor":30,"key":"Toxic Potion"},{"floor":33,"key":"infinitespire:BlackPotion"},{"floor":35,"key":"Adrenaline Potion"},{"floor":38,"key":"Strength Potion"},{"floor":39,"key":"DistilledChaos"},{"floor":46,"key":"PowerPotion"},{"floor":48,"key":"Doom Potion"}],"is_trial":false,"path_per_floor":["M","M","$","?","$","E","R","M","T","$","$","M","E","M","R","B",null,"M","$","?","M","?","R","M","R","T","R","AVR","E","M","?","R","B",null,"M","M","$","M","M","E","R","M","T","M","E","?","?","E","R","B",null],"character_chosen":"THE_SILENT","items_purchased":["Sadistic Nature","Replay:Wax Seal","Prepared","Chemical X","Deadly Poison"],"campfire_rested":3,"item_purchase_floors":[3,5,11,19,37],"current_hp_per_floor":[47,46,46,46,46,35,35,35,35,35,35,29,29,29,50,34,61,50,50,53,51,51,51,38,59,59,59,59,50,51,51,73,65,73,60,60,60,60,58,46,69,55,55,55,54,53,53,53,76,5],"gold":296,"neow_bonus":"TWO_FIFTY_GOLD","is_daily":false,"chose_seed":false,"campfire_upgraded":3,"win_rate":0.0,"timestamp":1609414151,"path_taken":["M","M","$","?","$","E","R","M","T","?","$","?","E","M","R","BOSS","M","$","?","M","?","R","M","R","T","R","AVR","E","M","?","R","BOSS","M","M","$","M","?","E","R","M","T","M","E","?","?","E","R","BOSS"],"items_purchased_type":["Card","Relic","Card","Relic","Card"],"build_version":"2020-12-22","purchased_purges":3,"victory":true,"max_hp_per_floor":[70,70,70,70,70,70,70,70,70,70,70,70,70,70,70,70,70,70,70,73,73,73,73,73,73,73,73,73,73,76,76,76,76,76,79,79,79,79,79,79,79,79,79,79,79,79,79,79,79,79],"relic_stats":{"counters":[25,98],"CeramicFish":45,"Tingsha":[3],"MealTicket":0,"Snake Skull":[147],"Chemical X":[20],"War Paint":["PiercingWail","Defend_G"],"obtain_stats":[{"CeramicFish":29,"Tingsha":46,"Snake Skull":13,"infinitespire:Lucky Rock":6,"War Paint":31,"White Beast Statue":9,"SlaversCollar":34,"infinitespire:ShieldingShard":28,"halation:EternalFortune":20,"infinitespire:Satchel":40,"hubris:PeanutButter":26,"Simple Rune":45,"MealTicket":48,"Chemical X":19,"halation:AfternoonTea":43,"Replay:Wax Seal":5,"Kintsugi":17,"Ring of the Snake":0},{"CeramicFish":12,"Tingsha":23,"Snake Skull":6,"infinitespire:Lucky Rock":3,"War Paint":13,"White Beast Statue":4,"SlaversCollar":14,"infinitespire:ShieldingShard":11,"halation:EternalFortune":9,"infinitespire:Satchel":19,"hubris:PeanutButter":11,"Simple Rune":22,"MealTicket":24,"Chemical X":9,"halation:AfternoonTea":20,"Replay:Wax Seal":2,"Kintsugi":8,"Ring of the Snake":0},{"CeramicFish":46,"Tingsha":88,"Snake Skull":21,"infinitespire:Lucky Rock":13,"War Paint":49,"White Beast Statue":15,"SlaversCollar":55,"infinitespire:ShieldingShard":43,"halation:EternalFortune":37,"infinitespire:Satchel":73,"hubris:PeanutButter":43,"Simple Rune":84,"MealTicket":91,"Chemical X":37,"halation:AfternoonTea":76,"Replay:Wax Seal":9,"Kintsugi":33,"Ring of the Snake":0}],"Ring of the Snake":[50]},"card_choices":[{"not_picked":["Hidden Blade","Deflect"],"picked":"StuffTheSpire:Injection","floor":1},{"not_picked":["StuffTheSpire:BumpUp","Sucker Punch"],"picked":"infinitespire:Neurotoxin","floor":2},{"not_picked":["hubris:SlightOfHand","Dodge and Roll"],"picked":"Crippling Poison","floor":6},{"not_picked":["ReplayTheSpireMod:The Works","Eviscerate"],"picked":"Replay:Poison Smokescreen","floor":8},{"not_picked":["Well Laid Plans","Predator"],"picked":"PiercingWail","floor":12},{"not_picked":["Cloak And Dagger","Sneak Up","StuffTheSpire:Python"],"picked":"SKIP","floor":13},{"not_picked":["Well Laid Plans","Flying Knee","Prepared"],"picked":"SKIP","floor":14},{"not_picked":["Corpse Explosion","Atom Bomb"],"picked":"Poison Darts","floor":16},{"not_picked":["StuffTheSpire:BumpUp","Deflect"],"picked":"StuffTheSpire:MirrorStance","floor":18},{"not_picked":["hubris:TrickCloak","Escape Plan","hubris:SlightOfHand+1"],"picked":"SKIP","floor":21},{"not_picked":["Caltrops","Acrobatics"],"picked":"Bouncing Flask","floor":24},{"not_picked":["Underhanded Strike+1","Dagger Spray","ReplayTheSpireMod:Shiv Toss+1"],"picked":"SKIP","floor":29},{"not_picked":["StuffTheSpire:Injection","Prepared","Riddle With Holes+1"],"picked":"SKIP","floor":30},{"not_picked":["Tools of the Trade","ReplayTheSpireMod:From All Sides"],"picked":"ReplayTheSpireMod:Necrosis","floor":33},{"not_picked":["Dodge and Roll+1","Poisoned Stab","StuffTheSpire:BumpUp+1"],"picked":"SKIP","floor":35},{"not_picked":["StuffTheSpire:BumpUp+1","Dagger Throw+1"],"picked":"Noxious Fumes+1","floor":36},{"not_picked":["StuffTheSpire:BumpUp","Predator+1","Deflect+1"],"picked":"SKIP","floor":38},{"not_picked":["hubris:TrickCloak+1","PiercingWail","Reflex+1"],"picked":"SKIP","floor":39},{"not_picked":["Cloak And Dagger","Outmaneuver","hubris:SlightOfHand+1"],"picked":"SKIP","floor":40},{"not_picked":["Infinite Blades+1","Flying Knee"],"picked":"Toxin Wave+1","floor":42},{"not_picked":["Atom Bomb","Flying Knee"],"picked":"Toxin Wave","floor":44},{"not_picked":["StuffTheSpire:ReptileScales+1","hubris:SlightOfHand+1","Acrobatics+1"],"picked":"SKIP","floor":45},{"not_picked":["StuffTheSpire:Python","Quick Slash","Outmaneuver+1"],"picked":"SKIP","floor":48}],"player_experience":574129,"relics_obtained":[{"floor":6,"key":"infinitespire:Lucky Rock"},{"floor":9,"key":"White Beast Statue"},{"floor":13,"key":"Snake Skull"},{"floor":26,"key":"hubris:PeanutButter"},{"floor":29,"key":"CeramicFish"},{"floor":30,"key":"halation:EternalFortune"},{"floor":35,"key":"halation:EternalFortune"},{"floor":40,"key":"infinitespire:Satchel"},{"floor":43,"key":"halation:AfternoonTea"},{"floor":45,"key":"Simple Rune"},{"floor":46,"key":"Tingsha"},{"floor":48,"key":"MealTicket"}],"event_choices":[{"damage_healed":0,"gold_gain":0,"player_choice":"Bought 0 Potions","damage_taken":0,"max_hp_gain":0,"max_hp_loss":0,"event_name":"The Woman in Blue","floor":4,"gold_loss":0},{"damage_healed":0,"gold_gain":0,"player_choice":"Ignored","damage_taken":0,"max_hp_gain":0,"max_hp_loss":0,"event_name":"Vampires","floor":22,"gold_loss":0},{"damage_healed":0,"gold_gain":0,"player_choice":"Paid Gold","damage_taken":0,"relics_obtained":["War Paint"],"max_hp_gain":0,"max_hp_loss":0,"event_name":"WeMeetAgain","floor":31,"gold_loss":111},{"damage_healed":0,"gold_gain":0,"player_choice":"Fight","damage_taken":0,"max_hp_gain":0,"max_hp_loss":0,"event_name":"Mysterious Sphere","floor":46,"gold_loss":0},{"damage_healed":0,"gold_gain":0,"player_choice":"Upgraded","damage_taken":0,"max_hp_gain":0,"max_hp_loss":0,"event_name":"Upgrade Shrine","floor":47,"gold_loss":0,"cards_upgraded":["ReplayTheSpireMod:Necrosis"]}],"is_beta":false,"boss_relics":[{"not_picked":["halation:HeavySnake","aspiration:RitualDagger"],"picked":"Kintsugi"},{"not_picked":["hubris:ScarierMask","Sozu"],"picked":"SlaversCollar"}],"items_purged_floors":[11,28,37],"is_endless":false,"potions_floor_spawned":[2,12,13,14,16,18,21,24,29,30,33,35,36,38,39,40,42,44,45,46,48],"ascension_level":8}}