{"host":"pq168dofzzbbmuuf","time":1609426822,"event":{"mods":["BaseMod","Downfall","Friendly Minions","Minty Spire (QoL Compilation)","StSLib"],"gold_per_floor":[109,124,124,135,151,183,183,183,194,194,207,222,222,43,43,144,194,206,223,223,223,223,242,242,227,327,277,72,22,39,59,9,114,114,126,141,217,229,229,239,317,331,350,370,370,370,370,370],"floor_reached":46,"playtime":2269,"items_purged":[],"score":528,"play_id":"314177d0-aa3f-47eb-b7d3-695411210c8e","local_time":"20201231100022","is_ascension_mode":false,"campfire_choices":[{"floor":8,"key":"REST"},{"floor":15,"key":"REST"},{"floor":27,"key":"REST"},{"data":"Apotheosis","floor":29,"key":"SMITH"},{"floor":32,"key":"REST"}],"circlet_count":0,"master_deck":["Slimebound:Tackle","Slimebound:Defend_Slimebound","Slimebound:Defend_Slimebound","Slimebound:Defend_Slimebound","Slimebound:Defend_Slimebound","Slimebound:Split","Slimebound:CorrosiveSpit","Slimebound:LevelUp","Slimebound:SlimeSpikes","Slimebound:SamplingLick","Slimebound:LevelUp","Slimebound:FirmFortitude+1","Slimebound:SplitBruiser","Slimebound:FirmFortitude+1","Slimebound:DisruptingSlam","Apotheosis+1","Slimebound:Overexert+1","Slimebound:ComboTackle","Slimebound:SamplingLick+1","Slimebound:GoopTackle","Bite","Bite","Bite","Bite","Bite","Slimebound:Tackle+1","Slimebound:Tackle+1","Slimebound:Tackle+1","Slimebound:ComboTackle+1","Slimebound:Schlurp+1","Slimebound:Teamwork","Slimebound:FlameTackle","Slimebound:Teamwork","Slimebound:SamplingLick","Slimebound:OozeBath","Slimebound:MegaLick+1","Slimebound:SplitBruiser","Slimebound:SplitAcid+1","Slimebound:SlimeSpikes"],"relics":["Black Star","Vajra","HornCleat","Whetstone","Slimebound:GreedOozeRelic","Tiny House","Nilry\u0027s Codex","Mummified Hand","Lantern","Bronze Scales","Sozu","Gremlin Horn","Question Card"],"acts_visited":["Exordium","TheCity","TheBeyond"],"potions_floor_usage":[2,6,11,16,18,33,33,40],"damage_taken":[{"damage":9,"enemies":"2 Louse","floor":1,"turns":4},{"damage":8,"enemies":"Cultist","floor":2,"turns":3},{"damage":6,"enemies":"Jaw Worm","floor":4,"turns":5},{"damage":4,"enemies":"2 Fungi Beasts","floor":5,"turns":4},{"damage":29,"enemies":"Lagavulin","floor":6,"turns":8},{"damage":9,"enemies":"Blue Slaver","floor":9,"turns":4},{"damage":0,"enemies":"3 Louse","floor":11,"turns":3},{"damage":11,"enemies":"Blue Slaver","floor":12,"turns":3},{"damage":0,"enemies":"downfall:FleeingMerchant","floor":14,"turns":4},{"damage":32,"enemies":"downfall:Defect","floor":16,"turns":6},{"damage":10,"enemies":"Shell Parasite","floor":18,"turns":5},{"damage":32,"enemies":"Shelled Parasite and Fungi","floor":19,"turns":5},{"damage":23,"enemies":"Sentry and Sphere","floor":23,"turns":5},{"damage":4,"enemies":"downfall:FleeingMerchant","floor":25,"turns":4},{"damage":10,"enemies":"downfall:FleeingMerchant","floor":28,"turns":4},{"damage":21,"enemies":"Centurion and Healer","floor":30,"turns":5},{"damage":0,"enemies":"Snake Plant","floor":31,"turns":2},{"damage":38,"enemies":"downfall:Ironclad","floor":33,"turns":6},{"damage":4,"enemies":"3 Darklings","floor":35,"turns":4},{"damage":10,"enemies":"Orb Walker","floor":36,"turns":3},{"damage":34,"enemies":"Jaw Worm Horde","floor":38,"turns":3},{"damage":11,"enemies":"Maw","floor":40,"turns":5},{"damage":5,"enemies":"Writhing Mass","floor":42,"turns":3},{"damage":27,"enemies":"Sphere and 2 Shapes","floor":43,"turns":4},{"damage":0,"enemies":"Maw","floor":44,"turns":5},{"damage":41,"enemies":"Reptomancer","floor":46,"turns":2}],"seed_played":"-8180133988251365142","potions_obtained":[{"floor":1,"key":"GamblersBrew"},{"floor":4,"key":"Block Potion"},{"floor":9,"key":"DistilledChaos"},{"floor":11,"key":"Fruit Juice"},{"floor":17,"key":"BlessingOfTheForge"},{"floor":18,"key":"FearPotion"},{"floor":23,"key":"sneckomod:MuddlingPotion"},{"floor":31,"key":"Regen Potion"}],"is_trial":false,"path_per_floor":["M","M","?","M","M","E","T","R","M","?","M","M","?","$","R","B",null,"M","M","?","?","?","M","T","$","?","R","$","R","M","M","R","B",null,"M","M","?","M","?","M","T","M","M","M","?","E"],"character_chosen":"SLIMEBOUND","items_purchased":["Apotheosis","Lantern","Bronze Scales","Slimebound:Teamwork","Slimebound:FlameTackle"],"campfire_rested":4,"item_purchase_floors":[14,28,28,28,28],"current_hp_per_floor":[55,51,51,49,49,24,24,42,37,37,46,43,43,51,65,36,70,65,45,45,45,29,21,21,31,31,45,42,42,33,35,49,22,49,48,46,46,20,20,23,23,28,9,18,18,0,0,0],"gold":370,"neow_bonus":"BOSS_RELIC","is_daily":false,"chose_seed":false,"campfire_upgraded":1,"win_rate":0.0,"timestamp":1609426822,"path_taken":["M","M","?","M","M","E","T","R","?","?","M","M","?","$","R","BOSS","M","M","?","?","?","M","T","?","?","R","$","R","?","M","R","BOSS","M","M","?","M","?","M","T","?","M","?","?","E"],"items_purchased_type":["Card","Relic","Relic","Card","Card"],"build_version":"2020-12-22","purchased_purges":0,"victory":false,"max_hp_per_floor":[60,60,60,60,60,60,60,60,60,60,65,65,65,65,65,65,70,70,70,49,49,49,49,49,49,49,49,49,49,49,49,49,49,49,49,49,49,49,49,49,49,49,49,49,49,49,49,49],"card_choices":[{"not_picked":["Slimebound:SlimeBarrage","Slimebound:GoopSpray"],"picked":"Slimebound:LevelUp","floor":1},{"not_picked":["Slimebound:Replication","Slimebound:RollThrough"],"picked":"Slimebound:SlimeSpikes","floor":2},{"not_picked":["Slimebound:DivideAndConquer","Slimebound:BestDefense"],"picked":"Slimebound:SamplingLick","floor":4},{"not_picked":["Slimebound:RollThrough","Slimebound:ViciousTackle","Slimebound:BestDefense"],"picked":"SKIP","floor":5},{"not_picked":["Slimebound:SplitBruiser","Slimebound:MegaLick"],"picked":"Slimebound:LevelUp","floor":6},{"not_picked":["Slimebound:GrowthPunch","Slimebound:GoopSpray"],"picked":"Slimebound:FirmFortitude","floor":9},{"not_picked":["Slimebound:ViciousTackle","Slimebound:ForwardTackle"],"picked":"Slimebound:SplitBruiser","floor":11},{"not_picked":["Slimebound:DivideAndConquer","Slimebound:SamplingLick"],"picked":"Slimebound:FirmFortitude","floor":12},{"not_picked":["Slimebound:Grow","Slimebound:CheckThePlaybook"],"picked":"Slimebound:DisruptingSlam","floor":14},{"not_picked":["Slimebound:DouseInSlime","Slimebound:RallyTheTroops"],"picked":"Slimebound:Overexert","floor":16},{"not_picked":["Slimebound:LeechEnergy","Slimebound:SpikyOuterGoop"],"picked":"Slimebound:ComboTackle","floor":17},{"not_picked":["Slimebound:DisruptingSlam","Slimebound:Nibble"],"picked":"Slimebound:SamplingLick+1","floor":18},{"not_picked":["Slimebound:SpikyOuterGoop+1","Slimebound:Chomp"],"picked":"Slimebound:GoopTackle","floor":19},{"not_picked":["Slimebound:Dissolve","Slimebound:DivideAndConquer","Slimebound:Repurpose"],"picked":"SKIP","floor":23},{"not_picked":["Slimebound:SlimeSpikes","Slimebound:ForwardTackle"],"picked":"Slimebound:ComboTackle+1","floor":25},{"not_picked":["Slimebound:RollThrough","Slimebound:LeechingTouch"],"picked":"Slimebound:Schlurp+1","floor":28},{"not_picked":["Slimebound:GrowthPunch","Slimebound:FlameTackle+1"],"picked":"Slimebound:Teamwork","floor":30},{"not_picked":["Slimebound:GoopSpray","Slimebound:FinishingTackle"],"picked":"Slimebound:SamplingLick","floor":31},{"not_picked":["Slimebound:DuplicatedForm","Slimebound:SlimeSlap"],"picked":"Slimebound:OozeBath","floor":33},{"not_picked":["Slimebound:DivideAndConquer+1","Slimebound:ProtectTheBoss+1","Slimebound:ViciousTackle+1"],"picked":"SKIP","floor":35},{"not_picked":["Slimebound:GrowthPunch","Slimebound:Prepare"],"picked":"Slimebound:MegaLick+1","floor":36},{"not_picked":["Slimebound:DivideAndConquer","Slimebound:LeechEnergy+1"],"picked":"Slimebound:SplitBruiser","floor":38},{"not_picked":["Slimebound:LeechingTouch","Slimebound:DivideAndConquer","Slimebound:HungryTackle+1"],"picked":"SKIP","floor":40},{"not_picked":["Slimebound:ItLooksTasty","Slimebound:Schlurp+1","Slimebound:LeechingTouch+1"],"picked":"Slimebound:SplitAcid+1","floor":42},{"not_picked":["Slimebound:ViciousTackle","Slimebound:Recycling","Slimebound:SplitBruiser+1"],"picked":"Slimebound:SlimeSpikes","floor":43},{"not_picked":["Slimebound:SplitMire","Slimebound:ForwardTackle+1","Slimebound:Schlurp","Slimebound:HungryTackle+1"],"picked":"SKIP","floor":44}],"player_experience":581736,"relics_obtained":[{"floor":6,"key":"Vajra"},{"floor":6,"key":"HornCleat"},{"floor":7,"key":"Whetstone"},{"floor":22,"key":"Nilry\u0027s Codex"},{"floor":24,"key":"Mummified Hand"},{"floor":37,"key":"Gremlin Horn"},{"floor":41,"key":"Question Card"}],"event_choices":[{"cards_removed":["Slimebound:Strike_Slimebound"],"damage_healed":0,"gold_gain":0,"player_choice":"Offered Basic","damage_taken":0,"max_hp_gain":0,"max_hp_loss":0,"event_name":"Bonfire Elementals","floor":3,"gold_loss":0},{"damage_healed":0,"gold_gain":0,"player_choice":"Grow","damage_taken":0,"max_hp_gain":0,"max_hp_loss":0,"event_name":"Living Wall","floor":10,"gold_loss":0,"cards_upgraded":["Slimebound:FirmFortitude"]},{"damage_healed":0,"gold_gain":0,"player_choice":"Became a vampire","damage_taken":0,"max_hp_gain":0,"max_hp_loss":21,"event_name":"Vampires","floor":20,"gold_loss":0,"cards_obtained":["Bite","Bite","Bite","Bite","Bite"]},{"damage_healed":0,"gold_gain":0,"player_choice":"Upgraded","damage_taken":0,"max_hp_gain":0,"max_hp_loss":0,"event_name":"Upgrade Shrine","floor":39,"gold_loss":0,"cards_upgraded":["Slimebound:Overexert"]},{"damage_healed":0,"gold_gain":0,"player_choice":"Ignored","damage_taken":0,"max_hp_gain":0,"max_hp_loss":0,"event_name":"Mysterious Sphere","floor":45,"gold_loss":0}],"is_beta":false,"boss_relics":[{"not_picked":["Pandora\u0027s Box","Runic Pyramid"],"picked":"Tiny House"},{"not_picked":["SacredBark","Velvet Choker"],"picked":"Sozu"}],"items_purged_floors":[],"is_endless":false,"potions_floor_spawned":[1,4,9,11,18,23,31,36,38,42],"killed_by":"Reptomancer","ascension_level":0}}