{"host":"zntn5kfpqqjb7mu3","time":1609427161,"event":{"mods":["AchievementEnabler","Aspiration","BaseMod","Better-Laid Plans","BetterRewards","Colored Map","Colored Powertips","DNKmod","Decade(王小明)","Friendly Minions","Marked Mod","Minty Spire (QoL Compilation)","Permanent Neow","Quick Restart","Rare Cards Sparkle","Relic Stats","Remove Card Discount Mod","Replay The Spire","StSLib","SuperFastMode","TestMod","Waifu the Spire","vexMod","【遗物卡牌】REMEMod","篝火指南"],"gold_per_floor":[10020,10037,10037,10051,10071,10102,10102,10122,10122,10122,10122,9561,9565,9593,9086,9086,9086],"floor_reached":16,"playtime":1115,"items_purged":["KamenRide"],"score":261,"play_id":"d717d83b-e1d6-49be-abc8-d1b4818f746f","local_time":"20201231230601","is_ascension_mode":true,"campfire_choices":[{"floor":7,"key":"RECALL"}],"circlet_count":0,"master_deck":["Decade_Attack","Decade_Attack","Decade_Attack","Decade_Attack","Decade_SpecialSkill","Decade_Defend","Decade_Defend","Decade_Defend","Decade_Defend","Burst+1","Decade_Dash2","UnarmedAttack7","NMDAZYYGL","DenO_Gun","Dragreder","Kabuto_ClockUp","Kabuto_ClockUp","DenO_Ax","Burst+1","Decade_Dash2","Kiva_Bats","Decade_Defend2","Decade_Defend2","Kuuga_GouramAttack","Kuuga_GouramAttack","DragClaw"],"relics":["Decadriver","TOEIDeficitBill","testmod-TestBox","REME_ComplimentaryCards","aspiration:DSix","testmod-BalancedPeriapt","Gremlin Horn","DollysMirror","testmod-FatalChain","Dream Catcher","vexMod:TimeEaterHat","vexMod:BerryBomb"],"acts_visited":["Exordium"],"potions_floor_usage":[],"damage_taken":[{"damage":6,"enemies":"Jaw Worm","floor":1,"turns":3},{"damage":0,"enemies":"Cultist","floor":2,"turns":3},{"damage":0,"enemies":"Small Slimes","floor":4,"turns":2},{"damage":10,"enemies":"Gremlin Gang","floor":5,"turns":3},{"damage":2,"enemies":"Lagavulin","floor":6,"turns":2},{"damage":0,"enemies":"3 Louse","floor":8,"turns":3},{"damage":0,"enemies":"Exordium Thugs","floor":13,"turns":2},{"damage":2,"enemies":"3 Sentries","floor":14,"turns":4},{"damage":44,"enemies":"Gremlin Nob","floor":16,"turns":4}],"seed_played":"8252003139248589712","potions_obtained":[{"floor":2,"key":"SpeedPotion"},{"floor":8,"key":"Swift Potion"},{"floor":14,"key":"Elixir"}],"is_trial":false,"path_per_floor":["M","M","?","M","M","E","R","M","T","PTL","PTL","R","M","E","R","E"],"character_chosen":"Decade","items_purchased":["DollysMirror","testmod-FatalChain","Decade_Dash2","Kiva_Bats","vexMod:TimeEaterHat","vexMod:BerryBomb","Kuuga_GouramAttack","DragClaw"],"campfire_rested":0,"item_purchase_floors":[12,12,12,12,15,15,15,15],"current_hp_per_floor":[94,94,94,99,95,98,98,100,100,100,100,100,100,98,100,63,63],"gold":9086,"neow_bonus":"DSIX","is_daily":false,"chose_seed":false,"campfire_upgraded":0,"win_rate":0.0,"timestamp":1609427161,"path_taken":["M","M","?","M","?","E","R","M","T","PTL","PTL","R","M","E","R","E"],"items_purchased_type":["Relic","Relic","Card","Card","Relic","Relic","Card","Card"],"build_version":"2020-12-22","purchased_purges":1,"victory":false,"max_hp_per_floor":[100,100,100,100,100,100,100,100,100,100,100,100,100,100,100,100,100],"relic_stats":{"Dream Catcher":0,"Gremlin Horn":[4,4],"counters":[9,26],"obtain_stats":[{"Dream Catcher":14,"testmod-TestBox":0,"Gremlin Horn":6,"DollysMirror":12,"testmod-FatalChain":12,"Decadriver":0,"vexMod:TimeEaterHat":15,"vexMod:BerryBomb":15,"TOEIDeficitBill":0,"testmod-BalancedPeriapt":0,"aspiration:DSix":0,"REME_ComplimentaryCards":0},{"Dream Catcher":8,"testmod-TestBox":0,"Gremlin Horn":5,"DollysMirror":6,"testmod-FatalChain":6,"Decadriver":0,"vexMod:TimeEaterHat":8,"vexMod:BerryBomb":8,"TOEIDeficitBill":0,"testmod-BalancedPeriapt":0,"aspiration:DSix":0,"REME_ComplimentaryCards":0},{"Dream Catcher":22,"testmod-TestBox":0,"Gremlin Horn":13,"DollysMirror":16,"testmod-FatalChain":16,"Decadriver":0,"vexMod:TimeEaterHat":22,"vexMod:BerryBomb":22,"TOEIDeficitBill":0,"testmod-BalancedPeriapt":0,"aspiration:DSix":0,"REME_ComplimentaryCards":0}]},"card_choices":[{"not_picked":["KamenRideKiva","UnarmedAttack7"],"picked":"Decade_Dash2","floor":1},{"not_picked":["UnarmedAttack5","KamenRideAgito"],"picked":"UnarmedAttack7","floor":2},{"not_picked":["Blade_Slash","Blade_Beat"],"picked":"NMDAZYYGL","floor":4},{"not_picked":["FormRideFlame","RideBooker_Skill_3"],"picked":"DenO_Gun","floor":4},{"not_picked":["RideBooker_Skill_1","Hibiki_Attack2"],"picked":"Dragreder","floor":5},{"not_picked":["FormRideBasshaa","Blade_Beat"],"picked":"Kabuto_ClockUp","floor":6},{"not_picked":["DenO_Gun","UnarmedAttack4"],"picked":"Kabuto_ClockUp","floor":6},{"not_picked":["Blade_Kick","UnarmedAttack6"],"picked":"DenO_Ax","floor":8},{"not_picked":["DenO_Gun","Kiva_Bats"],"picked":"Decade_Defend2","floor":13},{"not_picked":["Decade_Dash2","FormRideStorm"],"picked":"Decade_Defend2","floor":13},{"not_picked":["KamenRideKiva","RideBooker"],"picked":"Kuuga_GouramAttack","floor":14},{"not_picked":["Blade_Slash","FormRideGaruru","FormRideStorm"],"picked":"SKIP","floor":14}],"player_experience":88530,"relics_obtained":[{"floor":6,"key":"Gremlin Horn"},{"floor":14,"key":"Dream Catcher"}],"event_choices":[{"damage_healed":0,"gold_gain":0,"player_choice":"Upgraded","damage_taken":0,"max_hp_gain":0,"max_hp_loss":0,"event_name":"Upgrade Shrine","floor":3,"gold_loss":0,"cards_upgraded":["Burst"]}],"is_beta":false,"boss_relics":[],"items_purged_floors":[12],"is_endless":false,"potions_floor_spawned":[2,8,14],"killed_by":"Gremlin Nob","ascension_level":6}}