{"host":"UwU","time":1609442487,"event":{"mods":["AchievementEnabler","Act Like it!","BaseMod","Better Altar","Better Match","Better Note","Better Sensory Stone","Better Skull","Better Third Choice","BetterRewards","CCEM","Clawfect","Colored Map","Conspire","Downfall","GifTheSpireLib","Googly Eyes","Halation","Hermit","Highlight Path","Hubris","Hunter ??","Infinite Spire","Jedi Mod","Mimic Mod","Minty Spire (QoL Compilation)","Permanent Neow","Replay The Spire","Shop Mod","StSLib","Stuff the Spire","Unceasing Turn Reminder","everything is the same but u backflip on backflip","slay the spire mod where everything is the same but ironclad has a cowboy hat"],"gold_per_floor":[114,189,207,226,240,266,266,51,76,94,94,83,47,58,58,158,158,168,187,187,187,199,199,199],"floor_reached":23,"playtime":1230,"items_purged":[],"score":193,"play_id":"b7bd2673-04d9-4647-9d2d-5951c3d9d178","local_time":"20201231142127","is_ascension_mode":false,"campfire_choices":[{"floor":11,"key":"REST"},{"floor":15,"key":"REST"}],"circlet_count":0,"master_deck":["Strike_R","Strike_R","Strike_R","Strike_R","Strike_R","Defend_R","Defend_R","Defend_R","Defend_R","Bash+1","Shockwave","Thunderclap","Perfected Strike","Whirlwind","Demon Form","Infernal Blade","Rage","Metallicize","Life Link","Rage","jedi:unlimitedpower","jedi:fear+1","ReplayTheSpireMod:Strike From Hell+1","Defy Death","Twin Strike"],"relics":["Burning Blood","StuffTheSpire:GrapeVine","halation:EternalFortune","MerchantsRug","CCEMRelics:GrindingGear","halation:IncompleteEncyclopedia","hubris:Icosahedron"],"acts_visited":["Exordium","TheCity"],"potions_floor_usage":[6,6,22,23],"damage_taken":[{"damage":1,"enemies":"Jaw Worm","floor":1,"turns":3},{"damage":22,"enemies":"infinitespire:Voidling","floor":3,"turns":5},{"damage":8,"enemies":"conspire:RoseBush","floor":4,"turns":3},{"damage":16,"enemies":"conspire:2 RoseBushes","floor":5,"turns":5},{"damage":34,"enemies":"Lagavulin","floor":6,"turns":6},{"damage":6,"enemies":"Exordium Wildlife","floor":10,"turns":2},{"damage":14,"enemies":"Blue Slaver","floor":14,"turns":3},{"damage":50,"enemies":"Fading Forest","floor":16,"turns":11},{"damage":6,"enemies":"conspire:FuzzyDice","floor":18,"turns":7},{"damage":13,"enemies":"Shell Parasite","floor":19,"turns":6},{"damage":41,"enemies":"3 Cultists","floor":22,"turns":5},{"damage":44,"enemies":"Gremlin Leader","floor":23,"turns":3}],"seed_played":"5958502749665967456","potions_obtained":[{"floor":1,"key":"Regen Potion"},{"floor":3,"key":"ColorlessPotion"},{"floor":6,"key":"FearPotion"},{"floor":10,"key":"Venom Potion"},{"floor":19,"key":"Weak Potion"},{"floor":22,"key":"jedi:StrikingPotion"}],"is_trial":false,"path_per_floor":["M","?","M","M","M","E","?","$","T","M","R","$","$","M","R","B",null,"M","M","?","?","M","E"],"character_chosen":"IRONCLAD","items_purchased":["MerchantsRug","Infernal Blade","Metallicize","Life Link"],"campfire_rested":2,"item_purchase_floors":[8,8,12,13],"current_hp_per_floor":[80,72,65,63,53,40,43,43,43,43,67,67,67,59,83,39,83,83,76,76,76,41,0,0],"gold":199,"neow_bonus":"UPGRADE_CARD","is_daily":false,"chose_seed":false,"campfire_upgraded":0,"win_rate":0.0,"timestamp":1609442487,"path_taken":["M","?","M","?","M","E","?","$","T","M","R","?","$","M","R","BOSS","M","M","?","?","M","E"],"items_purchased_type":["Relic","Card","Card","Card"],"build_version":"2020-11-17","purchased_purges":0,"victory":false,"max_hp_per_floor":[80,80,80,80,80,80,83,83,83,83,83,83,83,83,83,83,83,83,83,83,83,83,83,83],"card_choices":[{"not_picked":["Replay:Undeath\u0027s Touch","Pommel Strike"],"picked":"Shockwave","floor":1},{"not_picked":["ReplayTheSpireMod:Muscle Training","Armaments"],"picked":"Thunderclap","floor":3},{"not_picked":["Replay:Undeath\u0027s Touch","ReplayTheSpireMod:Corrosion Curse"],"picked":"Perfected Strike","floor":4},{"not_picked":["Flame Barrier","Fire Breathing"],"picked":"Whirlwind","floor":5},{"not_picked":["ReplayTheSpireMod:LeadingStrike","ReplayTheSpireMod:Strike From Hell"],"picked":"Demon Form","floor":6},{"not_picked":["Anger","Sever Soul"],"picked":"Rage","floor":10},{"not_picked":["Pommel Strike","Flex"],"picked":"Rage","floor":14},{"not_picked":["conspire:Purge","Juggernaut"],"picked":"jedi:unlimitedpower","floor":16},{"not_picked":["Carnage","StuffTheSpire:Incineration"],"picked":"jedi:fear+1","floor":18},{"not_picked":["Headbutt","conspire:Charge"],"picked":"ReplayTheSpireMod:Strike From Hell+1","floor":19},{"not_picked":["StuffTheSpire:Incineration","Double Tap"],"picked":"Twin Strike","floor":22}],"player_experience":26338,"relics_obtained":[{"floor":6,"key":"StuffTheSpire:GrapeVine"},{"floor":9,"key":"CCEMRelics:GrindingGear"}],"event_choices":[{"damage_healed":0,"gold_gain":75,"player_choice":"Touch","damage_taken":8,"max_hp_gain":0,"max_hp_loss":0,"event_name":"FaceTrader","floor":2,"gold_loss":0},{"damage_healed":0,"gold_gain":0,"player_choice":"Take","damage_taken":0,"max_hp_gain":0,"max_hp_loss":0,"event_name":"betterNote:BetterNote","floor":20,"gold_loss":0,"cards_obtained":["Defy Death"]}],"is_beta":true,"boss_relics":[{"not_picked":["halation:Risk","jedi:paperlyon"],"picked":"halation:IncompleteEncyclopedia"}],"items_purged_floors":[],"is_endless":false,"potions_floor_spawned":[1,3,6,10,19,22],"killed_by":"Gremlin Leader","ascension_level":0}}