{"host":"st1kg310ms6sytc5","time":1609440164,"event":{"mods":["ATMod(°¢èªMod)","Act Like it!","BaseMod","CapriCore","Gensokyo","Minty Spire (QoL Compilation)","StSLib","SuperFastMode","[IsaacMod]ÒÔÈö¼âËþ","¡¾ÒÅÎï¿¨ÅÆ¡¿REMEMod"],"gold_per_floor":[114,114,8,19,19,51,83,366,366,394,394,427,452,452,452,549,549,561,561,573,597,597,630,641,641,641,741,741,741,741,258,258,292,308,308,473,739,739,766,766,792,792,892,919,919,954,954,1050,1050,1050,1050,1083,1083],"floor_reached":39,"playtime":4483,"items_purged":["Strike_G","Strike_G","Defend_G","Strike_G","Strike_G","Defend_G"],"score":1505,"play_id":"abe01d0f-a972-4185-8ab5-0b917048e3c6","local_time":"20210101024244","is_ascension_mode":true,"campfire_choices":[{"data":"Concentrate","floor":11.0,"key":"SMITH"},{"data":"Blade Dance","floor":15.0,"key":"SMITH"},{"data":"Terror","floor":28.0,"key":"SMITH"},{"data":"Adrenaline","floor":30.0,"key":"SMITH"},{"floor":32.0,"key":"RECALL"},{"data":"Calculated Gamble","floor":23,"key":"SMITH"},{"data":"Prepared","floor":27,"key":"SMITH"},{"data":"Acrobatics","floor":32,"key":"SMITH"},{"data":"Phantasmal Killer","floor":35,"key":"SMITH"}],"circlet_count":0,"master_deck":["Defend_G","Defend_G","Defend_G","Survivor","Neutralize","AT_BreakingExtremeWeapon","EpicFetus","Core Surge","Leg Sweep","Concentrate+1","AT_EmpoweredMortalDraw","Blade Dance+1","Prepared+1","Adrenaline+1","Terror+1","Blade Dance+1","Well Laid Plans+1","Acrobatics+1","Prepared+1","Calculated Gamble+1","Phantasmal Killer+1","Adrenaline"],"relics":["Ring of the Snake","AT_ATBox","HushsDoor","REME_ComplimentaryCards","Chaos","NeowsBlessing","Gensokyo:PortableGap","Nunchaku","Membership Card","SteamSale","TuHaoJin","Gremlin Horn","AT_MortalBlade","MealTicket","Orichalcum","White Beast Statue","Toolbox","Frozen Egg 2","Ice Cream","DeadEye","OrangePellets","Bag of Preparation","WingedGreaves","HoveringKite","Regal Pillow","Snake Skull","Toy Ornithopter","Black Star","Frozen Eye","MutagenicStrength","Shuriken","Ring of the Serpent","Torii","DoctorsRemote","CaptainsWheel","MoneyPower","REME_LimitBreaker","Mark of Pain","EdensBlessing","GuppysTail","BelialBook","Mango","Paper Frog","Charon\u0027s Ashes","REME_CardOfGreed","Boot"],"acts_visited":["Gensokyo:Gensokyo","Gensokyo:Gensokyoer","TheEnding"],"potions_floor_usage":[38,38,38],"damage_taken":[{"damage":0.0,"enemies":"Gensokyo:3_Fairies","floor":1.0,"turns":1.0},{"damage":0.0,"enemies":"Gensokyo:Python","floor":4.0,"turns":4.0},{"damage":0.0,"enemies":"Gensokyo:Aya","floor":6.0,"turns":1.0},{"damage":9.0,"enemies":"Gensokyo:Cirno","floor":7.0,"turns":5.0},{"damage":26.0,"enemies":"Gensokyo:Aya","floor":8.0,"turns":7.0},{"damage":0.0,"enemies":"Gensokyo:Mamizou","floor":10.0,"turns":3.0},{"damage":1.0,"enemies":"Gensokyo:Aya","floor":12.0,"turns":3.0},{"damage":0.0,"enemies":"Gensokyo:Mamizou","floor":13.0,"turns":4.0},{"damage":13.0,"enemies":"Gensokyo:Kokoro","floor":16.0,"turns":6.0},{"damage":1.0,"enemies":"Gensokyo:CosmicMonolith","floor":18.0,"turns":2.0},{"damage":0.0,"enemies":"Gensokyo:AngelMirror","floor":20.0,"turns":1.0},{"damage":0.0,"enemies":"Gensokyo:Reisen","floor":23.0,"turns":2.0},{"damage":0.0,"enemies":"Gensokyo:Slime_Group","floor":24.0,"turns":2.0},{"damage":0.0,"enemies":"Chosen","floor":18.0,"turns":1.0},{"damage":10.0,"enemies":"Shell Parasite","floor":19.0,"turns":3.0},{"damage":0,"enemies":"Centurion and Healer","floor":21,"turns":3},{"damage":0,"enemies":"Shelled Parasite and Fungi","floor":22,"turns":1},{"damage":0,"enemies":"REME_1_Revenger","floor":24,"turns":2},{"damage":0,"enemies":"Gremlin Leader","floor":29,"turns":1},{"damage":0,"enemies":"Slavers","floor":31,"turns":1},{"damage":0,"enemies":"Automaton","floor":33,"turns":1},{"damage":0,"enemies":"Shield and Spear","floor":37,"turns":1},{"damage":3,"enemies":"The Heart","floor":38,"turns":4}],"seed_played":"-4015390918834469076","potions_obtained":[{"floor":6.0,"key":"LiquidMemories"},{"floor":7.0,"key":"Weak Potion"},{"floor":12.0,"key":"Regen Potion"},{"floor":16.0,"key":"Energy Potion"}],"is_trial":false,"path_per_floor":["M","?","COS","M","?","E","E","E","T","E","R","E","E","$","R","B",null,"M","?","M","T","$","E","M","$","T","?","R","$","R","COS","R","M","M","?","M","M","R","E","$","T","R","?","E","?","E","R","B",null,"R","$","E","B",null],"character_chosen":"THE_SILENT","items_purchased":["Toolbox","Ice Cream","DeadEye","OrangePellets","Well Laid Plans+1","WingedGreaves","HoveringKite","Regal Pillow","Toy Ornithopter","Black Star","Frozen Eye","DoctorsRemote","CaptainsWheel","Mango","Paper Frog","Charon\u0027s Ashes","Adrenaline"],"campfire_rested":0,"item_purchase_floors":[14,22,22,22,22,25,25,25,29,29,29,25,25,36,36,36,36],"current_hp_per_floor":[70,77,77,77,70,67,58,32,32,32,32,31,31,46,46,33,58,57,57,57,57,58,58,55,55,55,55,55,55,55,55,55,55,45,45,45,45,45,45,55,55,55,55,55,55,55,55,55,55,55,69,69,66],"gold":1083,"neow_bonus":"THREE_ENEMY_KILL","is_daily":false,"chose_seed":false,"campfire_upgraded":8,"win_rate":0.0,"timestamp":1609440164,"path_taken":["M","?","COS","M","?","E","E","E","T","E","R","E","E","$","R","BOSS","M","?","M","?","$","E","M","$","T","?","R","?","R","COS","R","M","M","?","M","M","R","E","$","T","R","?","E","?","E","R","BOSS","R","$","E","BOSS"],"items_purchased_type":["Relic","Relic","Relic","Relic","Card","Relic","Relic","Relic","Relic","Relic","Relic","Relic","Relic","Relic","Relic","Relic","Card"],"build_version":"2020-12-22","purchased_purges":6,"victory":true,"max_hp_per_floor":[70,77,77,77,70,67,64,64,61,61,61,58,58,58,58,58,58,58,58,58,58,58,58,55,55,55,55,55,55,55,55,55,55,55,55,55,55,55,55,55,55,55,55,55,55,55,55,55,55,55,69,69,69],"card_choices":[{"not_picked":[],"picked":"EpicFetus","floor":0.0},{"not_picked":["Footwork","Infinite Blades"],"picked":"Leg Sweep","floor":1.0},{"not_picked":["AT_WindRun","Dagger Throw","Underhanded Strike"],"picked":"SKIP","floor":4.0},{"not_picked":["REME_ShadowForm","Cloak And Dagger","AT_ShadowStep"],"picked":"SKIP","floor":6.0},{"not_picked":["Riddle With Holes","Terror","Setup"],"picked":"SKIP","floor":7.0},{"not_picked":["AT_WindFlip","AT_TinkerSharpsword"],"picked":"Concentrate","floor":8.0},{"not_picked":["Predator","Dodge and Roll"],"picked":"Blade Dance","floor":10.0},{"not_picked":["REME_ShadowForm","Deflect"],"picked":"Prepared","floor":12.0},{"not_picked":["Quick Slash","Expertise","Leg Sweep"],"picked":"SKIP","floor":13.0},{"not_picked":["Tools of the Trade","REME_ShadowForm"],"picked":"Adrenaline","floor":16.0},{"not_picked":["Poisoned Stab","Dash+1"],"picked":"Terror","floor":18.0},{"not_picked":["Dagger Spray","Escape Plan"],"picked":"Blade Dance+1","floor":20.0},{"not_picked":["Dagger Throw","REME_GrazeFinale"],"picked":"Acrobatics","floor":23.0},{"not_picked":["Deadly Poison","Slice"],"picked":"Prepared+1","floor":24.0},{"not_picked":["Bane","Cloak And Dagger","Concentrate+1"],"picked":"SKIP","floor":18.0},{"not_picked":["Outmaneuver+1","Predator+1","Dash+1"],"picked":"SKIP","floor":19.0},{"not_picked":["Prepared","PiercingWail","Tools of the Trade+1"],"picked":"SKIP","floor":19.0},{"not_picked":["Bullet Time","Venomology","Storm of Steel"],"picked":"SKIP","floor":21},{"not_picked":["AT_TinkerSharpsword","Outmaneuver+1","Dagger Spray"],"picked":"SKIP","floor":21},{"not_picked":["Poisoned Stab","Leg Sweep"],"picked":"Calculated Gamble","floor":22},{"not_picked":["AT_WindFlip+1","Deflect+1","Backflip"],"picked":"SKIP","floor":24},{"not_picked":["Infinite Blades+1","Acrobatics","Outmaneuver+1"],"picked":"SKIP","floor":29},{"not_picked":["Night Terror","AT_KneejerkReflex+1","Sucker Punch"],"picked":"SKIP","floor":31},{"not_picked":["Night Terror","Burst"],"picked":"Phantasmal Killer","floor":33},{"not_picked":["Endless Agony","Bane","Blade Dance"],"picked":"SKIP","floor":37}],"player_experience":1364642,"relics_obtained":[{"floor":6.0,"key":"Nunchaku"},{"floor":7.0,"key":"SteamSale"},{"floor":8.0,"key":"Gremlin Horn"},{"floor":9.0,"key":"AT_MortalBlade"},{"floor":10.0,"key":"MealTicket"},{"floor":12.0,"key":"Orichalcum"},{"floor":13.0,"key":"White Beast Statue"},{"floor":23.0,"key":"Bag of Preparation"},{"floor":26.0,"key":"Snake Skull"},{"floor":24,"key":"Ring of the Serpent"},{"floor":24,"key":"Torii"},{"floor":26,"key":"MoneyPower"},{"floor":29,"key":"REME_LimitBreaker"},{"floor":29,"key":"Mark of Pain"},{"floor":31,"key":"GuppysTail"},{"floor":31,"key":"BelialBook"},{"floor":37,"key":"REME_CardOfGreed"},{"floor":37,"key":"Boot"}],"event_choices":[{"damage_healed":0,"gold_gain":0,"player_choice":"Inject Mutagens","damage_taken":0,"relics_obtained":["MutagenicStrength"],"max_hp_gain":0,"max_hp_loss":0,"event_name":"Drug Dealer","floor":20,"gold_loss":0},{"damage_healed":0,"gold_gain":0,"player_choice":"Opened","damage_taken":0,"relics_obtained":["EdensBlessing"],"max_hp_gain":0,"max_hp_loss":0,"event_name":"The Mausoleum","floor":30,"gold_loss":0}],"is_beta":false,"boss_relics":[{"not_picked":["Cracked Core","Pen Nib"],"picked":"Frozen Egg 2"},{"not_picked":[]}],"items_purged_floors":[14,22,25,29,25,36],"is_endless":false,"potions_floor_spawned":[6,7,12,13,16,18,20,23,24,18,19,21,22,29,31,33,37],"ascension_level":1}}