{"host":"pbf6u3tyx46snqc7","time":1609445290,"event":{"mods":["AchievementEnabler","BaseMod","Colored Map","Minty Spire (QoL Compilation)","Rare Cards Sparkle","SuperFastMode"],"gold_per_floor":[111,111,36,311,321,321,346,357,384,412,20,38,51,67,67,144,144,157,157,157,175,193,193,243,243,243,277,296,296,52,72,72,151,151,164,164,6,26,26,26,37,49,74,74,74],"floor_reached":44,"playtime":2128,"items_purged":["Regret"],"score":955,"play_id":"a860cd35-3aa2-4bc8-8a7d-e31b71885a0e","local_time":"20210101050810","is_ascension_mode":true,"campfire_choices":[{"data":"Tempest","floor":6.0,"key":"SMITH"},{"data":"Dualcast","floor":15.0,"key":"SMITH"},{"data":"Zap","floor":23.0,"key":"SMITH"},{"floor":25.0,"key":"REST"},{"floor":32.0,"key":"REST"},{"data":"Thunder Strike","floor":40.0,"key":"SMITH"}],"circlet_count":0,"master_deck":["AscendersBane","Defend_B","Defend_B","Defend_B","Defend_B","Dualcast+1","Ball Lightning","Tempest+1","Hologram","Conserve Battery","Core Surge","Ball Lightning","Self Repair","Echo Form","Cold Snap+1","Bite","Bite","Bite","Bite","Bite","Necronomicurse","Ball Lightning","Turbo","Leap+1","Coolheaded+1","Glacier","Cold Snap","Consume","Blizzard","Thunder Strike+1","Compile Driver","Parasite","BootSequence"],"relics":["FrozenCore","NeowsBlessing","Bag of Preparation","Bag of Marbles","Orichalcum","Velvet Choker","Necronomicon","HornCleat","Happy Flower","Orrery","Lee\u0027s Waffle","Centennial Puzzle"],"acts_visited":["Exordium","TheCity","TheBeyond"],"potions_floor_usage":[44],"damage_taken":[{"damage":0.0,"enemies":"Cultist","floor":1.0,"turns":1.0},{"damage":0.0,"enemies":"Jaw Worm","floor":5.0,"turns":1.0},{"damage":0.0,"enemies":"Lagavulin","floor":7.0,"turns":1.0},{"damage":8.0,"enemies":"2 Louse","floor":8.0,"turns":2.0},{"damage":15.0,"enemies":"Gremlin Nob","floor":10.0,"turns":3.0},{"damage":0.0,"enemies":"Looter","floor":12.0,"turns":2.0},{"damage":2.0,"enemies":"3 Louse","floor":13.0,"turns":2.0},{"damage":1.0,"enemies":"Blue Slaver","floor":14.0,"turns":2.0},{"damage":34.0,"enemies":"The Guardian","floor":16.0,"turns":11.0},{"damage":6.0,"enemies":"3 Byrds","floor":18.0,"turns":3.0},{"damage":17.0,"enemies":"Shell Parasite","floor":21.0,"turns":4.0},{"damage":11.0,"enemies":"3 Cultists","floor":22.0,"turns":5.0},{"damage":36.0,"enemies":"Slavers","floor":27.0,"turns":5.0},{"damage":4.0,"enemies":"Snecko","floor":28.0,"turns":3.0},{"damage":17.0,"enemies":"Centurion and Healer","floor":31.0,"turns":5.0},{"damage":34.0,"enemies":"Automaton","floor":33.0,"turns":11.0},{"damage":35.0,"enemies":"3 Darklings","floor":35.0,"turns":7.0},{"damage":0.0,"enemies":"Orb Walker","floor":38.0,"turns":3.0},{"damage":43.0,"enemies":"Transient","floor":41.0,"turns":6.0},{"damage":56.0,"enemies":"Writhing Mass","floor":42.0,"turns":7.0},{"damage":28,"enemies":"Spire Growth","floor":44,"turns":4}],"seed_played":"5883263454943401268","potions_obtained":[{"floor":5.0,"key":"FocusPotion"},{"floor":10.0,"key":"EssenceOfDarkness"},{"floor":14.0,"key":"PowerPotion"},{"floor":27.0,"key":"PowerPotion"},{"floor":28.0,"key":"FocusPotion"},{"floor":33.0,"key":"FairyPotion"},{"floor":35.0,"key":"EssenceOfDarkness"},{"floor":41.0,"key":"Weak Potion"}],"is_trial":false,"path_per_floor":["M","$","?","?","M","R","E","M","T","E","$","M","M","M","R","B",null,"M","?","?","M","M","R","?","R","T","E","M","?","$","M","R","B",null,"M","?","$","M","$","R","M","M","T","M"],"character_chosen":"DEFECT","items_purchased":["Core Surge","Orichalcum","Orrery","Consume","Lee\u0027s Waffle"],"campfire_rested":2,"item_purchase_floors":[11,11,30,30,37],"current_hp_per_floor":[64,64,64,64,64,64,64,56,56,41,41,43,43,44,44,19,58,54,54,33,31,37,37,37,58,58,39,39,39,39,32,53,48,65,45,45,78,78,78,78,47,23,23,0,0],"gold":74,"neow_bonus":"THREE_ENEMY_KILL","is_daily":false,"chose_seed":false,"campfire_upgraded":4,"win_rate":0.0,"timestamp":1609445290,"path_taken":["M","$","?","?","?","R","E","M","T","E","?","M","M","M","R","BOSS","M","?","?","M","M","R","?","R","T","E","M","?","$","?","R","BOSS","M","?","$","M","$","R","M","M","T","M"],"items_purchased_type":["Card","Relic","Relic","Card","Relic"],"build_version":"2020-12-22","purchased_purges":1,"victory":false,"max_hp_per_floor":[71,71,71,71,71,71,71,71,71,71,71,71,71,71,71,71,71,71,71,71,71,71,71,71,71,71,71,71,71,71,71,71,71,71,71,71,78,78,78,78,78,78,78,78,78],"card_choices":[{"not_picked":["Steam","Doom and Gloom"],"picked":"Ball Lightning","floor":1.0},{"not_picked":["Gash","Blizzard"],"picked":"Tempest","floor":5.0},{"not_picked":["Hyperbeam","Heatsinks"],"picked":"Hologram","floor":7.0},{"not_picked":["Turbo","Gash"],"picked":"Conserve Battery","floor":8.0},{"not_picked":["Streamline","Reprogram","Gash"],"picked":"SKIP","floor":10.0},{"not_picked":["Steam","FTL"],"picked":"Ball Lightning","floor":12.0},{"not_picked":["Sweeping Beam","Barrage","Hologram"],"picked":"SKIP","floor":13.0},{"not_picked":["Auto Shields","Streamline"],"picked":"Self Repair","floor":14.0},{"not_picked":["Amplify","Multi-Cast"],"picked":"Echo Form","floor":16.0},{"not_picked":["Turbo","Stack"],"picked":"Cold Snap+1","floor":18.0},{"not_picked":["Redo","Beam Cell"],"picked":"Ball Lightning","floor":21.0},{"not_picked":["Storm","Gash"],"picked":"Turbo","floor":22.0},{"not_picked":["Hologram","Gash","Conserve Battery+1"],"picked":"SKIP","floor":27.0},{"not_picked":["Ball Lightning","Redo"],"picked":"Leap+1","floor":28.0},{"not_picked":["Hologram","All For One"],"picked":"Coolheaded+1","floor":30.0},{"not_picked":["Streamline","Static Discharge+1"],"picked":"Glacier","floor":30.0},{"not_picked":["Double Energy","Force Field"],"picked":"Cold Snap","floor":30.0},{"not_picked":["Steam","Stack"],"picked":"Blizzard","floor":31.0},{"not_picked":["Biased Cognition","Core Surge"],"picked":"Thunder Strike","floor":33.0},{"not_picked":["Gash","Leap","Stack+1"],"picked":"SKIP","floor":35.0},{"not_picked":["Turbo+1","Rebound","Force Field"],"picked":"SKIP","floor":38.0},{"not_picked":["Heatsinks","Aggregate"],"picked":"Compile Driver","floor":41.0},{"not_picked":["Darkness","Aggregate+1"],"picked":"BootSequence","floor":42.0}],"player_experience":368595,"relics_obtained":[{"floor":7.0,"key":"Bag of Preparation"},{"floor":9.0,"key":"Bag of Marbles"},{"floor":10.0,"key":"Blood Vial"},{"floor":20.0,"key":"Necronomicon"},{"floor":26.0,"key":"HornCleat"},{"floor":27.0,"key":"Happy Flower"},{"floor":43.0,"key":"Centennial Puzzle"}],"event_choices":[{"cards_removed":["Strike_B"],"damage_healed":0.0,"max_hp_gain":0.0,"max_hp_loss":0.0,"gold_gain":0.0,"event_name":"The Cleric","player_choice":"Card Removal","floor":3.0,"gold_loss":75.0,"damage_taken":0.0},{"damage_healed":0.0,"max_hp_gain":0.0,"max_hp_loss":0.0,"gold_gain":275.0,"event_name":"Golden Shrine","player_choice":"Desecrate","floor":4.0,"gold_loss":0.0,"damage_taken":0.0,"cards_obtained":["Regret"]},{"damage_healed":0.0,"max_hp_gain":0.0,"max_hp_loss":0.0,"gold_gain":0.0,"event_name":"Vampires","player_choice":"Became a vampire (Vial)","floor":19.0,"relics_lost":["Blood Vial"],"gold_loss":0.0,"damage_taken":0.0,"cards_obtained":["Bite","Bite","Bite","Bite","Bite"]},{"damage_healed":0.0,"max_hp_gain":0.0,"max_hp_loss":0.0,"gold_gain":0.0,"event_name":"Cursed Tome","player_choice":"Obtained Book","floor":20.0,"gold_loss":0.0,"damage_taken":21.0},{"damage_healed":0.0,"max_hp_gain":0.0,"max_hp_loss":0.0,"gold_gain":50.0,"event_name":"Nest","player_choice":"Stole From Cult","floor":24.0,"gold_loss":0.0,"damage_taken":0.0},{"damage_healed":0.0,"max_hp_gain":0.0,"max_hp_loss":0.0,"gold_gain":0.0,"event_name":"Beggar","player_choice":"Ignored","floor":29.0,"gold_loss":0.0,"damage_taken":0.0},{"cards_removed":["Zap"],"damage_healed":0.0,"max_hp_gain":0.0,"max_hp_loss":0.0,"gold_gain":0.0,"event_name":"Falling","player_choice":"Removed Skill","floor":36.0,"gold_loss":0.0,"damage_taken":0.0}],"is_beta":false,"boss_relics":[{"not_picked":["Calling Bell","Snecko Eye"],"picked":"Velvet Choker"},{"not_picked":["Busted Crown","Cursed Key"],"picked":"FrozenCore"}],"items_purged_floors":[11],"is_endless":false,"potions_floor_spawned":[5,10,14,16,27,28,31,33,35,41],"killed_by":"Spire Growth","ascension_level":20}}