{"host":"350rh84kbmtekt58","time":1609410832,"event":{"mods":["AchievementEnabler","Act Like it!","BaseMod","Better Synergies","Block Reminder","CapriCore","Challenge The Spire","Colored Map","Colored Powertips","Communication Mod","Downfall","Energized Spire","Friendly Minions","GifTheSpireLib","Highlight Path","Minty Spire (QoL Compilation)","Quick Restart","Replay The Spire","Shop Mod","StSLib","The Animator","The Disciple","The Immortal","The Marked","The Runesmith","The Servant 0.9.4","The Wild Card","Transform Curses","yUi"],"gold_per_floor":[112,112,112,7,23,50,30,46,72,89,123,140,140,140,140,140,140],"floor_reached":16,"playtime":963,"items_purged":[],"score":135,"play_id":"3d42a8ab-5dc7-480f-8508-b6fa08522e2e","local_time":"20201231043352","is_ascension_mode":false,"campfire_choices":[{"floor":13,"key":"REST"},{"floor":15,"key":"DIG"}],"circlet_count":0,"master_deck":["theMarked:Strike","theMarked:Strike","theMarked:Strike","theMarked:Strike","theMarked:Strike","theMarked:Defend","theMarked:Defend","theMarked:Defend","theMarked:Defend","theMarked:SoldierOfQuellstein","theMarked:Parkour","theWildCard:Polydeuces","Regret","theMarked:StartUp","theMarked:StartUp","theMarked:HeightenedSenses","theMarked:SelfDefenseTraining+1","theMarked:ParalyzingBlade","theMarked:ComboAttacks","theMarked:WardOff","theMarked:ChainLightning","theMarked:Parry"],"relics":["theMarked:ArtifactOfAir","NeowsBlessing","Gremlin Food","Sundial","theMarked:DemonDagger","Ginger","Ancient Tea Set"],"acts_visited":["Exordium"],"potions_floor_usage":[10,11,16,16],"damage_taken":[{"damage":0,"enemies":"Jaw Worm","floor":1,"turns":1},{"damage":0,"enemies":"2 Louse","floor":5,"turns":1},{"damage":0,"enemies":"Lagavulin","floor":6,"turns":1},{"damage":10,"enemies":"Cultist","floor":8,"turns":4},{"damage":19,"enemies":"3 Louse","floor":10,"turns":3},{"damage":18,"enemies":"Gremlin Nob","floor":11,"turns":5},{"damage":12,"enemies":"Exordium Wildlife","floor":12,"turns":5},{"damage":33,"enemies":"The Guardian","floor":16,"turns":6}],"seed_played":"184289270127195234","potions_obtained":[{"floor":5,"key":"PowerPotion"},{"floor":6,"key":"BlessingOfTheForge"},{"floor":7,"key":"Languid Potion"},{"floor":8,"key":"CultistPotion"},{"floor":12,"key":"Adrenaline Potion"}],"is_trial":false,"path_per_floor":["M","?","?","$","M","E","?","M","T","M","E","M","R","$","R_BF","B"],"character_chosen":"THE_DEFAULT","items_purchased":["theMarked:StartUp","theMarked:HeightenedSenses"],"campfire_rested":1,"item_purchase_floors":[4,4],"current_hp_per_floor":[70,70,70,70,70,70,70,60,60,41,23,11,32,32,32,0,0],"gold":140,"neow_bonus":"THREE_ENEMY_KILL","is_daily":false,"chose_seed":false,"campfire_upgraded":0,"win_rate":0.0,"timestamp":1609410832,"path_taken":["M","?","?","?","M","E","?","?","T","M","E","M","R","$","R_BF","BOSS"],"items_purchased_type":["Card","Card"],"build_version":"2020-12-22","purchased_purges":0,"victory":false,"max_hp_per_floor":[70,70,70,70,70,70,70,70,70,70,70,70,70,70,70,70,70],"card_choices":[{"not_picked":["theMarked:WastefulAttack","theMarked:DeterminationOfTheMarked"],"picked":"theMarked:Parkour","floor":1},{"not_picked":["theMarked:WastefulDefense","theMarked:RepellingDischarge"],"picked":"theMarked:SelfDefenseTraining","floor":5},{"not_picked":["theMarked:Parkour","theMarked:Improvise"],"picked":"theMarked:ParalyzingBlade","floor":6},{"not_picked":["theMarked:Seal","theMarked:Frustration"],"picked":"theMarked:ComboAttacks","floor":8},{"not_picked":["theMarked:MaelstromOfLightning","theMarked:EmpowerWeapon"],"picked":"theMarked:WardOff","floor":10},{"not_picked":["theMarked:Parry","theMarked:BanishingWave"],"picked":"theMarked:ChainLightning","floor":11},{"not_picked":["theMarked:Static","theMarked:TurnInvisible"],"picked":"theMarked:Parry","floor":12}],"player_experience":171241,"relics_obtained":[{"floor":6,"key":"Sundial"},{"floor":9,"key":"theMarked:DemonDagger"},{"floor":11,"key":"Ginger"},{"floor":15,"key":"Ancient Tea Set"}],"event_choices":[{"damage_healed":0,"gold_gain":0,"player_choice":"Box","damage_taken":0,"relics_obtained":["Gremlin Food"],"max_hp_gain":0,"max_hp_loss":0,"event_name":"Big Fish","floor":3,"gold_loss":0,"cards_obtained":["Regret"]},{"damage_healed":0,"gold_gain":0,"player_choice":"Bought 1 Potion","damage_taken":0,"max_hp_gain":0,"max_hp_loss":0,"event_name":"The Woman in Blue","floor":7,"gold_loss":0}],"is_beta":false,"boss_relics":[],"items_purged_floors":[],"is_endless":false,"potions_floor_spawned":[5,6,8,12],"killed_by":"The Guardian","ascension_level":0}}