{"host":"rknezr0ykt7pds1i","time":1609391413,"event":{"mods":["BaseMod","Downfall","Marisa????????","Minty Spire (QoL Compilation)","Replay The Spire","StSLib","The Alterego","The Servant 0.9.4","Waifu the Spire"],"gold_per_floor":[110,185,185,285,304,332,349,363,363,378,397,397,71,86,86,181,181,161,180,30,44,44,72,72,72,126,140,160,172,199,213,213,315,315,332,343,361,239,258,285,285,285,338,338,349,365,385,145,145,145,145,145,145,176,176],"floor_reached":56,"playtime":4381,"items_purged":[],"score":1152,"play_id":"c5a84d36-b374-43d5-810e-27d107018b48","local_time":"20201231001013","is_ascension_mode":false,"campfire_choices":[{"data":"SilverBlades","floor":12,"key":"SMITH"},{"data":"Luminosity","floor":15,"key":"SMITH"},{"data":"KillingDoll","floor":25,"key":"SMITH"},{"floor":32,"key":"REST"},{"data":"Luminosity","floor":41,"key":"SMITH"},{"floor":44,"key":"RECALL"},{"floor":49,"key":"REST"}],"circlet_count":0,"master_deck":["Strike_S","Defend_S","Defend_S","Defend_S","Defend_S","KidneyShot","Exchange","Moonlight","Revamp","Spin","ReturningBlade","Potential","Rearm","Dilation","Defy","SilverBlades+1","InstantArmor","Luminosity+1","DualDimension","Deny","Starlight+1","RealityMarble+1","KillingDoll+1","Luminosity+1","Potential","MurderousAura","Foresight","MoonPhase+1","Solidify","ShatteredReality+1","Flash of Steel","expansioncontent:DashGenerateEvil","Replay:BasicMightCard"],"relics":["Uniform","NeowsBlessing","Mirror","Chameleon Ring","Replay:Ringing Soul","Painkiller Herb","Frozen Eye","Darkstone Periapt","Vajra","Dream Catcher","Replay:Grab Bag","MysterySword","Busted Crown","Replay:Drink Me","SacredBark","ReplayTheSpireMod:ShopPack","Singing Bowl","Chemical X","Bronze Scales"],"acts_visited":["Exordium","TheCity","TheBeyond","TheEnding"],"potions_floor_usage":[10,16,23,23,30,30,33,45,46,50,55,55,55],"damage_taken":[{"damage":0,"enemies":"Cultist","floor":1,"turns":1},{"damage":0,"enemies":"Small Slimes","floor":5,"turns":1},{"damage":0,"enemies":"Lagavulin","floor":6,"turns":1},{"damage":4,"enemies":"Jaw Worm","floor":7,"turns":3},{"damage":0,"enemies":"Exordium Wildlife","floor":8,"turns":3},{"damage":2,"enemies":"Gremlin Gang","floor":10,"turns":3},{"damage":8,"enemies":"3 Louse","floor":11,"turns":3},{"damage":0,"enemies":"Large Slime","floor":14,"turns":3},{"damage":0,"enemies":"Slime Boss","floor":16,"turns":4},{"damage":6,"enemies":"2 Thieves","floor":18,"turns":4},{"damage":0,"enemies":"Chosen","floor":19,"turns":2},{"damage":4,"enemies":"Sentry and Sphere","floor":21,"turns":3},{"damage":9,"enemies":"Replay:Snechameleon","floor":23,"turns":10},{"damage":4,"enemies":"Chosen and Byrds","floor":27,"turns":5},{"damage":16,"enemies":"Centurion and Healer","floor":28,"turns":6},{"damage":5,"enemies":"Snecko","floor":29,"turns":6},{"damage":13,"enemies":"Slavers","floor":30,"turns":5},{"damage":0,"enemies":"Chosen and Byrds","floor":31,"turns":6},{"damage":0,"enemies":"Champ","floor":33,"turns":9},{"damage":8,"enemies":"3 Darklings","floor":35,"turns":5},{"damage":0,"enemies":"Orb Walker","floor":36,"turns":3},{"damage":4,"enemies":"3 Darklings","floor":37,"turns":4},{"damage":4,"enemies":"Spire Growth","floor":39,"turns":4},{"damage":13,"enemies":"Giant Head","floor":40,"turns":6},{"damage":36,"enemies":"4 Shapes","floor":45,"turns":5},{"damage":13,"enemies":"3 Darklings","floor":46,"turns":6},{"damage":0,"enemies":"Transient","floor":47,"turns":5},{"damage":11,"enemies":"Replay:Hell Engine","floor":50,"turns":8},{"damage":42,"enemies":"Shield and Spear","floor":54,"turns":6},{"damage":49,"enemies":"The Heart","floor":55,"turns":7}],"seed_played":"-1815963160482905430","potions_obtained":[{"floor":6,"key":"SpeedPotion"},{"floor":8,"key":"Swift Potion"},{"floor":10,"key":"Death Potion"},{"floor":11,"key":"Doom Potion"},{"floor":19,"key":"PowerPotion"},{"floor":23,"key":"Reflective Coating"},{"floor":28,"key":"Strength Potion"},{"floor":33,"key":"Guardian:BlockOnCardUsePotion"},{"floor":36,"key":"Dexterity Potion"},{"floor":45,"key":"LiquidBronze"},{"floor":46,"key":"Strength Potion"},{"floor":52,"key":"Strength Potion"},{"floor":52,"key":"Milkshake"}],"is_trial":false,"path_per_floor":["M","?","?","?","M","E","M","M","T","M","M","R","$","M","R","B",null,"?","?","T","?","?","E","T","T","T","?","?","?","E","?","T","B",null,"?","?","?","T","?","E","T","?","T","T","?","?","?","T","T","B",null,"T","T","E","B",null],"character_chosen":"THE_SERVANT","items_purchased":["Replay:Ringing Soul","Luminosity","Frozen Eye","ReplayTheSpireMod:ShopPack","Chemical X","Replay:BasicMightCard"],"campfire_rested":2,"item_purchase_floors":[13,13,20,38,48,48],"current_hp_per_floor":[65,54,54,54,54,54,50,50,50,48,40,40,43,46,46,49,74,68,71,71,70,70,64,64,64,64,63,47,45,35,38,69,72,76,68,71,67,70,66,55,55,58,58,58,24,21,23,26,56,45,98,98,98,58,9],"gold":176,"neow_bonus":"THREE_ENEMY_KILL","is_daily":false,"chose_seed":false,"campfire_upgraded":4,"win_rate":0.0,"timestamp":1609391413,"path_taken":["M","?","?","?","M","E","M","M","T","?","M","R","$","M","R","BOSS","?","?","T","?","?","E","T","T","T","?","?","?","E","?","T","BOSS","?","?","?","T","?","E","T","?","T","T","?","?","?","T","T","BOSS","T","T","E","BOSS"],"items_purchased_type":["Relic","Card","Relic","Relic","Relic","Card"],"build_version":"2020-12-22","purchased_purges":0,"victory":true,"max_hp_per_floor":[65,65,65,65,65,65,65,65,65,65,65,65,68,71,71,74,74,74,77,77,80,80,83,83,83,83,86,86,89,92,95,98,101,76,76,79,79,82,82,84,84,87,87,87,89,91,93,96,98,98,98,98,98,100,100],"card_choices":[{"not_picked":["Alleviate","Comet"],"picked":"Starlight","floor":1},{"not_picked":["Shuttle","Defy"],"picked":"Rearm","floor":5},{"not_picked":["Barrier","GearUp"],"picked":"Dilation","floor":6},{"not_picked":["Starlight","Barrier"],"picked":"Defy","floor":7},{"not_picked":["Barrier","Potential","Starlight"],"picked":"SKIP","floor":8},{"not_picked":["Starlight","Barrier"],"picked":"SilverBlades","floor":10},{"not_picked":["Revamp","FanOfKnives"],"picked":"InstantArmor","floor":11},{"not_picked":["Rearm","SoulSculpture"],"picked":"DualDimension","floor":14},{"not_picked":["Solidify","LightFlow"],"picked":"Deny","floor":16},{"not_picked":["Replace","Spin","Reset+1"],"picked":"SKIP","floor":18},{"not_picked":["Potential","Desolation"],"picked":"Starlight+1","floor":19},{"not_picked":["DoubleEdge","ReturningBlade"],"picked":"RealityMarble+1","floor":21},{"not_picked":["Defy","Alleviate"],"picked":"KillingDoll","floor":23},{"not_picked":["Barrier","MoonPhase"],"picked":"Luminosity","floor":27},{"not_picked":["SilverBlades","BottledTime","Alleviate+1"],"picked":"SKIP","floor":28},{"not_picked":["Defy","Replace"],"picked":"Potential","floor":29},{"not_picked":["Spin","Moonlight+1"],"picked":"MurderousAura","floor":30},{"not_picked":["Collapse","Snipe+1"],"picked":"Foresight","floor":31},{"not_picked":["FastForward","Snipe"],"picked":"MoonPhase+1","floor":32},{"not_picked":["KillingDoll","LightFlow"],"picked":"Solidify","floor":33},{"not_picked":["TimeWarp"],"picked":"SKIP","floor":35},{"not_picked":[],"picked":"ShatteredReality+1","floor":36},{"not_picked":["Starlight"],"picked":"SKIP","floor":37},{"not_picked":[],"picked":"Flash of Steel","floor":38},{"not_picked":["Spin"],"picked":"SKIP","floor":39},{"not_picked":["Starlight"],"picked":"Singing Bowl","floor":40},{"not_picked":[],"picked":"expansioncontent:DashGenerateEvil","floor":42},{"not_picked":["Misdirection"],"picked":"Singing Bowl","floor":45},{"not_picked":["Starlight+1"],"picked":"Singing Bowl","floor":46},{"not_picked":["Advance+1"],"picked":"Singing Bowl","floor":47},{"not_picked":["Comet"],"picked":"Singing Bowl","floor":49},{"not_picked":["Spin+1"],"picked":"Singing Bowl","floor":54}],"player_experience":200088,"relics_obtained":[{"floor":6,"key":"Mirror"},{"floor":9,"key":"Chameleon Ring"},{"floor":23,"key":"Darkstone Periapt"},{"floor":26,"key":"Vajra"},{"floor":30,"key":"Dream Catcher"},{"floor":40,"key":"Singing Bowl"},{"floor":54,"key":"Bronze Scales"}],"event_choices":[{"damage_healed":0,"gold_gain":75,"player_choice":"Gather Gold","damage_taken":11,"max_hp_gain":0,"max_hp_loss":0,"event_name":"World of Goop","floor":2,"gold_loss":0},{"damage_healed":0,"gold_gain":100,"player_choice":"Pray","damage_taken":0,"max_hp_gain":0,"max_hp_loss":0,"event_name":"Golden Shrine","floor":4,"gold_loss":0},{"cards_removed":["Strike_S"],"damage_healed":0,"gold_gain":0,"player_choice":"Card Removal","damage_taken":0,"max_hp_gain":0,"max_hp_loss":0,"event_name":"Wheel of Change","floor":22,"gold_loss":0},{"damage_healed":0,"gold_gain":0,"player_choice":"Memory 1","damage_taken":0,"max_hp_gain":0,"max_hp_loss":0,"event_name":"SensoryStone","floor":42,"gold_loss":0}],"is_beta":false,"boss_relics":[{"not_picked":["Replay:Wanted Poster","Philosopher\u0027s Stone"],"picked":"Painkiller Herb"},{"not_picked":["Astrolabe","Fusion Hammer"],"picked":"Replay:Grab Bag"},{"not_picked":["Runic Dome","Velvet Choker"],"picked":"MysterySword"},{"not_picked":["ReplayTheSpireMod:DimensionalGlitch","Sozu"],"picked":"Busted Crown"},{"not_picked":["Calling Bell","Runic Pyramid"],"picked":"Replay:Drink Me"},{"not_picked":["Kintsugi","Empty Cage"],"picked":"SacredBark"}],"items_purged_floors":[],"is_endless":false,"potions_floor_spawned":[6,8,10,11,19,23,28,29,33,36,45,46],"ascension_level":0}}