{"host":"adwb2ruopzukhsjf","time":1609395482,"event":{"mods":["Act Like it!","Aspiration","BaseMod","Decade(王小明)","Downfall","Gensokyo","Marisa（F雨　魔理沙）","Minty Spire (QoL Compilation)","MostiFishMod","Reimu（博丽灵梦）","Remilia（蕾米莉亚）","Spicy Shops","StSLib","The Servant 0.9.4","Waifu the Spire","WarShipGirlsR/战舰少女R mod","Youmu（魂魄妖梦）"],"gold_per_floor":[99,112,112,129,129,114,114,125,225,75,91,91,1,17,30,134,134,134,150,150,406,406,406],"floor_reached":21,"playtime":1378,"items_purged":["Normality"],"score":177,"play_id":"f2e728dd-fa80-48c2-bdc0-9516e5215942","local_time":"20201231141802","is_ascension_mode":true,"campfire_choices":[{"floor":1,"key":"RECALL"},{"data":"hexamod:RainOfEmbers","floor":10,"key":"SMITH"},{"data":"hexamod:NightmareStrike","floor":12,"key":"SMITH"},{"data":"MostiFishMod:FrostNova","floor":18,"key":"SMITH"}],"circlet_count":0,"master_deck":["hexamod:Strike","hexamod:Defend","hexamod:Defend","hexamod:Defend","hexamod:Sear","hexamod:Float","hexamod:Hexaguard","hexamod:RainOfEmbers+1","Flechettes","Neutralize","Slice","hexamod:Again","hexamod:NightmareStrike+1","hexamod:ParanormalForm+1","hexamod:ChargedBarrage","hexamod:GhostLash","hexamod:Sear","expansioncontent:DefensiveMode","hexamod:HauntingEcho","hexamod:SwordOfDarkness","hexamod:VolcanoVisage+1","hexamod:FlamesFromBeyond","hexamod:BacktrackSmack","hexamod:GiftsFromTheDead+1","MostiFishMod:FrostNova+1","MostiFishMod:WinterMarkForm+1","hexamod:AdvancingGuard+1","hexamod:GiftsFromTheDead+1","hexamod:HexaLevel+1"],"relics":["DaveBox","BrkXgEgg","Coffee Dripper","downfall:GremlinSack","downfall:HeartBlessingRed","downfall:HeartBlessingBlue","FrostBlade","Dream Catcher"],"acts_visited":["Exordium","TheCity"],"potions_floor_usage":[16,16],"damage_taken":[{"damage":0,"enemies":"Cultist","floor":2,"turns":3},{"damage":7,"enemies":"2 Louse","floor":4,"turns":3},{"damage":0,"enemies":"downfall:FleeingMerchant","floor":6,"turns":4},{"damage":3,"enemies":"Jaw Worm","floor":8,"turns":3},{"damage":7,"enemies":"Jaw Worm","floor":9,"turns":3},{"damage":0,"enemies":"Large Slime","floor":11,"turns":4},{"damage":10,"enemies":"downfall:FleeingMerchant","floor":13,"turns":4},{"damage":17,"enemies":"Exordium Thugs","floor":14,"turns":4},{"damage":7,"enemies":"Blue Slaver","floor":15,"turns":3},{"damage":9,"enemies":"downfall:Defect","floor":16,"turns":4},{"damage":10,"enemies":"Chosen","floor":19,"turns":3},{"damage":15,"enemies":"downfall:FleeingMerchant","floor":21,"turns":4}],"seed_played":"1570405656200217918","potions_obtained":[{"floor":8,"key":"Swift Potion"},{"floor":11,"key":"Fire Potion"},{"floor":15,"key":"CultistPotion"},{"floor":16,"key":"FairyPotion"}],"is_trial":false,"path_per_floor":["R","M","?","M","?","$","T","M","?","R","M","R","$","M","M","B",null,"R","M","?","$"],"character_chosen":"THE_SPIRIT","items_purchased":["Dream Catcher"],"campfire_rested":0,"item_purchase_floors":[21],"current_hp_per_floor":[70,70,70,63,63,63,63,60,53,63,63,63,53,36,29,20,80,80,70,70,55,55,55],"gold":406,"neow_bonus":"BOSS_RELIC","is_daily":false,"chose_seed":false,"campfire_upgraded":3,"win_rate":0.0,"timestamp":1609395482,"path_taken":["R","M","?","?","?","?","T","M","?","R","M","R","$","M","M","BOSS","R","M","?","$"],"items_purchased_type":["Relic"],"build_version":"2020-12-22","purchased_purges":1,"victory":false,"max_hp_per_floor":[70,70,70,70,70,70,70,70,70,80,80,80,80,80,80,80,80,80,80,80,80,80,80],"card_choices":[{"not_picked":["hexamod:HeatMetal","hexamod:Incineration"],"picked":"hexamod:Hexaguard","floor":2},{"not_picked":["hexamod:Hexaguard","hexamod:ThermalTransfer"],"picked":"hexamod:RainOfEmbers","floor":4},{"not_picked":["hexamod:RainOfEmbers","hexamod:SpectralAdrenaline"],"picked":"hexamod:Again","floor":6},{"not_picked":["hexamod:SwordOfDarkness","hexamod:HeatCrush"],"picked":"hexamod:NightmareStrike","floor":8},{"not_picked":["hexamod:ThermalTransfer","hexamod:InspiringFlames"],"picked":"hexamod:HauntingEcho","floor":9},{"not_picked":["hexamod:PhantomCloak","hexamod:GhostflameBarrier"],"picked":"hexamod:SwordOfDarkness","floor":11},{"not_picked":["hexamod:RadiantFlame","hexamod:EmpoweredFlame"],"picked":"hexamod:VolcanoVisage+1","floor":13},{"not_picked":["hexamod:BacktrackSmack","hexamod:Hexaguard"],"picked":"hexamod:FlamesFromBeyond","floor":14},{"not_picked":["hexamod:HeatMetal","hexamod:GhostOfSpirePresent"],"picked":"hexamod:BacktrackSmack","floor":15},{"not_picked":["hexamod:HexaLevel+1","hexamod:SearingWound+1"],"picked":"hexamod:GiftsFromTheDead+1","floor":16},{"not_picked":["hexamod:GhostflameBarrier","hexamod:Hexaguard"],"picked":"hexamod:AdvancingGuard+1","floor":19},{"not_picked":["hexamod:AdvancingGuard","hexamod:Again"],"picked":"hexamod:HexaLevel+1","floor":21}],"player_experience":117923,"relics_obtained":[{"floor":9,"key":"downfall:GremlinSack"}],"event_choices":[{"cards_removed":["hexamod:Defend"],"damage_healed":0,"gold_gain":0,"player_choice":"Offered Basic","damage_taken":0,"max_hp_gain":0,"max_hp_loss":0,"event_name":"Bonfire Elementals","floor":3,"gold_loss":0},{"damage_healed":0,"gold_gain":0,"player_choice":"Copied","damage_taken":0,"max_hp_gain":0,"max_hp_loss":0,"event_name":"Duplicator","floor":20,"gold_loss":0,"cards_obtained":["hexamod:GiftsFromTheDead"]}],"is_beta":false,"boss_relics":[{"not_picked":["SlaversCollar","Fusion Hammer"],"picked":"FrostBlade"}],"items_purged_floors":[13],"is_endless":false,"potions_floor_spawned":[8,11,15,16],"ascension_level":1}}