{"host":"9ylwqx3xq4e4v98b","time":1609407104,"event":{"mods":["AchievementEnabler","BaseMod","Better Silent Start","Card Forge","Colored Map","DeckTracker","Minty Spire (QoL Compilation)","Permanent Neow","Quick Restart","Spicy Shops","StSLib","SuperFastMode","Td1madao Mod"],"gold_per_floor":[217,292,292,309,151,151,181,181,229,243,278,294,294,294,294,377,377,387,396,52,64,85,85,184,184,208,308,308,308,318,50,50,133,133,152,168,168,181,181,181,191,191,491,382,418,418,418,412,412,412],"floor_reached":51,"playtime":1944,"items_purged":[],"score":1314,"play_id":"2200058e-df9d-43b2-bb19-06d0452f7cdd","local_time":"20201231013144","is_ascension_mode":true,"campfire_choices":[{"data":"Finisher","floor":8,"key":"SMITH"},{"data":"Dodge and Roll","floor":13,"key":"SMITH"},{"floor":15,"key":"REST"},{"data":"Burst","floor":23,"key":"SMITH"},{"data":"Accuracy","floor":25,"key":"SMITH"},{"data":"Bandage Up","floor":29,"key":"SMITH"},{"data":"1","floor":32,"key":"LIFT"},{"data":"2","floor":40,"key":"LIFT"},{"data":"3","floor":42,"key":"LIFT"},{"floor":47,"key":"REST"},{"data":"Cloak And Dagger","floor":49,"key":"SMITH"}],"circlet_count":0,"master_deck":["AscendersBane","A Thousand Cuts+1","After Image+1","Adrenaline+1","Accuracy+1","Infinite Blades+1","Bullet Time+1","Doppelganger+1","Cloak And Dagger+1","Blade Dance+1","Cloak And Dagger+1","Burst+1","Backflip+1","Finisher+1","Footwork+1","Dodge and Roll+1","Burst+1","Bandage Up+1","Accuracy+1","Footwork+1","A Thousand Cuts+1","Accuracy+1","Outmaneuver+1","Cloak And Dagger+1"],"relics":["Ring of the Snake","Hammer of Thor","Seething Fire","Anvil of the Gods","Pear","Shuriken","CeramicFish","Matryoshka","Busted Crown","Membership Card","Happy Flower","Frozen Egg 2","Toy Ornithopter","Lizard Tail","Bottled Tornado","Girya","Ornamental Fan","Sozu","Nunchaku","Old Coin","HandDrill","Pen Nib","Paper Crane","Unceasing Top"],"acts_visited":["Exordium","TheCity","TheBeyond"],"potions_floor_usage":[4],"damage_taken":[{"damage":0,"enemies":"2 Louse","floor":1,"turns":2},{"damage":0,"enemies":"Small Slimes","floor":4,"turns":2},{"damage":0,"enemies":"Lagavulin","floor":7,"turns":3},{"damage":0,"enemies":"Cultist","floor":10,"turns":2},{"damage":0,"enemies":"3 Sentries","floor":11,"turns":3},{"damage":0,"enemies":"3 Louse","floor":12,"turns":2},{"damage":12,"enemies":"The Guardian","floor":16,"turns":4},{"damage":0,"enemies":"3 Byrds","floor":18,"turns":3},{"damage":0,"enemies":"Spheric Guardian","floor":21,"turns":2},{"damage":0,"enemies":"Snecko","floor":22,"turns":2},{"damage":18,"enemies":"Colosseum Slavers","floor":27,"turns":2},{"damage":4,"enemies":"Colosseum Nobs","floor":27,"turns":2},{"damage":0,"enemies":"3 Cultists","floor":30,"turns":2},{"damage":0,"enemies":"Collector","floor":33,"turns":4},{"damage":0,"enemies":"3 Shapes","floor":35,"turns":3},{"damage":0,"enemies":"3 Darklings","floor":36,"turns":3},{"damage":0,"enemies":"Sphere and 2 Shapes","floor":38,"turns":2},{"damage":23,"enemies":"4 Shapes","floor":41,"turns":3},{"damage":28,"enemies":"Reptomancer","floor":45,"turns":4},{"damage":64,"enemies":"Awakened One","floor":50,"turns":5}],"seed_played":"-8485113334474878558","potions_obtained":[{"floor":4,"key":"Fruit Juice"},{"floor":10,"key":"SmokeBomb"},{"floor":11,"key":"DistilledChaos"}],"is_trial":false,"path_per_floor":["M","?","?","M","$","?","E","R","T","M","E","M","R","?","R","B",null,"M","?","$","M","M","R","?","R","T","?","?","R","M","$","R","B",null,"M","M","?","M","$","R","M","R","T","$","E","T","R","$","R","B",null],"character_chosen":"THE_SILENT","items_purchased":["Footwork","Membership Card","Happy Flower","Bandage Up","Accuracy","Girya","Ornamental Fan","Accuracy+1","HandDrill","Unceasing Top","Cloak And Dagger"],"campfire_rested":2,"item_purchase_floors":[5,20,20,20,20,31,31,44,44,48,48],"current_hp_per_floor":[59,48,51,56,56,56,56,56,56,56,56,56,56,40,64,52,74,74,74,74,78,78,78,78,78,78,63,63,63,69,69,69,75,80,81,81,81,81,81,81,64,64,64,64,48,48,72,72,72,20],"gold":412,"neow_bonus":"HUNDRED_GOLD","is_daily":false,"chose_seed":false,"campfire_upgraded":6,"win_rate":0.0,"timestamp":1609407104,"path_taken":["M","?","?","M","$","?","E","R","T","M","E","?","R","?","R","BOSS","M","?","$","M","?","R","?","R","T","?","?","R","M","$","R","BOSS","M","M","?","M","$","R","?","R","T","$","E","?","R","?","R","BOSS"],"items_purchased_type":["Card","Relic","Relic","Card","Card","Relic","Relic","Card","Relic","Relic","Card"],"build_version":"2020-12-22","purchased_purges":0,"victory":true,"max_hp_per_floor":[66,66,76,81,81,81,81,81,81,81,81,81,81,81,81,81,81,81,81,81,81,81,81,81,81,81,81,81,81,81,81,81,81,81,81,81,81,81,81,81,81,81,81,81,81,81,81,81,81,81],"card_choices":[{"not_picked":["Prepared","Dash"],"picked":"Backflip","floor":1},{"not_picked":["Caltrops","Heel Hook"],"picked":"Finisher","floor":4},{"not_picked":["Crippling Poison","Infinite Blades"],"picked":"Dodge and Roll","floor":7},{"not_picked":["Flechettes","Calculated Gamble","Poisoned Stab"],"picked":"SKIP","floor":10},{"not_picked":["Expertise","Flechettes","Dagger Throw"],"picked":"SKIP","floor":11},{"not_picked":["Backflip","Dagger Spray","Deflect"],"picked":"SKIP","floor":12},{"not_picked":["Corpse Explosion","Wraith Form v2"],"picked":"Burst","floor":16},{"not_picked":["Expertise+1"],"picked":"SKIP","floor":18},{"not_picked":["All Out Attack"],"picked":"SKIP","floor":21},{"not_picked":[],"picked":"Footwork+1","floor":22},{"not_picked":["Cloak And Dagger"],"picked":"SKIP","floor":30},{"not_picked":[],"picked":"A Thousand Cuts+1","floor":33},{"not_picked":["Dodge and Roll"],"picked":"SKIP","floor":35},{"not_picked":["Deflect"],"picked":"SKIP","floor":36},{"not_picked":["Setup+1"],"picked":"SKIP","floor":38},{"not_picked":["Prepared"],"picked":"SKIP","floor":41},{"not_picked":[],"picked":"Outmaneuver+1","floor":45}],"player_experience":186742,"relics_obtained":[{"floor":7,"key":"Shuriken"},{"floor":9,"key":"CeramicFish"},{"floor":11,"key":"Matryoshka"},{"floor":26,"key":"Frozen Egg 2"},{"floor":26,"key":"Toy Ornithopter"},{"floor":27,"key":"Lizard Tail"},{"floor":27,"key":"Bottled Tornado"},{"floor":43,"key":"Nunchaku"},{"floor":43,"key":"Old Coin"},{"floor":45,"key":"Pen Nib"},{"floor":46,"key":"Paper Crane"}],"event_choices":[{"damage_healed":0,"gold_gain":75,"player_choice":"Gather Gold","damage_taken":11,"max_hp_gain":0,"max_hp_loss":0,"event_name":"World of Goop","floor":2,"gold_loss":0},{"damage_healed":0,"gold_gain":0,"player_choice":"Success","damage_taken":7,"relics_obtained":["Pear"],"max_hp_gain":0,"max_hp_loss":0,"event_name":"Scrap Ooze","floor":3,"gold_loss":0},{"damage_healed":0,"gold_gain":0,"player_choice":"Forge","damage_taken":0,"max_hp_gain":0,"max_hp_loss":0,"event_name":"Accursed Blacksmith","floor":6,"gold_loss":0,"cards_upgraded":["Footwork"]},{"damage_healed":0,"gold_gain":0,"player_choice":"Entered Light","damage_taken":16,"max_hp_gain":0,"max_hp_loss":0,"event_name":"Shining Light","floor":14,"gold_loss":0,"cards_upgraded":["Backflip"]},{"damage_healed":0,"gold_gain":0,"player_choice":"Cursed","damage_taken":0,"max_hp_gain":0,"max_hp_loss":0,"event_name":"Wheel of Change","floor":19,"gold_loss":0,"cards_obtained":["Decay"]},{"damage_healed":0,"gold_gain":99,"player_choice":"Stole From Cult","damage_taken":0,"max_hp_gain":0,"max_hp_loss":0,"event_name":"Nest","floor":24,"gold_loss":0},{"damage_healed":0,"gold_gain":0,"player_choice":"Fight","damage_taken":0,"max_hp_gain":0,"max_hp_loss":0,"event_name":"Colosseum","floor":27,"gold_loss":0},{"damage_healed":0,"gold_gain":0,"player_choice":"Fought Nobs","damage_taken":0,"max_hp_gain":0,"max_hp_loss":0,"event_name":"Colosseum","floor":27,"gold_loss":0},{"damage_healed":0,"gold_gain":0,"player_choice":"Ignored","damage_taken":0,"max_hp_gain":0,"max_hp_loss":0,"event_name":"Beggar","floor":28,"gold_loss":0},{"damage_healed":0,"gold_gain":0,"player_choice":"Bought 0 Potions","damage_taken":0,"max_hp_gain":0,"max_hp_loss":0,"event_name":"The Woman in Blue","floor":37,"gold_loss":0}],"is_beta":false,"boss_relics":[{"not_picked":["SlaversCollar","Calling Bell"],"picked":"Busted Crown"},{"not_picked":["SacredBark","Snecko Eye"],"picked":"Sozu"}],"items_purged_floors":[],"is_endless":false,"potions_floor_spawned":[4,10,11,12,18,27,27,35,38,45],"ascension_level":14}}