{"host":"KYO","time":1609376220,"event":{"mods":["BaseMod","BetterRewards","Minty Spire (QoL Compilation)","Remove Card Discount Mod","Shop Mod","StSLib","SuperFastMode","[IsaacMod]ÒÔÈö¼âËþ","noobMod"],"gold_per_floor":[133,232,376,390,390,417,417,436,436,462,483,501,301,301,301,378,378,416,416,460,460,504,555,597,653,653,653,706,746,804,849,849,954,994,1038,1127,1143,1186,1186,1254,1309,1469,1549,1614,1661,1705,1766,1807,1807,1837,1837,1837,3107,3134,3134],"floor_reached":56,"playtime":3168,"items_purged":["Strike_P","Defend_P","Defend_P","Strike_P","Defend_P","Defend_P","Strike_P","Strike_P","Eruption","Vigilance","BettingIsNotGood","Finesse","Wish+1"],"score":3725,"play_id":"edfec3ee-ba63-42fe-baee-612cc0dba740","local_time":"20201231085700","is_ascension_mode":true,"campfire_choices":[{"floor":7.0,"key":"RECALL"},{"data":"Purity","floor":15.0,"key":"SMITH"},{"floor":32,"key":"REST"},{"data":"Fasting2","floor":49,"key":"SMITH"}],"circlet_count":0,"master_deck":["AscendersBane","Flash of Steel+1","Purity+1","Fasting2+1","Prostrate+1"],"relics":["HushsDoor","ice","Medical Kit","MerchantsRug","Singing Bowl","BelialBook","TheBible","PillsDrop","BloodBag","MoneyPower","Unceasing Top","Succubus","Incubus","SatanicBible","Kunai","CaptainsWheel","HornCleat","PunchingBag","EdensBlessing","Chaos","MomsKnife","Ornamental Fan","Blue Candle","ClockworkSouvenir","FossilizedHelix","Runic Pyramid"],"acts_visited":["Exordium","TheCity","TheBeyond","TheEnding"],"potions_floor_usage":[],"damage_taken":[{"damage":0.0,"enemies":"Cultist","floor":1.0,"turns":1.0},{"damage":0.0,"enemies":"Hiden Room Battle","floor":2.0,"turns":1.0},{"damage":0.0,"enemies":"2 Louse","floor":4.0,"turns":1.0},{"damage":0.0,"enemies":"3 Sentries","floor":6.0,"turns":1.0},{"damage":0.0,"enemies":"Small Slimes","floor":8.0,"turns":1.0},{"damage":0.0,"enemies":"Gremlin Nob","floor":10.0,"turns":1.0},{"damage":0.0,"enemies":"2 Fungi Beasts","floor":12.0,"turns":1.0},{"damage":0.0,"enemies":"Hexaghost","floor":16.0,"turns":1.0},{"damage":0.0,"enemies":"Spheric Guardian","floor":18.0,"turns":1.0},{"damage":0,"enemies":"3 Byrds","floor":20,"turns":1},{"damage":0,"enemies":"Shelled Parasite and Fungi","floor":22,"turns":1},{"damage":0,"enemies":"Book of Stabbing","floor":23,"turns":1},{"damage":0,"enemies":"Snake Plant","floor":24,"turns":1},{"damage":0,"enemies":"Slavers","floor":25,"turns":1},{"damage":0,"enemies":"Book of Stabbing","floor":28,"turns":1},{"damage":0,"enemies":"Chosen and Byrds","floor":29,"turns":1},{"damage":0,"enemies":"Gremlin Leader","floor":30,"turns":1},{"damage":0,"enemies":"Snecko","floor":31,"turns":1},{"damage":0,"enemies":"Champ","floor":33,"turns":1},{"damage":0,"enemies":"Orb Walker","floor":35,"turns":1},{"damage":0,"enemies":"Hiden Room Battle","floor":36,"turns":1},{"damage":0,"enemies":"3 Darklings","floor":38,"turns":1},{"damage":0,"enemies":"Nemesis","floor":40,"turns":1},{"damage":0,"enemies":"Mind Bloom Boss Battle","floor":41,"turns":1},{"damage":0,"enemies":"Giant Head","floor":44,"turns":1},{"damage":0,"enemies":"Writhing Mass","floor":45,"turns":1},{"damage":0,"enemies":"Maw","floor":46,"turns":1},{"damage":0,"enemies":"Nemesis","floor":47,"turns":1},{"damage":0,"enemies":"4 Shapes","floor":48,"turns":1},{"damage":0,"enemies":"Time Eater","floor":50,"turns":2},{"damage":0,"enemies":"Shield and Spear","floor":54,"turns":1},{"damage":0,"enemies":"The Heart","floor":55,"turns":3}],"seed_played":"-4474604571502402711","potions_obtained":[{"floor":2.0,"key":"ColorlessPotion"},{"floor":6.0,"key":"SteroidPotion"},{"floor":8.0,"key":"AttackPotion"},{"floor":18.0,"key":"GamblersBrew"},{"floor":28,"key":"LiquidMemories"},{"floor":29,"key":"ColorlessPotion"},{"floor":35,"key":"SpeedPotion"},{"floor":45,"key":"BottledMiracle"}],"is_trial":false,"path_per_floor":["M","?","$","M","?","E","R","M","T","E","?","M","$","T","R","B",null,"M","?","M","?","M","E","M","E","T","?","E","M","E","M","R","B",null,"M","?","?","M","?","E","?","$","T","E","M","M","E","M","R","B",null,"R","$","E","B",null],"character_chosen":"WATCHER","items_purchased":["SalivaCoin","Medical Kit","Meat on the Bone","MerchantsRug","Fruit Juice","Singing Bowl","BelialBook","BookOfRevelations","PreservedInsect","BloodDonationMachine","Flash of Steel","Thread and Needle","DollysMirror","Ice Cream","Membership Card","TheBible","Toy Ornithopter","MoneyPower","Gremlin Horn","Purity","Succubus","Incubus","GuppysTail","SatanicBible","FairyPotion","EdensBlessing","ClockworkSouvenir","FossilizedHelix"],"campfire_rested":1,"item_purchase_floors":[0,0,0,0,0,0,0,0,0,0,0,0,0,0,0,0,0,13,13,13,17,17,34,34,34,42,53,53],"current_hp_per_floor":[50,51,53,56,56,56,56,61,61,63,45,47,47,47,47,47,54,56,56,58,58,60,62,64,66,66,66,68,70,72,91,95,97,73,75,75,69,74,84,84,86,86,86,88,90,92,94,99,99,99,99,99,99,101,101],"gold":3134,"neow_bonus":"","is_daily":false,"chose_seed":false,"campfire_upgraded":2,"win_rate":0.0,"timestamp":1609376220,"path_taken":["M","?","$","M","?","E","R","?","T","E","?","M","$","?","R","BOSS","M","?","M","?","M","E","M","E","T","?","E","M","E","?","R","BOSS","M","?","?","?","?","E","?","$","T","E","M","M","E","M","R","BOSS","R","$","E","BOSS"],"items_purchased_type":["Relic","Relic","Relic","Relic","Potion","Relic","Relic","Relic","Relic","Relic","Card","Relic","Relic","Relic","Relic","Relic","Relic","Relic","Relic","Card","Relic","Relic","Relic","Relic","Potion","Relic","Relic","Relic"],"build_version":"2020-12-18","purchased_purges":13,"victory":true,"max_hp_per_floor":[75,77,84,87,87,87,87,92,92,89,89,91,91,91,91,91,56,58,58,60,60,62,64,66,68,68,68,70,72,74,93,95,97,73,75,75,79,84,84,84,86,86,86,88,90,92,94,99,99,99,99,99,99,101,101],"card_choices":[{"not_picked":[],"picked":"BettingIsNotGood","floor":0.0},{"not_picked":["EmptyBody","Tantrum","FearNoEvil"],"picked":"Singing Bowl","floor":1.0},{"not_picked":["Prostrate","Evaluate","ThirdEye"],"picked":"Singing Bowl","floor":2.0},{"not_picked":["EmptyBody","Consecrate"],"picked":"Bomb","floor":4.0},{"not_picked":["ClearTheMind","Conclude"],"picked":"Bomb","floor":6.0},{"not_picked":["Bomb","SandsOfTime","JustLucky"],"picked":"Singing Bowl","floor":8.0},{"not_picked":["Protect","Evaluate","ReachHeaven"],"picked":"Singing Bowl","floor":10.0},{"not_picked":["CrushJoints","Meditate","Halt"],"picked":"Singing Bowl","floor":12.0},{"not_picked":["Vault","Devotion"],"picked":"Wish","floor":16.0},{"not_picked":["WreathOfFlame","Fasting2","Perseverance"],"picked":"Singing Bowl","floor":18.0},{"not_picked":["SashWhip","CrushJoints+1","EmptyBody"],"picked":"Singing Bowl","floor":20},{"not_picked":["Evaluate","Scrawl","Halt"],"picked":"Singing Bowl","floor":22},{"not_picked":["TalkToTheHand","Weave","SashWhip"],"picked":"Singing Bowl","floor":23},{"not_picked":["Collect","ReachHeaven","CrushJoints"],"picked":"Singing Bowl","floor":24},{"not_picked":["Adaptation+1","Worship","SashWhip"],"picked":"Singing Bowl","floor":25},{"not_picked":["ThirdEye","Consecrate","Crescendo"],"picked":"Singing Bowl","floor":28},{"not_picked":["BowlingBash","Sanctity","FlurryOfBlows+1"],"picked":"Singing Bowl","floor":29},{"not_picked":["Protect","LikeWater","DevaForm"],"picked":"Singing Bowl","floor":30},{"not_picked":["SashWhip+1","FlurryOfBlows","JustLucky"],"picked":"Singing Bowl","floor":31},{"not_picked":["EmptyBody+1","LikeWater","Devotion"],"picked":"Singing Bowl","floor":32},{"not_picked":["ConjureBlade","LessonLearned","Alpha"],"picked":"Singing Bowl","floor":33},{"not_picked":["EmptyBody+1","ClearTheMind","SandsOfTime+1"],"picked":"Singing Bowl","floor":35},{"not_picked":["Halt","Perseverance+1"],"picked":"Fasting2","floor":36},{"not_picked":["Dramatic Entrance","Deep Breath"],"picked":"Finesse","floor":37},{"not_picked":["Finesse","Swift Strike","Purity"],"picked":"Singing Bowl","floor":37},{"not_picked":["Mind Blast","Thinking Ahead","The Bomb"],"picked":"Singing Bowl","floor":37},{"not_picked":["CutThroughFate","Protect","ClearTheMind"],"picked":"Singing Bowl","floor":38},{"not_picked":["FearNoEvil","Perseverance+1"],"picked":"Prostrate+1","floor":40},{"not_picked":["Consecrate+1","EmptyFist+1","EmptyBody+1"],"picked":"Singing Bowl","floor":41},{"not_picked":["EmptyBody+1","Consecrate","Indignation+1"],"picked":"Singing Bowl","floor":44},{"not_picked":["PathToVictory","FollowUp","Pray"],"picked":"Singing Bowl","floor":45},{"not_picked":["FollowUp","EmptyFist","WheelKick"],"picked":"Singing Bowl","floor":46},{"not_picked":["FlurryOfBlows+1","Conclude","Scrawl"],"picked":"Singing Bowl","floor":47},{"not_picked":["Evaluate","BowlingBash","CarveReality+1"],"picked":"Singing Bowl","floor":48},{"not_picked":["Indignation+1","Brilliance","Sanctity"],"picked":"Singing Bowl","floor":54}],"player_experience":570886,"relics_obtained":[{"floor":2.0,"key":"PillsDrop"},{"floor":2.0,"key":"Whetstone"},{"floor":6.0,"key":"AnarchistCookbook"},{"floor":9.0,"key":"Peace Pipe"},{"floor":10.0,"key":"Lantern"},{"floor":14.0,"key":"Unceasing Top"},{"floor":23,"key":"MealTicket"},{"floor":25,"key":"StrikeDummy"},{"floor":26,"key":"Damocles"},{"floor":28,"key":"Centennial Puzzle"},{"floor":28,"key":"War Paint"},{"floor":29,"key":"Dream Catcher"},{"floor":30,"key":"Bag of Preparation"},{"floor":30,"key":"Pen Nib"},{"floor":31,"key":"Mango"},{"floor":35,"key":"Akabeko"},{"floor":36,"key":"Kunai"},{"floor":36,"key":"CeramicFish"},{"floor":36,"key":"GuppysPaw"},{"floor":38,"key":"CaptainsWheel"},{"floor":40,"key":"Toxic Egg 2"},{"floor":40,"key":"HornCleat"},{"floor":41,"key":"PunchingBag"},{"floor":41,"key":"Oddly Smooth Stone"},{"floor":44,"key":"Bottled Lightning"},{"floor":44,"key":"Chaos"},{"floor":45,"key":"Cursed Key"},{"floor":46,"key":"MomsKnife"},{"floor":47,"key":"Blood Vial"},{"floor":47,"key":"Ornamental Fan"},{"floor":48,"key":"Blue Candle"},{"floor":54,"key":"Runic Pyramid"}],"event_choices":[{"damage_healed":0.0,"max_hp_gain":0.0,"max_hp_loss":0.0,"gold_gain":0.0,"event_name":"HidenRoomEvent","player_choice":"Fight","floor":2.0,"gold_loss":0.0,"damage_taken":0.0},{"damage_healed":0.0,"max_hp_gain":0.0,"max_hp_loss":0.0,"gold_gain":0.0,"event_name":"Shining Light","player_choice":"Ignored","floor":5.0,"gold_loss":0.0,"damage_taken":0.0},{"damage_healed":0.0,"max_hp_gain":0.0,"max_hp_loss":0.0,"gold_gain":0.0,"event_name":"Scrap Ooze","player_choice":"Success","floor":11.0,"gold_loss":0.0,"damage_taken":18.0,"relics_obtained":["Eternal Feather"]},{"damage_healed":0.0,"max_hp_gain":0.0,"max_hp_loss":0.0,"gold_gain":0.0,"event_name":"Vampires","player_choice":"Ignored","floor":19.0,"gold_loss":0.0,"damage_taken":0.0},{"damage_healed":0,"gold_gain":0,"player_choice":"Simplicity","damage_taken":0,"max_hp_gain":0,"max_hp_loss":0,"event_name":"Back to Basics","floor":21,"gold_loss":0,"cards_upgraded":[]},{"damage_healed":0,"gold_gain":0,"player_choice":"Ignored","damage_taken":0,"max_hp_gain":0,"max_hp_loss":0,"event_name":"Ghosts","floor":27,"gold_loss":0},{"damage_healed":0,"gold_gain":0,"player_choice":"Fight","damage_taken":0,"max_hp_gain":0,"max_hp_loss":0,"event_name":"HidenRoomEvent","floor":36,"gold_loss":0},{"damage_healed":0,"gold_gain":0,"player_choice":"Memory 3","damage_taken":10,"max_hp_gain":0,"max_hp_loss":0,"event_name":"SensoryStone","floor":37,"gold_loss":0},{"cards_removed":["Flash of Steel"],"damage_healed":10,"gold_gain":0,"player_choice":"Offered Uncommon","damage_taken":0,"max_hp_gain":0,"max_hp_loss":0,"event_name":"Bonfire Elementals","floor":39,"gold_loss":0},{"damage_healed":0,"gold_gain":0,"player_choice":"Fight","damage_taken":0,"max_hp_gain":0,"max_hp_loss":0,"event_name":"MindBloom","floor":41,"gold_loss":0}],"is_beta":true,"boss_relics":[{"not_picked":["Runic Dome","Velvet Choker"],"picked":"SlaversCollar"},{"not_picked":[]},{"not_picked":["VioletLotus","ChampionBelt"],"picked":"Coffee Dripper"},{"not_picked":[]}],"items_purged_floors":[0,0,0,0,0,0,0,0,0,3,3,42,53],"is_endless":false,"potions_floor_spawned":[2,6,8,10,18,28,29,30,35,45,47,48],"ascension_level":16}}