{"host":"ix2a18c4ohfsrslv","time":1609457825,"event":{"mods":["BaseMod","Better Third Choice","Downfall","GungeonMod","Minty Spire (QoL Compilation)","Replay The Spire","StSLib"],"gold_per_floor":[99,118,118,118,133,133,157,157,187,199,199,215,215,215,232,331,331,331,343,355,366,366,45,45,45,78,92,125,15,28,44,56,157,157,157,172,2,64,77,42,42,42,52,52,63,63,77,88,104,104],"floor_reached":51,"playtime":5246,"items_purged":["sneckomod:Strike"],"score":853,"play_id":"710bc4c6-51bf-4608-9b5f-ef601063df49","local_time":"20201231153705","is_ascension_mode":true,"campfire_choices":[{"data":"sneckomod:TailWhip","floor":1,"key":"SMITH"},{"data":"sneckomod:SnekBite","floor":11,"key":"SMITH"},{"data":"sneckomod:WideSting","floor":13,"key":"SMITH"},{"data":"sneckomod:Strike","floor":18,"key":"PURGE"},{"data":"sneckomod:MasterEye","floor":25,"key":"SMITH"},{"data":"sneckomod:SnakeSap","floor":35,"key":"SMITH"},{"data":"sneckomod:Transmogrify","floor":44,"key":"SMITH"},{"data":"sneckomod:MorePower","floor":46,"key":"SMITH"}],"circlet_count":0,"master_deck":["sneckomod:Strike","sneckomod:Defend","sneckomod:Defend","sneckomod:Defend","sneckomod:TailWhip+1","sneckomod:SnekBite+1","sneckomod:Unknown","sneckomod:Unknown","sneckomod:UnknownClassTHE_CHAMP_GRAY","sneckomod:UnknownBlock","sneckomod:UnknownUncommonPower","sneckomod:QuickBite","sneckomod:UnknownBlock","sneckomod:UnknownStrike","sneckomod:WideSting+1","sneckomod:QuickMove","sneckomod:SnakeSap+1","sneckomod:UnknownExhaust","sneckomod:Nope+1","sneckomod:UnknownStrike","sneckomod:UnknownDexterity","sneckomod:UnknownExhaust","sneckomod:MasterEye+1","sneckomod:Unknown3Cost","sneckomod:UnknownUncommonAttack","sneckomod:UnknownVulnerable+1","sneckomod:SoulDraw+1","sneckomod:UnknownUncommonSkill","sneckomod:IronFang","sneckomod:UnknownStrength","sneckomod:WideSting+1","sneckomod:MorePower+1","sneckomod:UnknownStrike+1","sneckomod:Transmogrify+1","sneckomod:UnknownUncommonPower+1","sneckomod:UnknownStrength+1","sneckomod:UnknownRareSkill+1","sneckomod:RainOfDice","sneckomod:SlitherStrike","sneckomod:UnknownStrike","sneckomod:UnknownUncommonPower+1","sneckomod:DefensiveFlair+1","sneckomod:DiceBlock+1","sneckomod:UnknownUncommonPower","sneckomod:RainOfDice+1","sneckomod:UnknownRarePower+1","sneckomod:DiceCrush+1","sneckomod:UnknownClassRED+1","DemoMod:Spice","sneckomod:UnknownDexterity+1","sneckomod:SoulDraw","DemoMod:Spice"],"relics":["sneckomod:SneckoSoul","ReplayTheSpireMod:Lightbulb","Simple Rune","HornCleat","GremlinMask","Snecko Heart","Pet Ghost","Honey Jar","Mummified Hand","DemoMod:BigBoy","sneckomod:LoadedDie","Bag of Preparation","DemoMod:ClearGuonStone","ReplayFunnel"],"acts_visited":["Exordium","TheCity","TheBeyond"],"potions_floor_usage":[16,16,30,33,33,36],"damage_taken":[{"damage":5,"enemies":"Small Slimes","floor":2,"turns":4},{"damage":1,"enemies":"Jaw Worm","floor":5,"turns":5},{"damage":0,"enemies":"Cultist","floor":8,"turns":1},{"damage":5,"enemies":"3 Sentries","floor":9,"turns":7},{"damage":19,"enemies":"Lots of Slimes","floor":10,"turns":5},{"damage":0,"enemies":"Blue Slaver","floor":12,"turns":3},{"damage":8,"enemies":"Exordium Wildlife","floor":15,"turns":7},{"damage":4,"enemies":"downfall:Silent","floor":16,"turns":11},{"damage":13,"enemies":"Chosen","floor":19,"turns":4},{"damage":13,"enemies":"3 Cultists","floor":20,"turns":5},{"damage":0,"enemies":"Snecko","floor":21,"turns":4},{"damage":3,"enemies":"downfall:FleeingMerchant","floor":23,"turns":4},{"damage":11,"enemies":"Slavers","floor":26,"turns":7},{"damage":3,"enemies":"Snake Plant","floor":27,"turns":5},{"damage":9,"enemies":"Gremlin Leader","floor":28,"turns":5},{"damage":1,"enemies":"downfall:FleeingMerchant","floor":29,"turns":4},{"damage":0,"enemies":"Shelled Parasite and Fungi","floor":30,"turns":4},{"damage":0,"enemies":"3 Cultists","floor":31,"turns":4},{"damage":2,"enemies":"Snecko","floor":32,"turns":4},{"damage":13,"enemies":"downfall:Watcher","floor":33,"turns":5},{"damage":26,"enemies":"3 Shapes","floor":36,"turns":6},{"damage":0,"enemies":"downfall:FleeingMerchant","floor":37,"turns":5},{"damage":0,"enemies":"downfall:FleeingMerchant","floor":38,"turns":2},{"damage":0,"enemies":"Orb Walker","floor":39,"turns":4},{"damage":1,"enemies":"Sphere and 2 Shapes","floor":43,"turns":2},{"damage":27,"enemies":"Jaw Worm Horde","floor":45,"turns":4},{"damage":0,"enemies":"4 Shapes","floor":47,"turns":4},{"damage":1,"enemies":"Sphere and 2 Shapes","floor":48,"turns":5},{"damage":12,"enemies":"Spire Growth","floor":49,"turns":4},{"damage":26,"enemies":"downfall:Defect","floor":50,"turns":5}],"seed_played":"5425055807769375810","potions_obtained":[{"floor":5,"key":"Weak Potion"},{"floor":9,"key":"Weak Potion"},{"floor":15,"key":"LiquidBronze"},{"floor":19,"key":"SteroidPotion"},{"floor":26,"key":"FearPotion"},{"floor":27,"key":"Slimebound:ThreeZeroPotion"},{"floor":30,"key":"Weak Potion"},{"floor":43,"key":"FearPotion"},{"floor":48,"key":"Block Potion"},{"floor":49,"key":"Strength Potion"}],"is_trial":false,"path_per_floor":["R","M","?","?","M","T","T","M","E","M","R","M","R","?","M","B",null,"R","M","M","M","?","$","T","R","E","M","E","$","M","M","M","B",null,"R","M","$","?","M","$","T","?","M","R","M","R","M","M","M","B",null],"character_chosen":"THE_SNECKO","items_purchased":["Bag of Preparation","sneckomod:UnknownExhaust","sneckomod:MasterEye","sneckomod:UnknownUncommonSkill","sneckomod:IronFang","sneckomod:SlitherStrike","sneckomod:UnknownStrike","DemoMod:BigBoy","sneckomod:UnknownUncommonPower"],"campfire_rested":0,"item_purchase_floors":[23,23,23,29,29,37,37,38,40],"current_hp_per_floor":[99,95,95,95,95,95,95,96,91,80,80,81,81,81,73,69,104,104,91,79,79,80,82,82,82,72,90,103,105,106,106,104,96,114,114,96,108,109,109,110,110,110,109,109,83,83,99,113,116,90],"gold":104,"neow_bonus":"TEN_PERCENT_HP_BONUS","is_daily":false,"chose_seed":false,"campfire_upgraded":7,"win_rate":0.0,"timestamp":1609457825,"path_taken":["R","M","?","?","M","?","T","M","E","M","R","M","R","?","M","BOSS","R","M","?","M","?","$","T","R","E","?","E","$","M","M","M","BOSS","R","M","$","?","M","$","T","?","M","R","M","R","M","M","M","BOSS"],"items_purchased_type":["Relic","Card","Card","Card","Card","Card","Card","Relic","Card"],"build_version":"2020-12-22","purchased_purges":1,"victory":true,"max_hp_per_floor":[99,100,100,100,101,101,101,102,102,103,103,104,104,104,104,104,104,104,104,105,105,106,108,108,108,109,110,111,112,113,113,113,114,114,114,116,116,117,117,118,118,118,118,118,119,119,118,117,117,115],"card_choices":[{"not_picked":["sneckomod:UnknownClassSLIMEBOUND","sneckomod:RainOfDice"],"picked":"sneckomod:UnknownClassTHE_CHAMP_GRAY","floor":2},{"not_picked":["sneckomod:DiceCrush","sneckomod:IronFang"],"picked":"sneckomod:UnknownBlock","floor":5},{"not_picked":["sneckomod:TrashToTreasure","sneckomod:Unknown0Cost"],"picked":"sneckomod:UnknownUncommonPower","floor":8},{"not_picked":["sneckomod:WideSting","sneckomod:UnknownVulnerable"],"picked":"sneckomod:QuickBite","floor":9},{"not_picked":["sneckomod:UnknownX","sneckomod:UnknownClassSLIMEBOUND"],"picked":"sneckomod:UnknownBlock","floor":10},{"not_picked":["sneckomod:QuickBite","sneckomod:UnknownClassHEXA_GHOST_PURPLE"],"picked":"sneckomod:UnknownStrike","floor":12},{"not_picked":["sneckomod:Rotation","sneckomod:IronFang"],"picked":"sneckomod:WideSting","floor":12},{"not_picked":["sneckomod:RainOfDice","sneckomod:Unknown1Cost"],"picked":"sneckomod:QuickMove","floor":15},{"not_picked":["sneckomod:Unknown2Cost+1","sneckomod:DiceBlock"],"picked":"sneckomod:SnakeSap","floor":19},{"not_picked":["sneckomod:QuickMove","sneckomod:UnknownClassHUNTRESS"],"picked":"sneckomod:UnknownExhaust","floor":20},{"not_picked":["sneckomod:SnekBeam","sneckomod:SoulRoll"],"picked":"sneckomod:Nope+1","floor":21},{"not_picked":["sneckomod:UnknownX","sneckomod:SoulDraw+1"],"picked":"sneckomod:UnknownDexterity","floor":23},{"not_picked":["sneckomod:Nope+1","sneckomod:RainOfDice"],"picked":"sneckomod:Unknown3Cost","floor":26},{"not_picked":["sneckomod:UnknownBlock","sneckomod:MixItUp"],"picked":"sneckomod:UnknownUncommonAttack","floor":27},{"not_picked":["sneckomod:UnknownWeak","sneckomod:UnknownBlock"],"picked":"sneckomod:UnknownVulnerable+1","floor":28},{"not_picked":["sneckomod:UnknownCommonSkill","sneckomod:SnekBeam"],"picked":"sneckomod:SoulDraw+1","floor":29},{"not_picked":["sneckomod:Unknown1Cost","sneckomod:DiceBlock+1"],"picked":"sneckomod:UnknownStrength","floor":30},{"not_picked":["sneckomod:UnknownCommonAttack+1","sneckomod:UnknownStrike"],"picked":"sneckomod:WideSting+1","floor":31},{"not_picked":["sneckomod:DiceBlock","sneckomod:UnknownCommonSkill+1"],"picked":"sneckomod:MorePower","floor":32},{"not_picked":["sneckomod:UnknownUncommonSkill+1","sneckomod:UnknownClassBLUE+1"],"picked":"sneckomod:UnknownStrike+1","floor":33},{"not_picked":["sneckomod:DangerNoodle","sneckomod:Cheat"],"picked":"sneckomod:Transmogrify","floor":33},{"not_picked":["sneckomod:UnknownStrength+1","sneckomod:UnknownEthereal+1","sneckomod:UnknownWeak+1"],"picked":"sneckomod:UnknownUncommonPower+1","floor":36},{"not_picked":["sneckomod:WideSting+1","sneckomod:QuickMove","sneckomod:RainOfDice"],"picked":"sneckomod:UnknownStrength+1","floor":36},{"not_picked":["sneckomod:UnknownClassPURPLE+1","sneckomod:UnknownColorless+1","sneckomod:Unknown2Cost+1"],"picked":"sneckomod:UnknownRareSkill+1","floor":37},{"not_picked":["sneckomod:UnknownCommonSkill+1","sneckomod:UnknownClassGUARDIAN+1","sneckomod:Unknown0Cost"],"picked":"sneckomod:RainOfDice","floor":37},{"not_picked":["sneckomod:UnknownClassRED+1","sneckomod:Unknown0Cost+1","sneckomod:Unknown+1"],"picked":"sneckomod:UnknownUncommonPower+1","floor":38},{"not_picked":["sneckomod:UnknownBlock+1","sneckomod:UnknownClassSLIMEBOUND","sneckomod:WideSting+1"],"picked":"sneckomod:DefensiveFlair+1","floor":38},{"not_picked":["sneckomod:UnknownCommonAttack","sneckomod:Nope","sneckomod:SoulRoll+1"],"picked":"sneckomod:DiceBlock+1","floor":39},{"not_picked":["sneckomod:UnknownClassHUNTRESS","sneckomod:UnknownClassSLIMEBOUND","sneckomod:SoulRoll"],"picked":"sneckomod:RainOfDice+1","floor":43},{"not_picked":["sneckomod:UnknownClassSLIMEBOUND+1","sneckomod:UnknownClassPURPLE+1","sneckomod:UnknownBlock+1"],"picked":"sneckomod:UnknownRarePower+1","floor":45},{"not_picked":["sneckomod:UnknownVulnerable","sneckomod:QuickMove+1","sneckomod:UnknownRareSkill"],"picked":"sneckomod:DiceCrush+1","floor":45},{"not_picked":["sneckomod:Unknown0Cost+1","sneckomod:UnknownClassBLUE+1","sneckomod:Unknown3Cost+1"],"picked":"sneckomod:UnknownClassRED+1","floor":47},{"not_picked":["sneckomod:SoulCleanse+1","sneckomod:UnknownWeak+1","sneckomod:Transmogrify"],"picked":"DemoMod:Spice","floor":47},{"not_picked":["sneckomod:UnknownClassPURPLE+1","sneckomod:Unknown+1","sneckomod:UnknownCommonAttack+1"],"picked":"sneckomod:UnknownDexterity+1","floor":48},{"not_picked":["sneckomod:UnknownClassHUNTRESS+1","sneckomod:CheapStock","sneckomod:ImprovisedAttack"],"picked":"sneckomod:SoulDraw","floor":48},{"not_picked":["sneckomod:UnknownCommonAttack+1","sneckomod:RainOfDice+1","sneckomod:Unknown1Cost+1"],"picked":"DemoMod:Spice","floor":49}],"player_experience":158341,"relics_obtained":[{"floor":6,"key":"DemoMod:WeirdEgg"},{"floor":7,"key":"Simple Rune"},{"floor":9,"key":"HornCleat"},{"floor":24,"key":"DemoMod:LamentConfigurum"},{"floor":26,"key":"DemoMod:ClearGuonStone"},{"floor":28,"key":"Pet Ghost"},{"floor":36,"key":"Mummified Hand"},{"floor":37,"key":"Mummified Hand"},{"floor":39,"key":"sneckomod:LoadedDie"},{"floor":41,"key":"ReplayFunnel"},{"floor":43,"key":"Bag of Preparation"},{"floor":45,"key":"DemoMod:ClearGuonStone"},{"floor":47,"key":"DemoMod:ClearGuonStone"},{"floor":49,"key":"ReplayFunnel"}],"event_choices":[{"damage_healed":0,"gold_gain":0,"player_choice":"Trade","damage_taken":0,"relics_obtained":["GremlinMask"],"max_hp_gain":0,"max_hp_loss":0,"event_name":"FaceTrader","floor":14,"gold_loss":0},{"damage_healed":0,"gold_gain":0,"player_choice":"Copied","damage_taken":0,"max_hp_gain":0,"max_hp_loss":0,"event_name":"Duplicator","floor":22,"gold_loss":0,"cards_obtained":["sneckomod:UnknownStrike"]}],"is_beta":false,"boss_relics":[{"not_picked":["Snecko Eye","Velvet Choker"],"picked":"Snecko Heart"},{"not_picked":["SacredBark","Runic Pyramid"],"picked":"Honey Jar"}],"items_purged_floors":[37],"is_endless":false,"potions_floor_spawned":[5,9,15,19,26,27,28,30,31,43,48],"ascension_level":1}}