{"host":"37dk0reb6x0du8wx","time":1609411307,"event":{"mods":["BaseMod","Colored Map","DeckTracker","Minty Spire (QoL Compilation)","Quick Restart","StSLib","SuperFastMode","The Dragon Tamer"],"gold_per_floor":[113,113,63,63,73,107,107,118,169,94,94,112,144,163,163,163,163],"floor_reached":16,"playtime":413,"items_purged":["Strike_B"],"score":142,"play_id":"c72f795f-37b0-4092-9838-83efb35e8522","local_time":"20201231194147","is_ascension_mode":true,"campfire_choices":[{"data":"Zap","floor":7,"key":"SMITH"},{"floor":15,"key":"REST"}],"circlet_count":0,"master_deck":["Strike_B","Defend_B","Defend_B","Defend_B","Defend_B","Zap+1","Dualcast","Zap","Leap","Capacitor","Reinforced Body","Double Energy","Self Repair"],"relics":["Cracked Core","NeowsBlessing","Nunchaku","Mummified Hand","Strawberry","Potion Belt"],"acts_visited":["Exordium"],"potions_floor_usage":[13,16,16],"damage_taken":[{"damage":0,"enemies":"Jaw Worm","floor":1,"turns":1},{"damage":0,"enemies":"Small Slimes","floor":5,"turns":1},{"damage":0,"enemies":"Lagavulin","floor":6,"turns":1},{"damage":1,"enemies":"Cultist","floor":8,"turns":3},{"damage":3,"enemies":"Red Slaver","floor":12,"turns":4},{"damage":21,"enemies":"3 Sentries","floor":13,"turns":10},{"damage":14,"enemies":"Large Slime","floor":14,"turns":8},{"damage":77,"enemies":"Slime Boss","floor":16,"turns":13}],"seed_played":"-8331783064507386649","potions_obtained":[{"floor":5,"key":"Regen Potion"},{"floor":13,"key":"EssenceOfSteel"},{"floor":14,"key":"ColorlessPotion"}],"is_trial":false,"path_per_floor":["M","?","?","?","M","E","R","M","T","$","?","M","E","M","R","B"],"character_chosen":"DEFECT","items_purchased":[],"campfire_rested":1,"item_purchase_floors":[],"current_hp_per_floor":[75,68,68,68,68,68,68,67,74,74,67,64,58,44,68,0,0],"gold":163,"neow_bonus":"THREE_ENEMY_KILL","is_daily":false,"chose_seed":false,"campfire_upgraded":1,"win_rate":0.0,"timestamp":1609411307,"path_taken":["M","?","?","?","?","E","R","M","T","?","?","M","E","M","R","BOSS"],"items_purchased_type":[],"build_version":"2020-12-22","purchased_purges":1,"victory":false,"max_hp_per_floor":[75,75,75,75,75,75,75,75,82,82,82,82,82,82,82,82,82],"card_choices":[{"not_picked":["Compile Driver","Coolheaded","Turbo"],"picked":"SKIP","floor":1},{"not_picked":["Compile Driver","Coolheaded","Turbo"],"picked":"SKIP","floor":1},{"not_picked":["Compile Driver","Rebound"],"picked":"Leap","floor":5},{"not_picked":["Aggregate","Cold Snap","Go for the Eyes"],"picked":"SKIP","floor":6},{"not_picked":["Leap","Coolheaded"],"picked":"Capacitor","floor":8},{"not_picked":["Conserve Battery","Streamline"],"picked":"Reinforced Body","floor":12},{"not_picked":["Blizzard","Coolheaded"],"picked":"Double Energy","floor":13},{"not_picked":["FTL","Thunder Strike"],"picked":"Self Repair","floor":14}],"player_experience":96862,"relics_obtained":[{"floor":6,"key":"Mummified Hand"},{"floor":9,"key":"Strawberry"},{"floor":13,"key":"Potion Belt"}],"event_choices":[{"damage_healed":0,"gold_gain":0,"player_choice":"Success","damage_taken":7,"relics_obtained":["Nunchaku"],"max_hp_gain":0,"max_hp_loss":0,"event_name":"Scrap Ooze","floor":2,"gold_loss":0},{"cards_removed":["Strike_B"],"damage_healed":0,"gold_gain":0,"player_choice":"Card Removal","damage_taken":0,"max_hp_gain":0,"max_hp_loss":0,"event_name":"The Cleric","floor":3,"gold_loss":50},{"damage_healed":0,"gold_gain":0,"player_choice":"1 cards matched","damage_taken":0,"max_hp_gain":0,"max_hp_loss":0,"event_name":"Match and Keep!","floor":4,"gold_loss":0,"cards_obtained":["Zap"]},{"cards_removed":["Strike_B"],"damage_healed":0,"gold_gain":0,"player_choice":"Card Removal","damage_taken":7,"max_hp_gain":0,"max_hp_loss":0,"event_name":"Golden Wing","floor":11,"gold_loss":0}],"is_beta":false,"boss_relics":[],"items_purged_floors":[10],"is_endless":false,"potions_floor_spawned":[5,13,14],"killed_by":"Slime Boss","ascension_level":1}}