{"host":"xv6tnu9e6lzjd13s","time":1609455626,"event":{"mods":["BaseMod","Colored Powertips","Googly Eyes","Minty Spire (QoL Compilation)","Replay The Spire","StSLib"],"gold_per_floor":[110,185,185,204,129,155,167,186,186,186,228,202,220,220,220,224,224],"floor_reached":16,"playtime":801,"items_purged":["Strike_R"],"score":135,"play_id":"69e9b180-852a-4eca-8bbb-061ced43f5e6","local_time":"20201231160026","is_ascension_mode":false,"campfire_choices":[{"floor":15,"key":"REST"}],"circlet_count":0,"master_deck":["Strike_R","Strike_R","Strike_R","Strike_R","Defend_R","Defend_R","Defend_R","Defend_R","Bash","Body Slam","Shrug It Off","Burning Pact","Iron Wave","Juggernaut","Iron Wave","Feel No Pain"],"relics":["Burning Blood","NeowsBlessing","MealTicket","Replay:Accelerometer","Replay:Bandana","Pantograph"],"acts_visited":["Exordium"],"potions_floor_usage":[16,16],"damage_taken":[{"damage":0,"enemies":"Cultist","floor":1,"turns":1},{"damage":0,"enemies":"Jaw Worm","floor":4,"turns":1},{"damage":0,"enemies":"Lagavulin","floor":6,"turns":1},{"damage":2,"enemies":"Small Slimes","floor":7,"turns":4},{"damage":4,"enemies":"2 Fungi Beasts","floor":8,"turns":4},{"damage":67,"enemies":"3 Sentries","floor":11,"turns":12},{"damage":5,"enemies":"Looter","floor":12,"turns":4},{"damage":15,"enemies":"Exordium Thugs","floor":13,"turns":6},{"damage":85,"enemies":"Fading Forest","floor":16,"turns":9}],"seed_played":"-6514099708293001563","potions_obtained":[{"floor":1,"key":"DuplicationPotion"},{"floor":7,"key":"FairyPotion"},{"floor":8,"key":"Weak Potion"}],"is_trial":false,"path_per_floor":["M","?","?","M","$","E","M","M","T","?","E","M","M","?","R","B"],"character_chosen":"IRONCLAD","items_purchased":[],"campfire_rested":1,"item_purchase_floors":[],"current_hp_per_floor":[80,69,66,72,80,80,80,80,80,80,19,20,11,11,35,0,0],"gold":224,"neow_bonus":"THREE_ENEMY_KILL","is_daily":false,"chose_seed":false,"campfire_upgraded":0,"win_rate":0.0,"timestamp":1609455626,"path_taken":["M","?","?","M","?","E","M","M","T","?","E","M","?","?","R","BOSS"],"items_purchased_type":[],"build_version":"2020-12-22","purchased_purges":1,"victory":false,"max_hp_per_floor":[80,80,80,80,80,80,80,80,80,80,80,80,80,80,80,80,80],"card_choices":[{"not_picked":["Seeing Red","Clash"],"picked":"Body Slam","floor":1},{"not_picked":["Warcry","Pommel Strike"],"picked":"Shrug It Off","floor":4},{"not_picked":["Headbutt","Combust"],"picked":"Defy Death","floor":6},{"not_picked":["Sword Boomerang","Disarm","Thunderclap"],"picked":"SKIP","floor":7},{"not_picked":["Whirlwind","Run Through"],"picked":"Burning Pact","floor":8},{"not_picked":["Iron Wave","Replay:Undeath\u0027s Touch"],"picked":"Juggernaut","floor":11},{"not_picked":["Perfected Strike","Reckless Charge"],"picked":"Iron Wave","floor":12},{"not_picked":["Thunderclap","Perfected Strike"],"picked":"Feel No Pain","floor":13}],"player_experience":63884,"relics_obtained":[{"floor":6,"key":"Replay:Accelerometer"},{"floor":9,"key":"Replay:Bandana"},{"floor":11,"key":"Pantograph"}],"event_choices":[{"damage_healed":0,"gold_gain":75,"player_choice":"Gather Gold","damage_taken":11,"max_hp_gain":0,"max_hp_loss":0,"event_name":"World of Goop","floor":2,"gold_loss":0},{"damage_healed":0,"gold_gain":0,"player_choice":"Success","damage_taken":3,"relics_obtained":["MealTicket"],"max_hp_gain":0,"max_hp_loss":0,"event_name":"Scrap Ooze","floor":3,"gold_loss":0},{"cards_removed":["Defy Death"],"damage_healed":0,"gold_gain":0,"player_choice":"Took Card","damage_taken":0,"max_hp_gain":0,"max_hp_loss":0,"event_name":"NoteForYourself","floor":10,"gold_loss":0,"cards_obtained":["Iron Wave"]},{"damage_healed":0,"gold_gain":0,"player_choice":"Ignored","damage_taken":0,"max_hp_gain":0,"max_hp_loss":0,"event_name":"Liars Game","floor":14,"gold_loss":0}],"is_beta":false,"boss_relics":[],"items_purged_floors":[5],"is_endless":false,"potions_floor_spawned":[1,7,8],"killed_by":"Fading Forest","ascension_level":0}}