{"host":"29lahdx3vn6842ib","time":1609401051,"event":{"mods":["ATMod(阿瑾Mod)","Act Like it!","Aspiration","BaseMod","Better Vampires","Conspire","Friendly Minions","Gensokyo","GungeonMod","Hallownest","HololiveMod","KinomotoSakuraMod(木之本樱)","Mari Mod (Legacy)","Mari\u0027s V1 Patch","Marisa（F雨　魔理沙）","Minty Spire (QoL Compilation)","Prisma Mod","Quarter Circle Forward PUNCH!","Quick Restart","Rare Cards Sparkle","Reimu（博丽灵梦）","Remilia（蕾米莉亚）","RumiaBox-露米娅的神秘盒子","SIMod","Shop Mod","StSLib","The Alterego","The Animator","The Bug Knight","The Marked","The Servant 0.9.4","Waifu the Spire","WarShipGirlsR/战舰少女R mod","Yohane!","Yuri Mod","【功能Mod】混沌之环修复补丁","【遗物卡牌】REMEMod","篝火指南"],"gold_per_floor":[900000,899542,899562,899562,899573,899606,899669,899703,899703,899715,899715,899733,899398,899417,898974,899072,899072,899089,899089,899099,899099,898580,898613,898505,898505,898505,898202,898233,897947,897426,897426,896771,896872,896872,896892,896906,896691,896704,896715,896256,896256,896270,896270,895969,895969,895539,895571,895225,894881,894881,894881,894636,894418,894451,894451],"floor_reached":56,"playtime":2499,"items_purged":["Hololive_Sequa","Hololive_CallShirakamiFubuki","Hololive_CallAiraniIofifteen","Hololive_CallNakiriAyame","Hololive_CallYozoraMel+1"],"score":1696,"play_id":"fd86ff07-33c8-4cd8-87fa-322c0f83ddd5","local_time":"20201231155051","is_ascension_mode":false,"campfire_choices":[{"floor":11,"key":"RECALL"}],"circlet_count":0,"master_deck":["Hololive_Strike","Hololive_Strike","Hololive_Defend","Hololive_CallUruhaRushia","Hololive_CallCivia","Hololive_CallAyundaRisu","Hololive_CallNatsuiroMatsuri","Hololive_Trident","Hololive_CallMinatoAqua","Hololive_CallFriendA","Hololive_CallShiranuiFlare","Hololive_CallAkaiHaato","Hololive_CallArtia","Hololive_CallRoboco+1","Hololive_CallTsunomakiWatame","Hololive_WatameHaatoCombinationOption","Hololive_CallOzoraSubaru","Hololive_CallOkamiMio","Hololive_CallShiroganeNoel","Hololive_CallShirakamiFubuki+1","Hololive_CallAmaneKanata+1","Hololive_CallAiraniIofifteen+1","Hololive_DurableLive+1","Hololive_CallMoonaHoshinova+1","Hololive_DDD+1","Hololive_CallHoushouMarine+1","Hololive_CallAkiRosenthal+1","Hololive_CallYozoraMel+1","Hololive_CallManoAloe+1","Hololive_CallHoshimachiSuisei+1","Hololive_CallRosalyn+1","Hololive_CallNakiriAyame+1","Hololive_CallOmaruPolka+1","Hololive_CallNekomataOkayu+1","Hololive_DurableLive"],"relics":["Hololive_TheStar","AT_ATBox","REME_ComplimentaryCards","NeowsBlessing","Orichalcum","HandDrill","DemoMod:GlassGuonStoneRelic","qcfpunch:Red_Beret","ZombieArmy","Akabeko","ClockworkSouvenir","Question Card","Medical Kit","REME_DuelDisc","aspiration:DSix","MerchantsRug","RuthlessExorcism:ReiMu","Centennial Puzzle","aspiration:HummingbirdHeart","Smiling Mask","Juzu Bracelet","AT_RedTearstoneRing","Frozen Egg 2","conspire:DeflatedDodgeball","REME_CardOfGreed","Anchor","Frozen Eye","conspire:Dentures","conspire:SpecialSausage","OrangePellets","Lee\u0027s Waffle","Eternal Feather","Bottled Tornado","Vajra","DemoMod:MeatBun","AT_ForceNature","Chemical X","Omamori","Membership Card","qcfpunch:Necklace_of_Skulls","REME_LimitBreaker","HollowMod:LifeEnderRelic","Sling","Kunai","Pear","TheAbacus"],"acts_visited":["Exordium","TheCity","TheBeyond","TheEnding"],"potions_floor_usage":[],"damage_taken":[{"damage":0,"enemies":"conspire:RoseBush","floor":1,"turns":1},{"damage":0,"enemies":"Jaw Worm","floor":3,"turns":1},{"damage":0,"enemies":"Small Slimes","floor":5,"turns":1},{"damage":0,"enemies":"3 Sentries","floor":6,"turns":1},{"damage":0,"enemies":"Lagavulin Event","floor":7,"turns":1},{"damage":0,"enemies":"Lagavulin","floor":8,"turns":3},{"damage":0,"enemies":"Red Slaver","floor":10,"turns":2},{"damage":0,"enemies":"conspire:2 RoseBushes","floor":12,"turns":2},{"damage":0,"enemies":"Lots of Slimes","floor":14,"turns":2},{"damage":0,"enemies":"Hexaghost","floor":16,"turns":4},{"damage":0,"enemies":"Chosen","floor":18,"turns":2},{"damage":0,"enemies":"2 Thieves","floor":20,"turns":3},{"damage":0,"enemies":"Book of Stabbing","floor":23,"turns":1},{"damage":0,"enemies":"Gremlin Leader","floor":28,"turns":3},{"damage":0,"enemies":"Automaton","floor":33,"turns":7},{"damage":0,"enemies":"Orb Walker","floor":35,"turns":1},{"damage":0,"enemies":"3 Shapes","floor":36,"turns":2},{"damage":0,"enemies":"Spire Growth","floor":38,"turns":3},{"damage":0,"enemies":"Sphere and 2 Shapes","floor":39,"turns":3},{"damage":0,"enemies":"Transient","floor":42,"turns":5},{"damage":0,"enemies":"Giant Head","floor":47,"turns":6},{"damage":0,"enemies":"Donu and Deca","floor":50,"turns":4},{"damage":0,"enemies":"Shield and Spear","floor":54,"turns":2},{"damage":0,"enemies":"The Heart","floor":55,"turns":5}],"seed_played":"9026490748095561210","potions_obtained":[{"floor":10,"key":"Swift Potion"},{"floor":20,"key":"Fire Potion"}],"is_trial":false,"path_per_floor":["M","$","M","?","M","E","?","E","T","M","R","M","R","M","R","B",null,"M","?","M","T","$","E","R","?","T","R","E","R","$","?","R","B",null,"M","M","$","M","M","R","?","M","T","R","?","R","E","$","R","B",null,"R","$","E","B",null],"character_chosen":"Hololive_HololiveCharacter","items_purchased":["Orichalcum","HandDrill","Hololive_CallMinatoAqua","Akabeko","ClockworkSouvenir","Hololive_CallAkaiHaato","Question Card","Medical Kit","Strength Potion","MerchantsRug","Hololive_CallTsunomakiWatame","RuthlessExorcism:ReiMu","Centennial Puzzle","Hololive_CallOkamiMio","Swift Potion","Smiling Mask","Juzu Bracelet","Frozen Egg 2","Swift Potion","Hololive_CallShirakamiFubuki+1","conspire:DeflatedDodgeball","REME_CardOfGreed","Hololive_CallAiraniIofifteen+1","Anchor","Frozen Eye","conspire:Dentures","OrangePellets","Hololive_CallHoushouMarine+1","Lee\u0027s Waffle","Eternal Feather","Hololive_CallManoAloe+1","Vajra","DemoMod:MeatBun","AT_ForceNature","Chemical X","Hololive_CallRosalyn+1","Membership Card","qcfpunch:Necklace_of_Skulls","Hololive_CallNakiriAyame+1","REME_LimitBreaker","HollowMod:LifeEnderRelic","Hololive_CallYozoraMel+1","Sling","Kunai","Hololive_CallOmaruPolka+1","Pear","TheAbacus","Hololive_CallNekomataOkayu+1"],"campfire_rested":0,"item_purchase_floors":[2,2,2,13,13,13,15,15,15,22,22,22,22,24,24,27,27,29,29,30,30,30,32,32,32,32,37,37,40,40,40,44,44,46,46,46,48,48,48,49,49,49,52,52,52,53,53,53],"current_hp_per_floor":[35,35,35,35,35,35,35,35,35,35,35,35,35,35,35,35,35,35,31,31,31,31,31,31,40,40,40,40,40,40,40,40,40,40,40,43,43,46,49,56,56,59,59,59,59,59,62,62,62,65,65,65,75,78,81],"gold":894451,"neow_bonus":"THREE_ENEMY_KILL","is_daily":false,"chose_seed":false,"campfire_upgraded":0,"win_rate":0.0,"timestamp":1609401051,"path_taken":["M","$","M","?","M","E","?","E","T","M","R","M","R","M","R","BOSS","M","?","M","?","?","E","R","?","T","R","E","R","$","?","R","BOSS","M","M","$","M","M","R","?","M","T","R","?","R","E","$","R","BOSS","R","$","E","BOSS"],"items_purchased_type":["Relic","Relic","Card","Relic","Relic","Card","Relic","Relic","Potion","Relic","Card","Relic","Relic","Card","Potion","Relic","Relic","Relic","Potion","Card","Relic","Relic","Card","Relic","Relic","Relic","Relic","Card","Relic","Relic","Card","Relic","Relic","Relic","Relic","Card","Relic","Relic","Card","Relic","Relic","Card","Relic","Relic","Card","Relic","Relic","Card"],"build_version":"2020-12-22","purchased_purges":5,"victory":true,"max_hp_per_floor":[35,35,35,35,35,35,35,35,35,35,35,35,35,35,35,35,35,35,40,40,40,40,40,40,40,40,40,40,40,40,40,40,40,40,40,43,43,46,49,56,56,59,59,59,59,59,62,62,62,65,65,65,75,78,81],"card_choices":[{"not_picked":["Hololive_FlyingPonyTail","Hololive_StrengthChampion","Hololive_HuntDinosaur"],"picked":"Hololive_Trident","floor":1},{"not_picked":["Hololive_Rebound","Hololive_RevenueBasedLive","Hololive_Drill"],"picked":"Hololive_CallAiraniIofifteen","floor":3},{"not_picked":["Hololive_CocoNews","Hololive_CallAyundaRisu","Hololive_Drill"],"picked":"Hololive_Trident","floor":5},{"not_picked":["Hololive_OvertimeWork","Hololive_Spy","Hololive_CallCivia"],"picked":"Hololive_CallKiryuuCoco","floor":6},{"not_picked":["Hololive_OvertimeWork","Hololive_MaximGun","Hololive_RevenueBasedLive"],"picked":"Hololive_CallFriendA","floor":7},{"not_picked":["Hololive_CocoNews","Hololive_CallOkamiMio","Hololive_Rebound"],"picked":"Hololive_CallShiranuiFlare","floor":8},{"not_picked":["Hololive_HuntDinosaur","Hololive_OvertimeWork","Hololive_StrengthChampion"],"picked":"Hololive_CallShirakamiFubuki","floor":10},{"not_picked":["Hololive_CocoNews","Hololive_Sequa","Hololive_Drill","Hololive_OvertimeWork"],"picked":"SKIP","floor":12},{"not_picked":["Hololive_HuntDinosaur","Hololive_CallFriendA","Hololive_LuckPotion","Hololive_OvertimeWork"],"picked":"SKIP","floor":14},{"not_picked":["Hololive_Breathe","Hololive_SummonFox","Hololive_CallFriendA","Hololive_OvertimeWork+1"],"picked":"Hololive_CallArtia","floor":18},{"not_picked":["Hololive_Rebound","Hololive_FlyingPonyTail","Hololive_DiamondStrike","Hololive_Drill"],"picked":"Hololive_CallRoboco+1","floor":20},{"not_picked":["Hololive_CallArtia","Hololive_CocoNews","Hololive_Thief","Hololive_CallKiryuuCoco"],"picked":"Hololive_CallOzoraSubaru","floor":23},{"not_picked":["Hololive_LuckPotion","Hololive_Breathe","Hololive_CallCivia","Hololive_WolfAndLamb"],"picked":"Hololive_CallShiroganeNoel","floor":28},{"not_picked":["Hololive_Thief","Hololive_WolfAndLamb","Hololive_ASMR","Hololive_MaximGun"],"picked":"Hololive_DurableLive","floor":33},{"not_picked":["Hololive_Psychosis+1","Hololive_Trident","Hololive_LuckPotion+1","Hololive_RevenueBasedLive+1"],"picked":"Hololive_CallMoonaHoshinova+1","floor":35},{"not_picked":["Hololive_CocoNews+1","Hololive_Drill","Hololive_CallKiryuuCoco+1","Hololive_FlyingPonyTail+1"],"picked":"Hololive_DDD","floor":36},{"not_picked":["Hololive_CocoNews+1","Hololive_Trident","Hololive_HuntDinosaur+1","Hololive_CallAkaiHaato+1"],"picked":"Hololive_CallAkiRosenthal+1","floor":38},{"not_picked":["Hololive_Drill","Hololive_CallFriendA+1","Hololive_CallAiraniIofifteen+1","Hololive_ILoveYou"],"picked":"Hololive_CallYozoraMel+1","floor":39},{"not_picked":["Hololive_Trident","Hololive_Psychosis+1","Hololive_RevenueBasedLive","Hololive_Teleport+1","Hololive_OvertimeWork+1"],"picked":"Hololive_CallHoshimachiSuisei+1","floor":42},{"not_picked":["Hololive_CallCivia+1","Hololive_LuckPotion","Hololive_Sequa","Hololive_HuntDinosaur+1","Hololive_CallHoushouMarine+1","Hololive_Yoholoon"],"picked":"SKIP","floor":42},{"not_picked":["Hololive_LuckPotion+1","Hololive_RevenueBasedLive+1","Hololive_StarCraft","Hololive_SoulCatcher","Hololive_CallAmaneKanata+1","Hololive_CocoNews+1"],"picked":"SKIP","floor":47},{"not_picked":["Hololive_Rebound","Hololive_Breathe+1","Hololive_Teleport","Hololive_CallShiroganeNoel+1","Hololive_Drill","Hololive_RevenueBasedLive+1"],"picked":"SKIP","floor":47},{"not_picked":["Hololive_SoulCatcher+1","Hololive_StrengthChampion","Hololive_CallRoboco+1","Hololive_FlyingPonyTail+1","Hololive_OvertimeWork"],"picked":"Hololive_DurableLive","floor":54},{"not_picked":["Hololive_CallShiranuiFlare+1","Hololive_CallFriendA+1","Hololive_Trident+1","Hololive_OvertimeWork+1","Hololive_Thief","Hololive_ScarfAndHalo"],"picked":"SKIP","floor":54}],"player_experience":354688,"relics_obtained":[{"floor":6,"key":"qcfpunch:Red_Beret"},{"floor":7,"key":"ZombieArmy"},{"floor":21,"key":"aspiration:DSix"},{"floor":26,"key":"aspiration:HummingbirdHeart"},{"floor":28,"key":"AT_RedTearstoneRing"},{"floor":43,"key":"Bottled Tornado"},{"floor":47,"key":"Omamori"}],"event_choices":[{"damage_healed":0,"gold_gain":0,"player_choice":"Searched \u00271\u0027 times","damage_taken":0,"max_hp_gain":0,"max_hp_loss":0,"event_name":"Dead Adventurer","floor":7,"gold_loss":0},{"damage_healed":0,"gold_gain":0,"player_choice":"Shed Blood","damage_taken":9,"max_hp_gain":5,"max_hp_loss":0,"event_name":"Forgotten Altar","floor":19,"gold_loss":0},{"cards_removed":["Hololive_CallKiryuuCoco"],"damage_healed":9,"gold_gain":0,"player_choice":"Offered Uncommon","damage_taken":0,"max_hp_gain":0,"max_hp_loss":0,"event_name":"Bonfire Elementals","floor":25,"gold_loss":0},{"damage_healed":0,"gold_gain":0,"player_choice":"Read","damage_taken":0,"max_hp_gain":0,"max_hp_loss":0,"event_name":"The Library","floor":31,"gold_loss":0,"cards_obtained":["Hololive_CallAmaneKanata"]},{"cards_removed":["Hololive_Trident"],"damage_healed":0,"gold_gain":0,"player_choice":"Card Removal","damage_taken":0,"max_hp_gain":0,"max_hp_loss":0,"event_name":"Wheel of Change","floor":41,"gold_loss":0},{"cards_removed":["Hololive_Defend"],"damage_healed":0,"gold_gain":0,"player_choice":"Removed Skill","damage_taken":0,"max_hp_gain":0,"max_hp_loss":0,"event_name":"Falling","floor":45,"gold_loss":0}],"is_beta":false,"boss_relics":[{"not_picked":["Pandora\u0027s Box","aspiration:FutureDiary"],"picked":"REME_DuelDisc"},{"not_picked":["DemoMod:WaxWing","Fusion Hammer"],"picked":"conspire:SpecialSausage"}],"items_purged_floors":[2,30,32,48,49],"is_endless":false,"potions_floor_spawned":[3,5,10,16,18,20,28,33,35,36,39,54],"ascension_level":0}}