{"host":"6vv0uythevi5qk1w","time":1609401037,"event":{"mods":["Act Like it!","BaseMod","Downfall","Gensokyo","Minty Spire (QoL Compilation)","StSLib"],"gold_per_floor":[209,88,105,117,117,555,568,583,583,624,242,242,267,288,288,406,406,418,453,14,14,38,77,112,553,553,600,628,285,78,110,110,231,231,272,272,331,71,97,399,426,624,624,673,673,673,696,722,722,722,722,722,28,75,75],"floor_reached":56,"playtime":5490,"items_purged":["hexamod:Strike","hexamod:Strike","hexamod:Sear","hexamod:SixthSeal"],"score":1681,"play_id":"9006226a-c4e0-4efc-ba83-496f82f35ceb","local_time":"20201231155037","is_ascension_mode":true,"campfire_choices":[{"data":"hexamod:TurnItUp","floor":15.0,"key":"SMITH"},{"floor":32,"key":"RECALL"},{"floor":45,"key":"DIG"},{"floor":49,"key":"DIG"},{"floor":52,"key":"DIG"}],"circlet_count":0,"master_deck":["hexamod:Defend+1","hexamod:Haunt+1","hexamod:TurnItUp+1","hexamod:TimeWarp+1","hexamod:UnlimitedPower+1","hexamod:FastForward+1","hexamod:Haunt+1","Gensokyo:ShootingStar+1","hexamod:TimeOfNeed+1","hexamod:SecondSeal","Gensokyo:ManorOfTheDishes+1","hexamod:ThirdSeal","hexamod:GiftsFromTheDead+1","hexamod:ParanormalForm"],"relics":["hexamod:SpiritBrand","Guardian:PocketSentry","Gensokyo:Justice","CeramicFish","Torii","Omamori","TheAbacus","Coffee Dripper","Toolbox","ClockworkSouvenir","Gensokyo:RedStar","Art of War","Singing Bowl","Smiling Mask","Dead Branch","Molten Egg 2","sneckomod:BlankCard","hexamod:InflammatoryLetter","Guardian:GemstoneGun","hexamod:BolsterEngine","Cursed Key","Akabeko","Shovel","hexamod:TheBrokenSeal","Potion Belt","hexamod:MatchstickCase","Meat on the Bone","Strawberry","Ice Cream","InkBottle","Blue Candle","hexamod:CandleOfCauterizing","Boot"],"acts_visited":["Exordium","Gensokyo:Gensokyo","Gensokyo:Gensokyoer","TheEnding"],"potions_floor_usage":[55,55,55,55],"damage_taken":[{"damage":1.0,"enemies":"Gensokyo:Python","floor":1.0,"turns":3.0},{"damage":2.0,"enemies":"Gensokyo:3_Fairies","floor":3.0,"turns":5.0},{"damage":0.0,"enemies":"Gensokyo:2_Kodama","floor":4.0,"turns":5.0},{"damage":6.0,"enemies":"Gensokyo:Cirno","floor":6.0,"turns":6.0},{"damage":0.0,"enemies":"Gensokyo:5_Fairies","floor":7.0,"turns":4.0},{"damage":3.0,"enemies":"Gensokyo:Python_and_Kodama","floor":8.0,"turns":4.0},{"damage":4.0,"enemies":"Gensokyo:Mamizou","floor":10.0,"turns":6.0},{"damage":0.0,"enemies":"Gensokyo:Gryphon_and_Rabbit","floor":13.0,"turns":3.0},{"damage":1.0,"enemies":"Gensokyo:2_Rabbits","floor":14.0,"turns":4.0},{"damage":15.0,"enemies":"Gensokyo:Kokoro","floor":16.0,"turns":10.0},{"damage":1.0,"enemies":"Gensokyo:CosmicMonolith","floor":18.0,"turns":2.0},{"damage":15.0,"enemies":"Gensokyo:3_Dogs","floor":19.0,"turns":4.0},{"damage":11.0,"enemies":"Gensokyo:Reisen","floor":23.0,"turns":6.0},{"damage":29.0,"enemies":"Gensokyo:Swordslinger","floor":24.0,"turns":4.0},{"damage":1.0,"enemies":"Gensokyo:Tenshi","floor":25.0,"turns":4.0},{"damage":0.0,"enemies":"Gensokyo:Reisen","floor":27.0,"turns":6.0},{"damage":3.0,"enemies":"Gensokyo:Wraith","floor":28.0,"turns":3.0},{"damage":0,"enemies":"Gensokyo:Chomper_and_Gloop","floor":31,"turns":3},{"damage":23,"enemies":"Gensokyo:Kaguya","floor":33,"turns":8},{"damage":6,"enemies":"Gensokyo:3_Boulders","floor":35,"turns":4},{"damage":7,"enemies":"Gensokyo:AncientGuardian","floor":37,"turns":7},{"damage":0,"enemies":"Gensokyo:3_Boulders","floor":39,"turns":4},{"damage":30,"enemies":"Gensokyo:Doremy","floor":40,"turns":7},{"damage":1,"enemies":"Gensokyo:Sharpion","floor":41,"turns":3},{"damage":12,"enemies":"Gensokyo:Marisa","floor":42,"turns":7},{"damage":0,"enemies":"Gensokyo:Kasen","floor":44,"turns":3},{"damage":6,"enemies":"Gensokyo:Dusk_and_Dawn","floor":47,"turns":3},{"damage":0,"enemies":"Gensokyo:3_Boulders","floor":48,"turns":2},{"damage":72,"enemies":"Gensokyo:Scarlet_Devils","floor":50,"turns":7},{"damage":0,"enemies":"Shield and Spear","floor":54,"turns":3},{"damage":0,"enemies":"The Heart","floor":55,"turns":7}],"seed_played":"-1839250083702669999","potions_obtained":[{"floor":1.0,"key":"Ancient Potion"},{"floor":6.0,"key":"Strength Potion"},{"floor":8.0,"key":"Fire Potion"},{"floor":13.0,"key":"SteroidPotion"},{"floor":19.0,"key":"LiquidBronze"},{"floor":24.0,"key":"Fire Potion"},{"floor":25.0,"key":"Block Potion"},{"floor":33,"key":"LiquidMemories"},{"floor":42,"key":"Strength Potion"},{"floor":44,"key":"Fire Potion"},{"floor":47,"key":"ColorlessPotion"},{"floor":48,"key":"champ:CounterPotion"}],"is_trial":false,"path_per_floor":["M","COS","M","M","?","E","M","M","T","E","$","?","M","M","R","B",null,"M","M","COS","?","T","E","M","E","T","E","M","$","$","M","R","B",null,"M","?","M","COS","M","E","M","E","T","E","R","?","M","M","R","B",null,"R","$","E","B",null],"character_chosen":"THE_SPIRIT","items_purchased":["Omamori","TheAbacus","Guardian:GemstoneGun","hexamod:BolsterEngine","Blue Candle","hexamod:CandleOfCauterizing","PowerPotion","Swift Potion","SpeedPotion"],"campfire_rested":0,"item_purchase_floors":[11,11,29,30,53,53,53,53,53],"current_hp_per_floor":[69,69,67,67,67,61,61,58,58,54,54,26,26,25,25,10,70,69,54,54,54,54,45,18,19,19,21,25,25,25,34,34,60,82,80,80,86,86,92,75,82,126,126,130,137,137,135,139,139,79,145,145,145,147,147],"gold":75,"neow_bonus":"HUNDRED_GOLD","is_daily":false,"chose_seed":false,"campfire_upgraded":1,"win_rate":0.0,"timestamp":1609401037,"path_taken":["M","COS","M","M","?","E","M","M","T","E","$","?","M","?","R","BOSS","M","?","COS","?","?","E","M","E","T","E","M","?","$","?","R","BOSS","M","?","?","COS","M","E","M","E","T","E","R","?","M","M","R","BOSS","R","$","E","BOSS"],"items_purchased_type":["Relic","Relic","Relic","Relic","Relic","Relic","Potion","Potion","Potion"],"build_version":"2020-12-22","purchased_purges":4,"victory":true,"max_hp_per_floor":[70,70,70,70,70,70,70,70,70,70,70,70,70,70,70,70,70,70,70,70,70,70,72,74,76,76,78,78,78,78,80,80,82,82,86,86,92,92,98,104,112,126,126,130,137,137,141,145,145,145,145,145,145,147,147],"card_choices":[{"not_picked":["hexamod:Incineration","hexamod:GhostflameBarrier"],"picked":"hexamod:Haunt","floor":1.0},{"not_picked":["hexamod:HeatCrush","hexamod:HauntingEcho","hexamod:Rewind"],"picked":"SKIP","floor":3.0},{"not_picked":["hexamod:GhostLash","hexamod:ThermalTransfer","hexamod:HeatCrush"],"picked":"SKIP","floor":4.0},{"not_picked":["hexamod:GhostOfSpireFuture","hexamod:PowerFromBeyond"],"picked":"hexamod:TurnItUp","floor":6.0},{"not_picked":["hexamod:GhostLash","hexamod:GhostShield","hexamod:AdvancingGuard"],"picked":"SKIP","floor":7.0},{"not_picked":["hexamod:HeatShield","hexamod:RadiantFlame","hexamod:InspiringFlames"],"picked":"SKIP","floor":8.0},{"not_picked":["hexamod:SpectersWail","hexamod:EmpoweredFlame"],"picked":"hexamod:TimeWarp","floor":10.0},{"not_picked":["hexamod:NightmareStrike","hexamod:FastForward"],"picked":"hexamod:SecondSeal","floor":13.0},{"not_picked":["hexamod:RainOfEmbers","hexamod:SpectersWail","hexamod:GhostOfSpirePast"],"picked":"SKIP","floor":14.0},{"not_picked":["hexamod:GiftsFromTheDead+1","hexamod:Toasty+1"],"picked":"hexamod:UnlimitedPower+1","floor":16.0},{"not_picked":["hexamod:VolcanoVisage","hexamod:UnleashSpirits"],"picked":"hexamod:SixthSeal","floor":16.0},{"not_picked":["hexamod:RadiantFlame+1","hexamod:GhostShield+1","hexamod:HauntingEcho"],"picked":"SKIP","floor":18.0},{"not_picked":["hexamod:ExtraCrispy","hexamod:BurningTouch"],"picked":"hexamod:FastForward","floor":19.0},{"not_picked":["hexamod:GhostLash","hexamod:SpectersWail","hexamod:NightmareGuise+1"],"picked":"Singing Bowl","floor":23.0},{"not_picked":["hexamod:Toasty","hexamod:EmpoweringStance"],"picked":"hexamod:FifthSeal","floor":24.0},{"not_picked":["hexamod:SpectersWail","hexamod:NecessarySacrifice","hexamod:ShieldOfDarkness"],"picked":"Singing Bowl","floor":24.0},{"not_picked":["hexamod:NightmareGuise","hexamod:Hexaguard","hexamod:GhostflameBarrier"],"picked":"Singing Bowl","floor":25.0},{"not_picked":["hexamod:SecondSeal","hexamod:SixthSeal"],"picked":"hexamod:FirstSeal","floor":27.0},{"not_picked":["hexamod:PhantomFireball+1","hexamod:NightmareGuise+1","hexamod:GhostShield+1"],"picked":"Singing Bowl","floor":27.0},{"not_picked":["hexamod:Again","hexamod:InspiringFlames"],"picked":"hexamod:Haunt+1","floor":28.0},{"not_picked":["hexamod:SixthSeal","hexamod:FirstSeal"],"picked":"hexamod:FourthSeal","floor":31},{"not_picked":["hexamod:CrushingStance+1","hexamod:ShieldOfDarkness","hexamod:InspiringFlames+1"],"picked":"Singing Bowl","floor":31},{"not_picked":["hexamod:FourthSeal","hexamod:FirstSeal","hexamod:SecondSeal"],"picked":"Singing Bowl","floor":33},{"not_picked":[],"picked":"Gensokyo:ShootingStar","floor":33},{"not_picked":["hexamod:GhostflameInferno","hexamod:Toasty+1"],"picked":"hexamod:TimeOfNeed","floor":33},{"not_picked":["hexamod:FirstSeal","hexamod:SecondSeal"],"picked":"hexamod:ThirdSeal","floor":35},{"not_picked":["hexamod:SecondSeal","hexamod:SixthSeal","hexamod:FirstSeal"],"picked":"Singing Bowl","floor":35},{"not_picked":["hexamod:FirstSeal","hexamod:FourthSeal"],"picked":"hexamod:SixthSeal","floor":35},{"not_picked":["hexamod:FirstSeal","hexamod:NightmareGuise","hexamod:FastForward+1"],"picked":"Singing Bowl","floor":35},{"not_picked":["hexamod:SkipABeat","hexamod:ShieldOfDarkness","hexamod:HeatCrush+1"],"picked":"Singing Bowl","floor":37},{"not_picked":["hexamod:SixthSeal","hexamod:ThirdSeal"],"picked":"hexamod:SecondSeal","floor":37},{"not_picked":["hexamod:FourthSeal","hexamod:SecondSeal","hexamod:FirstSeal"],"picked":"Singing Bowl","floor":37},{"not_picked":["hexamod:FirstSeal","hexamod:FastForward+1","hexamod:PhantomCloak+1"],"picked":"Singing Bowl","floor":37},{"not_picked":["hexamod:FirstSeal","hexamod:FourthSeal","hexamod:SixthSeal"],"picked":"Singing Bowl","floor":39},{"not_picked":["hexamod:AdvancingGuard+1","hexamod:StepThrough+1","hexamod:GhostflameBarrier+1"],"picked":"Singing Bowl","floor":39},{"not_picked":["hexamod:GhostflameBarrier","hexamod:AdvancingGuard+1","hexamod:NightmareStrike+1"],"picked":"Singing Bowl","floor":39},{"not_picked":["hexamod:GhostShield+1","hexamod:RetreatToShadows","hexamod:Again+1"],"picked":"Singing Bowl","floor":40},{"not_picked":["hexamod:AdvancingGuard+1","hexamod:HeatCrush+1","hexamod:HeatMetal+1"],"picked":"Singing Bowl","floor":40},{"not_picked":["hexamod:SecondSeal","hexamod:SixthSeal","hexamod:FourthSeal"],"picked":"Singing Bowl","floor":40},{"not_picked":["hexamod:SixthSeal","hexamod:FirstSeal"],"picked":"hexamod:ThirdSeal","floor":40},{"not_picked":["hexamod:ThirdSeal","hexamod:PowerFromBeyond+1","hexamod:GhostLash+1"],"picked":"Singing Bowl","floor":41},{"not_picked":["hexamod:SwordOfDarkness+1","hexamod:PhantomCloak","hexamod:NightmareGuise+1"],"picked":"Singing Bowl","floor":41},{"not_picked":["hexamod:SkipABeat+1","hexamod:RecurringNightmare"],"picked":"hexamod:GiftsFromTheDead","floor":41},{"not_picked":["hexamod:FourthSeal","hexamod:FirstSeal","hexamod:SixthSeal"],"picked":"Singing Bowl","floor":41},{"not_picked":["hexamod:BacktrackSmack+1","hexamod:ShieldOfDarkness+1","hexamod:SwordOfDarkness+1"],"picked":"Singing Bowl","floor":41},{"not_picked":["hexamod:BacktrackSmack+1","hexamod:HeatShield","hexamod:Hexaguard"],"picked":"Singing Bowl","floor":42},{"not_picked":["hexamod:ShieldOfDarkness","hexamod:FastForward+1","hexamod:GhostLash+1"],"picked":"Singing Bowl","floor":42},{"not_picked":["hexamod:SearingWound","hexamod:GhostOfSpireFuture+1","hexamod:Hexaguard"],"picked":"Singing Bowl","floor":44},{"not_picked":["hexamod:Firestarter+1","hexamod:SpectersWail+1","hexamod:RadiantFlame"],"picked":"Singing Bowl","floor":44},{"not_picked":["hexamod:ExtraCrispy","hexamod:NecessarySacrifice","hexamod:PowerFromBeyond"],"picked":"Singing Bowl","floor":47},{"not_picked":["hexamod:NightmareStrike+1","hexamod:SecondSeal","hexamod:Hexaguard"],"picked":"Singing Bowl","floor":47},{"not_picked":["hexamod:InspiringFlames+1","hexamod:GhostOfSpirePresent","hexamod:GhostLash+1"],"picked":"Singing Bowl","floor":48},{"not_picked":["hexamod:GhostOfSpireFuture","hexamod:NecessarySacrifice+1","hexamod:GhostShield"],"picked":"Singing Bowl","floor":48},{"not_picked":["hexamod:InspiringFlames","hexamod:Firestarter+1","hexamod:SwordOfDarkness+1"],"picked":"Singing Bowl","floor":54},{"not_picked":["hexamod:ShieldOfDarkness+1","hexamod:SpectralSpark"],"picked":"hexamod:ParanormalForm","floor":54}],"player_experience":443756,"relics_obtained":[{"floor":6.0,"key":"CeramicFish"},{"floor":10.0,"key":"Torii"},{"floor":22.0,"key":"Art of War"},{"floor":23.0,"key":"Singing Bowl"},{"floor":25.0,"key":"Dead Branch"},{"floor":26.0,"key":"Molten Egg 2"},{"floor":27.0,"key":"hexamod:InflammatoryLetter"},{"floor":40,"key":"Shovel"},{"floor":42,"key":"Potion Belt"},{"floor":43,"key":"hexamod:MatchstickCase"},{"floor":44,"key":"Meat on the Bone"},{"floor":45,"key":"Strawberry"},{"floor":49,"key":"Ice Cream"},{"floor":52,"key":"InkBottle"},{"floor":54,"key":"Boot"}],"event_choices":[],"is_beta":false,"boss_relics":[{"not_picked":["hexamod:IceCube","Black Star"],"picked":"Coffee Dripper"},{"not_picked":["SlaversCollar","Pandora\u0027s Box"],"picked":"Cursed Key"}],"items_purged_floors":[11,29,30,53],"is_endless":false,"potions_floor_spawned":[1,6,8,10,13,14,19,24,25,44,47,48,54],"ascension_level":3}}