{"host":"t7mx8yfj1no5p62f","time":1609391228,"event":{"mods":["BaseMod","Colored Map","Colored Powertips","Minty Spire (QoL Compilation)","Relic Stats","StSLib"],"gold_per_floor":[117,133,146,164,184,219,237,237,260,293,293,309,340,365,365,440,440,450,430,70,81,81,109,109,143,221,221,64,89,89,101,101,101,101],"floor_reached":33,"playtime":1364,"items_purged":["Strike_R","Strike_R"],"score":675,"play_id":"64493d90-8550-4842-937b-aef9bb81107c","local_time":"20201231000708","is_ascension_mode":true,"campfire_choices":[{"data":"Shockwave","floor":8.0,"key":"SMITH"},{"data":"Rage","floor":11.0,"key":"SMITH"},{"data":"Disarm","floor":15.0,"key":"SMITH"},{"data":"Feed","floor":24,"key":"SMITH"},{"data":"1","floor":30,"key":"LIFT"},{"data":"2","floor":32,"key":"LIFT"}],"circlet_count":0,"master_deck":["AscendersBane","Strike_R","Strike_R","Strike_R","Defend_R","Defend_R","Defend_R","Defend_R","Bash","Cleave","Iron Wave","Clothesline","Twin Strike","Rage+1","Shockwave+1","Disarm+1","Feed+1","Inflame","Battle Trance","Brutality","Ghostly Armor"],"relics":["Burning Blood","PreservedInsect","Lizard Tail","Art of War","Letter Opener","Nunchaku","Odd Mushroom","Coffee Dripper","Singing Bowl","Orichalcum","Charon\u0027s Ashes","Girya","White Beast Statue"],"acts_visited":["Exordium","TheCity"],"potions_floor_usage":[21,25,29,33],"damage_taken":[{"damage":2.0,"enemies":"Cultist","floor":1.0,"turns":4.0},{"damage":2.0,"enemies":"Jaw Worm","floor":2.0,"turns":3.0},{"damage":0.0,"enemies":"2 Louse","floor":3.0,"turns":3.0},{"damage":15.0,"enemies":"Red Slaver","floor":4.0,"turns":4.0},{"damage":7.0,"enemies":"Blue Slaver","floor":5.0,"turns":4.0},{"damage":8.0,"enemies":"3 Sentries","floor":6.0,"turns":6.0},{"damage":1.0,"enemies":"3 Louse","floor":7.0,"turns":2.0},{"damage":6.0,"enemies":"Gremlin Nob","floor":10.0,"turns":3.0},{"damage":9.0,"enemies":"Exordium Wildlife","floor":12.0,"turns":5.0},{"damage":20.0,"enemies":"3 Sentries","floor":13.0,"turns":7.0},{"damage":11.0,"enemies":"The Mushroom Lair","floor":14.0,"turns":4.0},{"damage":23.0,"enemies":"The Guardian","floor":16.0,"turns":15.0},{"damage":4.0,"enemies":"Shell Parasite","floor":18.0,"turns":5.0},{"damage":4,"enemies":"Chosen","floor":21,"turns":5},{"damage":13,"enemies":"Gremlin Leader","floor":23,"turns":6},{"damage":15,"enemies":"Book of Stabbing","floor":25,"turns":6},{"damage":31,"enemies":"Gremlin Leader","floor":29,"turns":7},{"damage":21,"enemies":"Snake Plant","floor":31,"turns":5},{"damage":154,"enemies":"Automaton","floor":33,"turns":12}],"seed_played":"-8327681142930615748","potions_obtained":[{"floor":1.0,"key":"Strength Potion"},{"floor":2.0,"key":"EssenceOfSteel"},{"floor":10.0,"key":"ColorlessPotion"},{"floor":13.0,"key":"Swift Potion"},{"floor":18.0,"key":"BlessingOfTheForge"},{"floor":19.0,"key":"Fruit Juice"},{"floor":21,"key":"FearPotion"},{"floor":31,"key":"SmokeBomb"}],"is_trial":false,"path_per_floor":["M","M","M","M","M","E","M","R","T","E","R","M","E","?","R","B",null,"M","?","$","M","?","E","R","E","T","T","$","E","R","M","R","B"],"character_chosen":"IRONCLAD","items_purchased":["Singing Bowl","Block Potion"],"campfire_rested":0,"item_purchase_floors":[20,28],"current_hp_per_floor":[72,75,75,66,65,63,68,68,68,68,68,65,51,46,46,29,64,69,69,69,81,81,77,77,74,74,74,74,53,53,38,38,0,0],"gold":101,"neow_bonus":"RANDOM_COMMON_RELIC","is_daily":false,"chose_seed":false,"campfire_upgraded":4,"win_rate":0.0,"timestamp":1609391228,"path_taken":["M","M","M","M","?","E","M","R","T","E","R","M","E","?","R","BOSS","M","?","$","?","?","E","R","E","T","?","$","E","R","M","R","BOSS"],"items_purchased_type":["Relic","Potion"],"build_version":"2020-12-22","purchased_purges":2,"victory":false,"max_hp_per_floor":[75,75,75,75,75,75,75,75,75,75,75,75,75,75,75,75,75,78,78,78,88,88,91,91,97,97,97,97,101,101,101,101,101,101],"relic_stats":{"Lizard Tail":50,"Nunchaku":[12],"Singing Bowl":4,"counters":[19,106],"PreservedInsect":237,"Charon\u0027s Ashes":[45],"Art of War":[5],"Letter Opener":[45],"Orichalcum":[36],"obtain_stats":[{"Girya":27,"Singing Bowl":20,"PreservedInsect":0,"Charon\u0027s Ashes":25,"Letter Opener":10,"Odd Mushroom":14,"Orichalcum":23,"Burning Blood":0,"White Beast Statue":29,"Lizard Tail":6,"Nunchaku":13,"Art of War":9,"Coffee Dripper":17},{"Girya":16,"Singing Bowl":13,"PreservedInsect":0,"Charon\u0027s Ashes":16,"Letter Opener":8,"Odd Mushroom":11,"Orichalcum":15,"Burning Blood":0,"White Beast Statue":17,"Lizard Tail":6,"Nunchaku":10,"Art of War":7,"Coffee Dripper":12},{"Girya":82,"Singing Bowl":65,"PreservedInsect":0,"Charon\u0027s Ashes":82,"Letter Opener":29,"Odd Mushroom":45,"Orichalcum":76,"Burning Blood":0,"White Beast Statue":89,"Lizard Tail":24,"Nunchaku":41,"Art of War":26,"Coffee Dripper":60}],"Burning Blood":101},"card_choices":[{"not_picked":["Anger","Bloodletting"],"picked":"Cleave","floor":1.0},{"not_picked":["Flex","Sword Boomerang"],"picked":"Iron Wave","floor":2.0},{"not_picked":["Rampage","Entrench"],"picked":"Clothesline","floor":3.0},{"not_picked":["Perfected Strike","Sever Soul"],"picked":"Twin Strike","floor":4.0},{"not_picked":["Flex","Pummel"],"picked":"Rage","floor":5.0},{"not_picked":["Fiend Fire","Ghostly Armor"],"picked":"Shockwave","floor":6.0},{"not_picked":["Clothesline","Sword Boomerang","Rampage"],"picked":"SKIP","floor":7.0},{"not_picked":["Clothesline","True Grit","Rampage"],"picked":"SKIP","floor":10.0},{"not_picked":["Flex","Seeing Red","Cleave"],"picked":"SKIP","floor":12.0},{"not_picked":["Hemokinesis","Reckless Charge","Cleave"],"picked":"SKIP","floor":13.0},{"not_picked":["Demon Form","Clash"],"picked":"Disarm","floor":14.0},{"not_picked":["Limit Break","Bludgeon"],"picked":"Feed","floor":16.0},{"not_picked":["Blood for Blood","Pommel Strike"],"picked":"Inflame","floor":18.0},{"not_picked":["Anger","Perfected Strike","Flex"],"picked":"Singing Bowl","floor":21},{"not_picked":["Twin Strike","Armaments"],"picked":"Battle Trance","floor":23},{"not_picked":["Cleave","Twin Strike","Armaments"],"picked":"Singing Bowl","floor":25},{"not_picked":["Flame Barrier","Blood for Blood"],"picked":"Brutality","floor":29},{"not_picked":["Clothesline+1","Wild Strike+1"],"picked":"Ghostly Armor","floor":31}],"player_experience":1614473,"relics_obtained":[{"floor":6.0,"key":"Lizard Tail"},{"floor":9.0,"key":"Art of War"},{"floor":10.0,"key":"Letter Opener"},{"floor":13.0,"key":"Nunchaku"},{"floor":14.0,"key":"Odd Mushroom"},{"floor":23,"key":"Orichalcum"},{"floor":25,"key":"Charon\u0027s Ashes"},{"floor":27,"key":"Girya"},{"floor":29,"key":"White Beast Statue"}],"event_choices":[{"damage_healed":0.0,"max_hp_gain":0.0,"max_hp_loss":0.0,"gold_gain":0.0,"event_name":"Mushrooms","player_choice":"Fought Mushrooms","floor":14.0,"gold_loss":0.0,"damage_taken":0.0},{"damage_healed":0.0,"max_hp_gain":0.0,"max_hp_loss":0.0,"gold_gain":0.0,"event_name":"The Woman in Blue","player_choice":"Bought 1 Potion","floor":19.0,"gold_loss":0.0,"damage_taken":0.0},{"damage_healed":0,"gold_gain":0,"player_choice":"Ignored","damage_taken":0,"max_hp_gain":0,"max_hp_loss":0,"event_name":"Ghosts","floor":22,"gold_loss":0}],"is_beta":false,"boss_relics":[{"not_picked":["Runic Pyramid","Black Star"],"picked":"Coffee Dripper"}],"items_purged_floors":[20,28],"is_endless":false,"potions_floor_spawned":[1,2,3,10,13,14,18,21,31],"killed_by":"Automaton","ascension_level":20}}