{"host":"xv6tnu9e6lzjd13s","time":1609395772,"event":{"mods":["BaseMod","Colored Powertips","Googly Eyes","Minty Spire (QoL Compilation)","Replay The Spire","StSLib"],"gold_per_floor":[110,110,110,129,140,140,168,178,178,178,10,10,24,56,56,153,153,169,169,169,179,192,222,242,252,279,279,289,289,323,342,342,437,437,451,498,498,75,75,102,102,102],"floor_reached":41,"playtime":3438,"items_purged":["Defend_R"],"score":646,"play_id":"c3cea75b-31df-4f39-ab3f-c81289237352","local_time":"20201230232252","is_ascension_mode":false,"campfire_choices":[{"data":"Uppercut","floor":6,"key":"SMITH"},{"data":"Offering","floor":12,"key":"SMITH"},{"floor":27,"key":"REST"},{"floor":32,"key":"REST"}],"circlet_count":0,"master_deck":["Strike_R+1","Strike_R","Strike_R","Strike_R","Defend_R","Defend_R","Defend_R","Bash+1","Uppercut+1","Flex","Pommel Strike","Offering+1","Dual Wield+1","Secret Technique","Warcry","Feed","Offering+1","ReplayTheSpireMod:Muscle Training","ReplayTheSpireMod:Corrosion Curse","Metallicize","Brutality","Blind","Deep Breath","Demon Form","Mayhem"],"relics":["Black Star","Meat on the Bone","MealTicket","Chameleon Ring","Orichalcum","Whetstone","Busted Crown","Replay:Ringing Soul","Centennial Puzzle","Blood Vial","WingedGreaves","Matryoshka","Fusion Hammer","Torii","Pen Nib","Gremlin Horn"],"acts_visited":["Exordium","TheCity","TheBeyond"],"potions_floor_usage":[16,16,16,25,30,30,33,33,41],"damage_taken":[{"damage":5,"enemies":"Jaw Worm","floor":1,"turns":4},{"damage":1,"enemies":"2 Louse","floor":4,"turns":2},{"damage":0,"enemies":"Cultist","floor":5,"turns":3},{"damage":30,"enemies":"Gremlin Nob","floor":7,"turns":4},{"damage":12,"enemies":"2 Fungi Beasts","floor":8,"turns":2},{"damage":26,"enemies":"Exordium Thugs","floor":13,"turns":4},{"damage":36,"enemies":"3 Sentries","floor":14,"turns":7},{"damage":22,"enemies":"Hexaghost","floor":16,"turns":10},{"damage":15,"enemies":"3 Byrds","floor":18,"turns":4},{"damage":16,"enemies":"Chosen","floor":21,"turns":3},{"damage":21,"enemies":"Snake Plant","floor":22,"turns":2},{"damage":39,"enemies":"Slavers","floor":23,"turns":4},{"damage":18,"enemies":"Chosen and Byrds","floor":24,"turns":6},{"damage":18,"enemies":"Sentry and Sphere","floor":25,"turns":3},{"damage":14,"enemies":"3 Cultists","floor":28,"turns":4},{"damage":17,"enemies":"Book of Stabbing","floor":30,"turns":3},{"damage":15,"enemies":"Chosen and Byrds","floor":31,"turns":4},{"damage":40,"enemies":"Pondfish","floor":33,"turns":10},{"damage":19,"enemies":"Orb Walker","floor":35,"turns":3},{"damage":68,"enemies":"2 Orb Walkers","floor":36,"turns":5},{"damage":100,"enemies":"Nemesis","floor":40,"turns":7},{"damage":26,"enemies":"Giant Head","floor":41,"turns":5}],"seed_played":"644065231359814016","potions_obtained":[{"floor":4,"key":"BlessingOfTheForge"},{"floor":7,"key":"Block Potion"},{"floor":13,"key":"Dexterity Potion"},{"floor":14,"key":"Adrenaline Potion"},{"floor":21,"key":"Energy Potion"},{"floor":22,"key":"SneckoOil"},{"floor":24,"key":"Cursed Concoction"},{"floor":28,"key":"SpeedPotion"},{"floor":31,"key":"Swift Potion"},{"floor":33,"key":"Languid Potion"}],"is_trial":false,"path_per_floor":["M","?","?","M","M","R","E","M","T","$","$","R","M","E","R","B",null,"M","?","?","M","M","E","M","M","T","R","M","?","E","M","R","B",null,"M","?","?","$","?","E","E"],"character_chosen":"IRONCLAD","items_purchased":["Secret Technique","Demon Form","Mayhem","BlessingOfTheForge"],"campfire_rested":2,"item_purchase_floors":[11,38,38,38],"current_hp_per_floor":[75,75,75,74,74,74,44,44,44,59,74,74,48,24,48,38,80,68,68,68,55,49,25,25,22,22,52,52,55,52,57,90,67,113,97,46,39,57,109,21,0,0],"gold":102,"neow_bonus":"BOSS_RELIC","is_daily":false,"chose_seed":false,"campfire_upgraded":2,"win_rate":0.0,"timestamp":1609395772,"path_taken":["M","?","?","M","M","R","E","M","T","?","$","R","M","E","R","BOSS","M","?","?","?","M","E","M","M","T","R","M","?","E","M","R","BOSS","M","?","?","$","?","E","E"],"items_purchased_type":["Card","Card","Card","Potion"],"build_version":"2020-12-22","purchased_purges":1,"victory":false,"max_hp_per_floor":[80,80,80,80,80,80,80,80,80,80,80,80,80,80,80,80,80,83,83,83,86,89,92,98,101,101,101,101,104,104,110,110,113,113,116,119,122,125,109,109,109,109],"card_choices":[{"not_picked":["Headbutt","Combust"],"picked":"Dual Wield","floor":1},{"not_picked":["Run Through","ReplayTheSpireMod:Corrosion Curse"],"picked":"Flex","floor":4},{"not_picked":["Clash","Anger"],"picked":"Pommel Strike","floor":5},{"not_picked":["Infernal Blade","Entrench"],"picked":"Offering","floor":7},{"not_picked":["Body Slam","Infernal Blade"],"picked":"Dual Wield","floor":8},{"not_picked":["Pommel Strike","Perfected Strike","Pummel"],"picked":"SKIP","floor":13},{"not_picked":["True Grit","Run Through"],"picked":"Warcry","floor":14},{"not_picked":["Corruption","Impervious"],"picked":"Feed","floor":16},{"not_picked":["Replay:Undeath\u0027s Touch"],"picked":"SKIP","floor":18},{"not_picked":["Clash"],"picked":"SKIP","floor":21},{"not_picked":["Fire Breathing"],"picked":"SKIP","floor":22},{"not_picked":["ReplayTheSpireMod:Strike From Hell"],"picked":"SKIP","floor":23},{"not_picked":[],"picked":"ReplayTheSpireMod:Muscle Training","floor":24},{"not_picked":["Fire Breathing+1"],"picked":"SKIP","floor":25},{"not_picked":["Run Through"],"picked":"SKIP","floor":28},{"not_picked":["Run Through"],"picked":"SKIP","floor":28},{"not_picked":["Combust+1"],"picked":"SKIP","floor":30},{"not_picked":[],"picked":"Metallicize","floor":31},{"not_picked":[],"picked":"Brutality","floor":33},{"not_picked":["True Grit+1"],"picked":"SKIP","floor":35},{"not_picked":[],"picked":"Blind","floor":37},{"not_picked":[],"picked":"Deep Breath","floor":37},{"not_picked":["Thunderclap"],"picked":"SKIP","floor":40}],"player_experience":1746,"relics_obtained":[{"floor":7,"key":"Meat on the Bone"},{"floor":7,"key":"MealTicket"},{"floor":9,"key":"Chameleon Ring"},{"floor":14,"key":"Orichalcum"},{"floor":14,"key":"Whetstone"},{"floor":23,"key":"Replay:Ringing Soul"},{"floor":23,"key":"Centennial Puzzle"},{"floor":26,"key":"Blood Vial"},{"floor":30,"key":"WingedGreaves"},{"floor":30,"key":"Matryoshka"},{"floor":36,"key":"Torii"},{"floor":40,"key":"Pen Nib"},{"floor":40,"key":"Gremlin Horn"}],"event_choices":[{"damage_healed":0,"gold_gain":0,"cards_transformed":["Strike_R"],"player_choice":"Change","damage_taken":0,"max_hp_gain":0,"max_hp_loss":0,"event_name":"Living Wall","floor":2,"gold_loss":0,"cards_obtained":["Uppercut"]},{"damage_healed":0,"gold_gain":0,"player_choice":"Leave","damage_taken":0,"max_hp_gain":0,"max_hp_loss":0,"event_name":"The Cleric","floor":3,"gold_loss":0},{"damage_healed":0,"gold_gain":0,"player_choice":"Ignored","damage_taken":0,"max_hp_gain":0,"max_hp_loss":0,"event_name":"Ghosts","floor":19,"gold_loss":0},{"damage_healed":0,"gold_gain":0,"player_choice":"Copied","damage_taken":0,"max_hp_gain":0,"max_hp_loss":0,"event_name":"Duplicator","floor":20,"gold_loss":0,"cards_obtained":["Offering"]},{"damage_healed":0,"gold_gain":0,"cards_transformed":["Dual Wield"],"player_choice":"Transformed","damage_taken":0,"max_hp_gain":0,"max_hp_loss":0,"event_name":"Transmorgrifier","floor":29,"gold_loss":0,"cards_obtained":["ReplayTheSpireMod:Corrosion Curse"]},{"damage_healed":0,"gold_gain":0,"player_choice":"Fight","damage_taken":0,"max_hp_gain":0,"max_hp_loss":0,"event_name":"Mysterious Sphere","floor":36,"gold_loss":0},{"damage_healed":0,"gold_gain":0,"player_choice":"Memory 3","damage_taken":10,"max_hp_gain":0,"max_hp_loss":0,"event_name":"SensoryStone","floor":37,"gold_loss":0},{"damage_healed":109,"gold_gain":0,"player_choice":"Heal","damage_taken":0,"max_hp_gain":0,"max_hp_loss":16,"event_name":"The Moai Head","floor":39,"gold_loss":0}],"is_beta":false,"boss_relics":[{"not_picked":["Kintsugi","Replay:Wanted Poster"],"picked":"Busted Crown"},{"not_picked":["ChewingGum","Cursed Key"],"picked":"Fusion Hammer"}],"items_purged_floors":[38],"is_endless":false,"potions_floor_spawned":[4,7,13,14,21,22,24,28,31,33],"killed_by":"Giant Head","ascension_level":0}}