{"host":"1bmpebsu0h6jmm2g","time":1609391409,"event":{"mods":["BaseMod","Colored Map","Highlight Path","Keyboard Shortcuts","Minty Spire (QoL Compilation)","Permanent Neow","Quick Restart","Relic Stats","Slay the Relics Exporter","StSLib","SuperFastMode"],"gold_per_floor":[113,388,399,419,419,419,430,430,455,455,415,415,415],"floor_reached":12,"playtime":214,"items_purged":[],"score":156,"play_id":"e509cab6-4604-4da4-8a9a-1eca240ce0c3","local_time":"20201231141009","is_ascension_mode":true,"campfire_choices":[{"data":"Poisoned Stab","floor":6.0,"key":"SMITH"}],"circlet_count":0,"master_deck":["AscendersBane","Strike_G","Strike_G","Strike_G","Strike_G","Defend_G","Defend_G","Defend_G","Defend_G","Defend_G","Survivor","Neutralize","Accuracy","Poisoned Stab+1","Regret","Venomology","Reflex","Backflip"],"relics":["Ring of the Snake","MealTicket","Orichalcum"],"acts_visited":["Exordium"],"potions_floor_usage":[12,12,12],"damage_taken":[{"damage":0.0,"enemies":"Small Slimes","floor":1.0,"turns":4.0},{"damage":3.0,"enemies":"Cultist","floor":3.0,"turns":4.0},{"damage":13.0,"enemies":"Jaw Worm","floor":4.0,"turns":7.0},{"damage":4.0,"enemies":"Gremlin Gang","floor":7.0,"turns":7.0},{"damage":0.0,"enemies":"3 Sentries","floor":8.0,"turns":1.0},{"damage":3,"enemies":"Looter","floor":11,"turns":4},{"damage":50,"enemies":"Lagavulin","floor":12,"turns":7}],"seed_played":"-5354432590464009351","potions_obtained":[{"floor":3.0,"key":"Strength Potion"}],"is_trial":false,"path_per_floor":["M","?","M","M","?","R","M","E","T","?","M","E"],"character_chosen":"THE_SILENT","items_purchased":[],"campfire_rested":0,"item_purchase_floors":[],"current_hp_per_floor":[59,59,56,43,38,38,34,34,34,34,31,0,0],"gold":415,"neow_bonus":"TRANSFORM_CARD","is_daily":false,"chose_seed":false,"campfire_upgraded":1,"win_rate":0.0,"timestamp":1609391409,"path_taken":["M","?","?","M","?","R","M","E","T","?","M","E"],"items_purchased_type":[],"build_version":"2020-12-22","purchased_purges":0,"victory":false,"max_hp_per_floor":[66,66,66,66,66,66,66,66,66,66,66,66,66],"relic_stats":{"counters":[7,34],"MealTicket":0,"Orichalcum":[12],"obtain_stats":[{"MealTicket":5,"Orichalcum":9,"Ring of the Snake":0},{"MealTicket":3,"Orichalcum":5,"Ring of the Snake":0},{"MealTicket":15,"Orichalcum":23,"Ring of the Snake":0}],"Ring of the Snake":[14]},"card_choices":[{"not_picked":["Slice","Acrobatics"],"picked":"Poisoned Stab","floor":1.0},{"not_picked":["Dodge and Roll","Flechettes"],"picked":"Venomology","floor":3.0},{"not_picked":["Blur","Setup"],"picked":"Reflex","floor":4.0},{"not_picked":["Outmaneuver","Dash","Poisoned Stab"],"picked":"SKIP","floor":7.0},{"not_picked":["Eviscerate","Footwork"],"picked":"Backflip","floor":11}],"player_experience":478496,"relics_obtained":[{"floor":9.0,"key":"Orichalcum"}],"event_choices":[{"damage_healed":0.0,"max_hp_gain":0.0,"max_hp_loss":0.0,"gold_gain":275.0,"event_name":"Golden Shrine","player_choice":"Desecrate","floor":2.0,"gold_loss":0.0,"damage_taken":0.0,"cards_obtained":["Regret"]},{"damage_healed":0.0,"max_hp_gain":0.0,"max_hp_loss":0.0,"gold_gain":0.0,"event_name":"Scrap Ooze","player_choice":"Success","floor":5.0,"gold_loss":0.0,"damage_taken":5.0,"relics_obtained":["MealTicket"]},{"damage_healed":0,"gold_gain":0,"player_choice":"Searched \u00270\u0027 times","damage_taken":0,"max_hp_gain":0,"max_hp_loss":0,"event_name":"Dead Adventurer","floor":10,"gold_loss":0}],"is_beta":false,"boss_relics":[],"items_purged_floors":[],"is_endless":false,"potions_floor_spawned":[3],"killed_by":"Lagavulin","ascension_level":20}}