{"host":"7sni158j623xchr2","time":1609450631,"event":{"mods":["BaseMod","Colored Map","Highlight Path","Minty Spire (QoL Compilation)","Permanent Neow","Potion Indicator Mod","Rare Cards Sparkle","Relic Sorter","Relic Stats","StSLib","everything is the same but u backflip on backflip"],"gold_per_floor":[114,114,289,289,305,305,340,340,363,363,426,8,23,57,57,167,217,239,85,114,398,417,434,20,53,53,71,71,71,111,137,137,245,245,257,257,257,266,278,319,319,347,347,387,262,276,75,95,95,95,95,95,15,50,50],"floor_reached":56,"playtime":2146,"items_purged":["Doubt","Regret","Strike_B"],"score":1371,"play_id":"a9c2eafe-7fc0-47d3-b956-f4dff978d14e","local_time":"20201231153711","is_ascension_mode":true,"campfire_choices":[{"data":"Cold Snap","floor":6,"key":"SMITH"},{"data":"Zap","floor":8,"key":"SMITH"},{"data":"Dualcast","floor":10,"key":"SMITH"},{"data":"White Noise","floor":15,"key":"SMITH"},{"data":"Genetic Algorithm","floor":29,"key":"SMITH"},{"data":"Buffer","floor":32,"key":"SMITH"},{"data":"Rainbow","floor":41,"key":"SMITH"},{"floor":49,"key":"RECALL"},{"data":"Meteor Strike","floor":52,"key":"SMITH"}],"circlet_count":0,"master_deck":["Strike_B+1","Defend_B","Defend_B","Defend_B","Defend_B","Zap+1","Dualcast+1","Echo Form","Defragment+1","Cold Snap+1","Capacitor","Ball Lightning","Turbo","White Noise+1","Coolheaded","Meteor Strike+1","Chill+1","Compile Driver","Rainbow+1","Defragment+1","Master of Strategy","Genetic Algorithm+1","Coolheaded","Buffer+1","Creative AI","Echo Form","Echo Form","Undo+1","White Noise+1","Electrodynamics","Loop","Turbo+1"],"relics":["Cracked Core","Meat on the Bone","Blood Vial","Strawberry","Pen Nib","PreservedInsect","CeramicFish","Tiny House","ClockworkSouvenir","DollysMirror","Blue Candle","Torii","Bag of Marbles","Snecko Eye","InkBottle","Potion Belt","Bottled Tornado"],"acts_visited":["Exordium","TheCity","TheBeyond","TheEnding"],"potions_floor_usage":[14,14,30,48,54,55,55,55,55],"damage_taken":[{"damage":3,"enemies":"2 Louse","floor":1,"turns":2},{"damage":16,"enemies":"Jaw Worm","floor":5,"turns":6},{"damage":25,"enemies":"Gremlin Nob","floor":7,"turns":4},{"damage":16,"enemies":"Gremlin Nob","floor":11,"turns":4},{"damage":6,"enemies":"Small Slimes","floor":13,"turns":2},{"damage":5,"enemies":"3 Sentries","floor":14,"turns":5},{"damage":15,"enemies":"Hexaghost","floor":16,"turns":9},{"damage":28,"enemies":"Shell Parasite","floor":18,"turns":5},{"damage":0,"enemies":"3 Byrds","floor":20,"turns":5},{"damage":3,"enemies":"Cultist and Chosen","floor":22,"turns":6},{"damage":4,"enemies":"Snecko","floor":23,"turns":5},{"damage":15,"enemies":"Book of Stabbing","floor":25,"turns":4},{"damage":1,"enemies":"Gremlin Leader","floor":30,"turns":4},{"damage":14,"enemies":"Centurion and Healer","floor":31,"turns":7},{"damage":14,"enemies":"Automaton","floor":33,"turns":12},{"damage":0,"enemies":"Orb Walker","floor":35,"turns":2},{"damage":0,"enemies":"3 Shapes","floor":39,"turns":6},{"damage":0,"enemies":"Nemesis","floor":40,"turns":7},{"damage":49,"enemies":"Transient","floor":42,"turns":5},{"damage":10,"enemies":"Reptomancer","floor":44,"turns":7},{"damage":11,"enemies":"Sphere and 2 Shapes","floor":46,"turns":4},{"damage":6,"enemies":"4 Shapes","floor":48,"turns":3},{"damage":15,"enemies":"Time Eater","floor":50,"turns":8},{"damage":21,"enemies":"Shield and Spear","floor":54,"turns":6},{"damage":16,"enemies":"The Heart","floor":55,"turns":7}],"seed_played":"1954780465967362347","potions_obtained":[{"floor":11,"key":"SkillPotion"},{"floor":14,"key":"SpeedPotion"},{"floor":16,"key":"SkillPotion"},{"floor":17,"key":"CultistPotion"},{"floor":22,"key":"DistilledChaos"},{"floor":25,"key":"GamblersBrew"},{"floor":31,"key":"Dexterity Potion"},{"floor":39,"key":"GamblersBrew"},{"floor":40,"key":"FocusPotion"},{"floor":54,"key":"Fruit Juice"}],"is_trial":false,"path_per_floor":["M","?","?","?","M","R","E","R","T","R","?","$","M","E","R","B",null,"M","$","M","?","M","M","$","E","T","?","?","R","E","M","R","B",null,"M","?","?","?","M","E","R","M","T","E","$","M","$","M","R","B",null,"R","$","E","B",null],"character_chosen":"DEFECT","items_purchased":["PreservedInsect","Turbo","White Noise","SkillPotion","Swift Potion","ClockworkSouvenir","DollysMirror","Master of Strategy","Electrodynamics","Energy Potion","FocusPotion","Loop"],"campfire_rested":0,"item_purchase_floors":[12,12,12,12,12,19,24,24,47,47,53,53],"current_hp_per_floor":[65,47,47,47,43,43,30,30,37,37,35,35,43,40,40,39,80,52,52,54,54,53,51,51,50,50,50,50,50,51,51,51,51,80,80,80,80,80,80,80,80,43,43,47,47,50,50,46,46,45,80,80,80,59,50],"gold":50,"neow_bonus":"THREE_RARE_CARDS","is_daily":false,"chose_seed":false,"campfire_upgraded":8,"win_rate":0.0,"timestamp":1609450631,"path_taken":["M","?","?","?","M","R","E","R","T","R","?","$","M","E","R","BOSS","M","$","M","?","M","?","$","E","T","?","?","R","E","M","R","BOSS","M","?","?","?","?","E","R","M","T","E","$","M","$","?","R","BOSS","R","$","E","BOSS"],"items_purchased_type":["Relic","Card","Card","Potion","Potion","Relic","Relic","Card","Card","Potion","Potion","Card"],"build_version":"2020-12-22","purchased_purges":3,"victory":true,"max_hp_per_floor":[68,68,68,68,68,68,68,68,75,75,75,75,75,75,75,75,80,80,80,80,80,80,80,80,80,80,80,80,80,80,80,80,80,80,80,80,80,80,80,80,80,80,80,80,80,80,80,80,80,80,80,80,80,80,85],"relic_stats":{"Blood Vial":32,"Torii":34,"counters":[25,135],"CeramicFish":171,"Blue Candle":[0],"Snecko Eye":[116,115,110,116],"Pen Nib":[19],"PreservedInsect":301,"obtain_stats":[{"Potion Belt":44,"Tiny House":17,"Torii":26,"CeramicFish":14,"Blue Candle":25,"Pen Nib":11,"PreservedInsect":12,"Bottled Tornado":54,"ClockworkSouvenir":19,"Blood Vial":7,"DollysMirror":24,"Strawberry":9,"Snecko Eye":34,"Bag of Marbles":30,"Cracked Core":0,"InkBottle":40,"Meat on the Bone":2},{"Potion Belt":20,"Tiny House":7,"Torii":12,"CeramicFish":6,"Blue Candle":12,"Pen Nib":3,"PreservedInsect":4,"Bottled Tornado":24,"ClockworkSouvenir":8,"Blood Vial":3,"DollysMirror":11,"Strawberry":3,"Snecko Eye":15,"Bag of Marbles":13,"Cracked Core":0,"InkBottle":18,"Meat on the Bone":1},{"Potion Belt":107,"Tiny House":32,"Torii":57,"CeramicFish":23,"Blue Candle":57,"Pen Nib":12,"PreservedInsect":16,"Bottled Tornado":128,"ClockworkSouvenir":37,"Blood Vial":12,"DollysMirror":53,"Strawberry":12,"Snecko Eye":80,"Bag of Marbles":61,"Cracked Core":0,"InkBottle":95,"Meat on the Bone":2}],"InkBottle":[24],"Meat on the Bone":144},"card_choices":[{"not_picked":["Core Surge","Machine Learning"],"picked":"Echo Form","floor":0},{"not_picked":["Streamline","Coolheaded"],"picked":"Defragment","floor":1},{"not_picked":["Leap","Rebound"],"picked":"Cold Snap","floor":5},{"not_picked":["Cold Snap","Fusion"],"picked":"Capacitor","floor":7},{"not_picked":["Cold Snap","Coolheaded"],"picked":"Ball Lightning","floor":11},{"not_picked":["Hello World","Static Discharge"],"picked":"Coolheaded","floor":13},{"not_picked":["Redo","Turbo","Static Discharge"],"picked":"SKIP","floor":14},{"not_picked":["Thunder Strike","Multi-Cast"],"picked":"Meteor Strike","floor":16},{"not_picked":["Force Field","Beam Cell"],"picked":"Chill+1","floor":18},{"not_picked":["Steam","Sunder"],"picked":"Compile Driver","floor":20},{"not_picked":["Barrage+1","Gash"],"picked":"Rainbow","floor":22},{"not_picked":["Turbo","Rebound","Auto Shields"],"picked":"SKIP","floor":23},{"not_picked":["Ball Lightning","Hologram","Chill"],"picked":"SKIP","floor":25},{"not_picked":["Hello World","Barrage"],"picked":"Coolheaded","floor":30},{"not_picked":["Turbo","Conserve Battery"],"picked":"Buffer","floor":31},{"not_picked":["Core Surge","Amplify"],"picked":"Creative AI","floor":33},{"not_picked":["Gash+1","Compile Driver","Beam Cell+1"],"picked":"SKIP","floor":35},{"not_picked":["Steam+1","Stack","Leap"],"picked":"SKIP","floor":39},{"not_picked":["BootSequence+1","Turbo"],"picked":"Echo Form","floor":40},{"not_picked":["Conserve Battery+1","Static Discharge"],"picked":"Undo+1","floor":42},{"not_picked":["Rip and Tear","Hologram"],"picked":"White Noise+1","floor":44},{"not_picked":["Redo+1","Leap+1","Static Discharge+1"],"picked":"SKIP","floor":46},{"not_picked":["Steam Power","Barrage","Leap"],"picked":"SKIP","floor":48},{"not_picked":["Genetic Algorithm+1","Rebound+1"],"picked":"Turbo+1","floor":54}],"player_experience":1560097,"relics_obtained":[{"floor":7,"key":"Blood Vial"},{"floor":9,"key":"Strawberry"},{"floor":14,"key":"CeramicFish"},{"floor":25,"key":"Blue Candle"},{"floor":26,"key":"Torii"},{"floor":30,"key":"Bag of Marbles"},{"floor":40,"key":"InkBottle"},{"floor":44,"key":"Potion Belt"},{"floor":54,"key":"Bottled Tornado"}],"event_choices":[{"damage_healed":0,"gold_gain":0,"player_choice":"Success","damage_taken":18,"relics_obtained":["Meat on the Bone"],"max_hp_gain":0,"max_hp_loss":0,"event_name":"Scrap Ooze","floor":2,"gold_loss":0},{"damage_healed":0,"gold_gain":175,"player_choice":"AGREE","damage_taken":0,"max_hp_gain":0,"max_hp_loss":0,"event_name":"Liars Game","floor":3,"gold_loss":0,"cards_obtained":["Doubt"]},{"damage_healed":0,"gold_gain":0,"player_choice":"Grow","damage_taken":0,"max_hp_gain":0,"max_hp_loss":0,"event_name":"Living Wall","floor":4,"gold_loss":0,"cards_upgraded":["Defragment"]},{"damage_healed":0,"gold_gain":30,"player_choice":"Searched \u00273\u0027 times","damage_taken":0,"relics_obtained":["Pen Nib"],"max_hp_gain":0,"max_hp_loss":0,"event_name":"Dead Adventurer","floor":11,"gold_loss":0},{"damage_healed":0,"gold_gain":275,"player_choice":"Desecrate","damage_taken":0,"max_hp_gain":0,"max_hp_loss":0,"event_name":"Golden Shrine","floor":21,"gold_loss":0,"cards_obtained":["Regret"]},{"damage_healed":0,"gold_gain":0,"cards_transformed":["Strike_B","Strike_B"],"player_choice":"Became Test Subject","damage_taken":0,"max_hp_gain":0,"max_hp_loss":0,"event_name":"Drug Dealer","floor":27,"gold_loss":0,"cards_obtained":["Genetic Algorithm","Amplify"]},{"damage_healed":0,"gold_gain":0,"player_choice":"Ignored","damage_taken":0,"max_hp_gain":0,"max_hp_loss":0,"event_name":"Vampires","floor":28,"gold_loss":0},{"damage_healed":0,"gold_gain":0,"player_choice":"Ignored","damage_taken":0,"max_hp_gain":0,"max_hp_loss":0,"event_name":"Tomb of Lord Red Mask","floor":36,"gold_loss":0},{"cards_removed":["Amplify"],"damage_healed":0,"gold_gain":0,"player_choice":"Removed Skill","damage_taken":0,"max_hp_gain":0,"max_hp_loss":0,"event_name":"Falling","floor":37,"gold_loss":0},{"damage_healed":0,"gold_gain":0,"player_choice":"Copied","damage_taken":0,"max_hp_gain":0,"max_hp_loss":0,"event_name":"Duplicator","floor":38,"gold_loss":0,"cards_obtained":["Echo Form"]}],"is_beta":false,"boss_relics":[{"not_picked":["Fusion Hammer","Runic Pyramid"],"picked":"Tiny House"},{"not_picked":["Nuclear Battery","Inserter"],"picked":"Snecko Eye"}],"items_purged_floors":[12,24,45],"is_endless":false,"potions_floor_spawned":[11,14,16,22,25,31,39,40,42,54],"ascension_level":2}}