{"host":"qgrlfjrqk9z96gfi","time":1609452783,"event":{"mods":["BaseMod","Block Reminder","Colored Map","DeckTracker","Minty Spire (QoL Compilation)"],"gold_per_floor":[109,109,122,3,78,109,109,137,137,137,151,170,170,122,122,196,196,207,207,207,225,225,225],"floor_reached":22,"playtime":602,"items_purged":["Strike_G"],"score":488,"play_id":"6f9cffcc-0c5d-40bf-aba2-26516abdfb20","local_time":"20201231121303","is_ascension_mode":true,"campfire_choices":[{"data":"Deadly Poison","floor":7,"key":"SMITH"},{"floor":10,"key":"REST"},{"data":"Catalyst","floor":13,"key":"SMITH"},{"data":"Bouncing Flask","floor":15,"key":"SMITH"}],"circlet_count":0,"master_deck":["AscendersBane","Strike_G","Strike_G","Strike_G","Strike_G","Defend_G","Defend_G","Defend_G","Defend_G","Defend_G","Survivor","Neutralize","Flying Knee","Deadly Poison+1","Catalyst+1","Die Die Die","PiercingWail","Quick Slash","Bouncing Flask+1","Wraith Form v2+1","Acrobatics"],"relics":["Ring of the Snake","NeowsBlessing","Tingsha","Torii","Letter Opener","Question Card","HoveringKite"],"acts_visited":["Exordium","TheCity"],"potions_floor_usage":[16,16,22],"damage_taken":[{"damage":0,"enemies":"Cultist","floor":1,"turns":1},{"damage":0,"enemies":"Small Slimes","floor":3,"turns":1},{"damage":0,"enemies":"Gremlin Nob","floor":6,"turns":1},{"damage":29,"enemies":"3 Sentries","floor":8,"turns":10},{"damage":1,"enemies":"Jaw Worm","floor":11,"turns":3},{"damage":0,"enemies":"Gremlin Gang","floor":12,"turns":3},{"damage":15,"enemies":"Exordium Thugs","floor":14,"turns":5},{"damage":3,"enemies":"The Guardian","floor":16,"turns":7},{"damage":17,"enemies":"3 Byrds","floor":18,"turns":6},{"damage":0,"enemies":"Chosen","floor":21,"turns":3},{"damage":49,"enemies":"3 Cultists","floor":22,"turns":6}],"seed_played":"-8777180611221903775","potions_obtained":[{"floor":6,"key":"SpeedPotion"},{"floor":8,"key":"GhostInAJar"},{"floor":11,"key":"PowerPotion"},{"floor":16,"key":"SteroidPotion"},{"floor":21,"key":"BlessingOfTheForge"}],"is_trial":false,"path_per_floor":["M","T","M","$","?","E","R","E","T","R","M","M","R","M","R","B",null,"M","?","?","M","M"],"character_chosen":"THE_SILENT","items_purchased":["Catalyst"],"campfire_rested":1,"item_purchase_floors":[4],"current_hp_per_floor":[59,59,59,59,48,48,48,19,19,38,37,37,37,22,22,19,54,37,37,37,37,0,0],"gold":225,"neow_bonus":"THREE_ENEMY_KILL","is_daily":false,"chose_seed":false,"campfire_upgraded":3,"win_rate":0.0,"timestamp":1609452783,"path_taken":["M","?","M","?","?","E","R","E","T","R","M","M","R","M","R","BOSS","M","?","?","M","M"],"items_purchased_type":["Card"],"build_version":"2020-12-22","purchased_purges":1,"victory":false,"max_hp_per_floor":[66,66,66,66,66,66,66,66,66,66,66,66,66,66,66,66,66,66,66,66,66,66,66],"card_choices":[{"not_picked":["Bane","Dodge and Roll"],"picked":"Flying Knee","floor":1},{"not_picked":["Distraction","Well Laid Plans"],"picked":"Deadly Poison","floor":3},{"not_picked":["Dagger Spray","Skewer"],"picked":"Die Die Die","floor":6},{"not_picked":["Underhanded Strike","Storm of Steel"],"picked":"PiercingWail","floor":8},{"not_picked":["Deflect","Dagger Spray","Choke"],"picked":"Quick Slash","floor":11},{"not_picked":["Flying Knee","Prepared","Infinite Blades","Masterful Stab"],"picked":"SKIP","floor":12},{"not_picked":["Bane","Blade Dance","Tools of the Trade"],"picked":"Bouncing Flask","floor":14},{"not_picked":["Doppelganger","Glass Knife","After Image"],"picked":"Wraith Form v2","floor":16},{"not_picked":["Riddle With Holes","Deflect+1","Prepared"],"picked":"Acrobatics","floor":18},{"not_picked":["Cloak And Dagger","Underhanded Strike","Flying Knee","Riddle With Holes"],"picked":"SKIP","floor":21}],"player_experience":948166,"relics_obtained":[{"floor":2,"key":"Tingsha"},{"floor":6,"key":"Torii"},{"floor":8,"key":"Letter Opener"},{"floor":9,"key":"Question Card"}],"event_choices":[{"damage_healed":0,"gold_gain":75,"player_choice":"Gather Gold","damage_taken":11,"max_hp_gain":0,"max_hp_loss":0,"event_name":"World of Goop","floor":5,"gold_loss":0},{"damage_healed":0,"gold_gain":0,"player_choice":"Ignored","damage_taken":0,"max_hp_gain":0,"max_hp_loss":0,"event_name":"The Mausoleum","floor":19,"gold_loss":0},{"damage_healed":0,"gold_gain":0,"player_choice":"Upgraded","damage_taken":0,"max_hp_gain":0,"max_hp_loss":0,"event_name":"Upgrade Shrine","floor":20,"gold_loss":0,"cards_upgraded":["Wraith Form v2"]}],"is_beta":false,"boss_relics":[{"not_picked":["SacredBark","Coffee Dripper"],"picked":"HoveringKite"}],"items_purged_floors":[4],"is_endless":false,"potions_floor_spawned":[6,8,11,12,16,21],"killed_by":"3 Cultists","ascension_level":20}}