{"host":"at64dhdf9kc8hjax","time":1609394555,"event":{"mods":["Act Like it!","BaseMod","Dota2Spire","Friendly Minions","Gensokyo","Highlight Path","Minty Spire (QoL Compilation)","Quick Restart","RumiaBox-露米娅的神秘盒子","Spicy Shops","StSLib","SuperFastMode","【遗物卡牌】REMEMod"],"gold_per_floor":[109,126,136,86,86,86,119,119,166,207,272,272,71,88,88,218,218,231,272,291,332,332,332,394,422,434,446,514,526,552,604,616,763,775,801,830,891,903,965,977,1004,1016,1055,1067,1126,1138,420,420,420,420],"floor_reached":51,"playtime":3925,"items_purged":["Regret","Strike_G","Strike_G","Strike_G"],"score":1147,"play_id":"ddd35d6b-4587-41c2-a376-fa635f49d0c6","local_time":"20201231140235","is_ascension_mode":true,"campfire_choices":[{"data":"Prepared","floor":6.0,"key":"SMITH"},{"data":"Gensokyo:HouraiInAPot","floor":8.0,"key":"SMITH"},{"data":"Neutralize","floor":12.0,"key":"SMITH"},{"data":"Noxious Fumes","floor":15.0,"key":"SMITH"},{"data":"Envenom","floor":23.0,"key":"SMITH"},{"data":"Prepared","floor":29.0,"key":"SMITH"},{"data":"REME_GreenPollution","floor":32.0,"key":"SMITH"},{"data":"Prepared","floor":40.0,"key":"SMITH"},{"data":"Well Laid Plans","floor":42.0,"key":"SMITH"},{"data":"Bane","floor":44.0,"key":"SMITH"},{"data":"Choke","floor":49.0,"key":"SMITH"}],"circlet_count":0,"master_deck":["Strike_G","Strike_G","Defend_G+1","Defend_G","Defend_G","Defend_G","Survivor","Neutralize+1","Gensokyo:HouraiInAPot+1","Cloak And Dagger","Prepared+1","Underhanded Strike","Noxious Fumes+1","Underhanded Strike","After Image","REME_GreenPollution+1","Envenom+1","Bane+1","Prepared+1","Acrobatics+1","Corpse Explosion","Prepared+1","Acrobatics","Well Laid Plans+1","Choke+1"],"relics":["Ring of the Snake","REME_ComplimentaryCards","ZombieArmy","Dota2Spire:ArmletOfMordiggian","Strawberry","Dota2Spire:HandOfMidas","Dota2Spire:PhaseBoots","Dota2Spire:RefresherOrb","MawBank","Pen Nib","Boot","REME_LowDesire","Regal Pillow","Dota2Spire:LotusOrb","Dota2Spire:UrnOfShadows","Toy Ornithopter","Membership Card","PreservedInsect","REME_HandOfSuture","Vajra","REME_CardOfGreed","War Paint","Dota2Spire:LinkenSphere"],"acts_visited":["Exordium","TheCity","TheBeyond"],"potions_floor_usage":[],"damage_taken":[{"damage":0.0,"enemies":"2 Louse","floor":1.0,"turns":2.0},{"damage":0.0,"enemies":"Small Slimes","floor":2.0,"turns":3.0},{"damage":0.0,"enemies":"Jaw Worm","floor":3.0,"turns":3.0},{"damage":5.0,"enemies":"3 Sentries","floor":7.0,"turns":9.0},{"damage":0.0,"enemies":"Looter","floor":10.0,"turns":3.0},{"damage":3.0,"enemies":"Lagavulin","floor":11.0,"turns":6.0},{"damage":0.0,"enemies":"Lots of Slimes","floor":14.0,"turns":3.0},{"damage":4.0,"enemies":"The Guardian","floor":16.0,"turns":8.0},{"damage":0.0,"enemies":"3 Byrds","floor":18.0,"turns":4.0},{"damage":1.0,"enemies":"Chosen","floor":19.0,"turns":3.0},{"damage":0.0,"enemies":"Sentry and Sphere","floor":20.0,"turns":4.0},{"damage":7.0,"enemies":"Centurion and Healer","floor":21.0,"turns":3.0},{"damage":0.0,"enemies":"Book of Stabbing","floor":24.0,"turns":5.0},{"damage":12.0,"enemies":"3 Cultists","floor":25.0,"turns":4.0},{"damage":8.0,"enemies":"REME_1_Revenger","floor":28.0,"turns":4.0},{"damage":8.0,"enemies":"Shelled Parasite and Fungi","floor":30.0,"turns":4.0},{"damage":0.0,"enemies":"Centurion and Healer","floor":31.0,"turns":3.0},{"damage":1.0,"enemies":"Automaton","floor":33.0,"turns":5.0},{"damage":7.0,"enemies":"3 Shapes","floor":35.0,"turns":2.0},{"damage":0.0,"enemies":"Orb Walker","floor":36.0,"turns":2.0},{"damage":8.0,"enemies":"Spire Growth","floor":37.0,"turns":3.0},{"damage":0.0,"enemies":"Transient","floor":39.0,"turns":5.0},{"damage":0.0,"enemies":"Jaw Worm Horde","floor":41.0,"turns":2.0},{"damage":2,"enemies":"Donu and Deca","floor":50,"turns":1}],"seed_played":"2792399168089072636","potions_obtained":[{"floor":3.0,"key":"GhostInAJar"},{"floor":7.0,"key":"Dota2Spire:Clarity"},{"floor":10.0,"key":"Block Potion"},{"floor":14.0,"key":"Dexterity Potion"},{"floor":24.0,"key":"FearPotion"},{"floor":27.0,"key":"LiquidMemories"},{"floor":27.0,"key":"FairyPotion"},{"floor":28.0,"key":"FearPotion"},{"floor":30.0,"key":"Dota2Spire:HealingSalve"},{"floor":31.0,"key":"EntropicBrew"},{"floor":33.0,"key":"Block Potion"},{"floor":39.0,"key":"LiquidMemories"},{"floor":41.0,"key":"SkillPotion"}],"is_trial":false,"path_per_floor":["M","M","M","?","?","R","E","R","T","M","E","R","$","M","R","B",null,"M","M","M","M","?","R","E","M","T","?","E","R","M","M","R","B",null,"M","M","M","?","M","R","M","R","T","R","T","?","$","T","R","B",null],"character_chosen":"THE_SILENT","items_purchased":["Underhanded Strike","Membership Card","PreservedInsect","REME_HandOfSuture","Vajra","REME_CardOfGreed","War Paint","Choke","GamblersBrew"],"campfire_rested":0,"item_purchase_floors":[13,47,47,47,47,47,47,47,47],"current_hp_per_floor":[63,63,63,63,63,63,65,65,65,65,62,62,62,62,62,58,72,72,71,71,64,64,64,64,52,52,52,44,44,36,45,45,44,69,62,62,54,54,54,54,54,54,54,54,54,54,54,54,54,55],"gold":420,"neow_bonus":"RANDOM_COMMON_RELIC","is_daily":false,"chose_seed":false,"campfire_upgraded":11,"win_rate":0.0,"timestamp":1609394555,"path_taken":["M","M","M","?","?","R","E","R","T","M","E","R","?","M","R","BOSS","M","M","M","M","?","R","E","?","T","?","E","R","M","M","R","BOSS","M","M","M","?","M","R","?","R","T","R","?","?","$","?","R","BOSS"],"items_purchased_type":["Card","Relic","Relic","Relic","Relic","Relic","Relic","Card","Potion"],"build_version":"2020-12-22","purchased_purges":4,"victory":true,"max_hp_per_floor":[70,70,70,70,70,70,77,77,77,77,77,77,77,77,77,77,77,77,77,77,77,77,77,77,77,77,77,77,77,77,77,77,77,77,77,77,77,77,77,77,77,77,77,77,77,77,77,77,77,77],"card_choices":[{"not_picked":["Slice","Infinite Blades"],"picked":"Cloak And Dagger","floor":1.0},{"not_picked":["Underhanded Strike","Distraction"],"picked":"Prepared","floor":2.0},{"not_picked":["Slice","Bouncing Flask","Deflect"],"picked":"SKIP","floor":3.0},{"not_picked":["Flying Knee","Prepared"],"picked":"Underhanded Strike","floor":7.0},{"not_picked":["Escape Plan","Predator"],"picked":"Noxious Fumes","floor":10.0},{"not_picked":["Sucker Punch","Endless Agony"],"picked":"Dagger Throw","floor":11.0},{"not_picked":["Outmaneuver","Deadly Poison","Backflip"],"picked":"SKIP","floor":14.0},{"not_picked":["Doppelganger","Burst"],"picked":"After Image","floor":16.0},{"not_picked":["Reflex","Accuracy"],"picked":"REME_GreenPollution","floor":18.0},{"not_picked":["Deflect","Dodge and Roll","Quick Slash"],"picked":"SKIP","floor":19.0},{"not_picked":["Dagger Throw+1","Dodge and Roll+1","Dash"],"picked":"SKIP","floor":20.0},{"not_picked":["Dagger Spray+1","Concentrate"],"picked":"Envenom","floor":21.0},{"not_picked":["Deflect+1","Quick Slash"],"picked":"Bane","floor":24.0},{"not_picked":["Deflect+1","Infinite Blades","Caltrops+1"],"picked":"SKIP","floor":25.0},{"not_picked":["Deflect+1","Masterful Stab"],"picked":"Prepared","floor":28.0},{"not_picked":["Expertise","Grand Finale"],"picked":"Acrobatics","floor":30.0},{"not_picked":["Sucker Punch","Bane","Underhanded Strike"],"picked":"SKIP","floor":31.0},{"not_picked":["Doppelganger","REME_CopyPotion"],"picked":"Corpse Explosion","floor":33.0},{"not_picked":["Cloak And Dagger+1","Deadly Poison+1","REME_AllRoundStrike"],"picked":"Prepared","floor":35.0},{"not_picked":["Leg Sweep+1","Tactician+1","Apotheosis"],"picked":"Acrobatics","floor":36.0},{"not_picked":["Backflip","Bouncing Flask+1","Accuracy+1","REME_BattleFury"],"picked":"SKIP","floor":37.0},{"not_picked":["Quick Slash+1","Sucker Punch+1","Prepared","REME_ShortnessOfBreath"],"picked":"SKIP","floor":39.0},{"not_picked":["Choke","Quick Slash","Bandage Up"],"picked":"Well Laid Plans","floor":41.0}],"player_experience":207161,"relics_obtained":[{"floor":7.0,"key":"Strawberry"},{"floor":9.0,"key":"Dota2Spire:HandOfMidas"},{"floor":11.0,"key":"Dota2Spire:PhaseBoots"},{"floor":24.0,"key":"MawBank"},{"floor":26.0,"key":"Pen Nib"},{"floor":28.0,"key":"Boot"},{"floor":34.0,"key":"Regal Pillow"},{"floor":34.0,"key":"Dota2Spire:LotusOrb"},{"floor":43.0,"key":"Dota2Spire:UrnOfShadows"},{"floor":45.0,"key":"Toy Ornithopter"},{"floor":48.0,"key":"Dota2Spire:LinkenSphere"}],"event_choices":[{"cards_removed":["Defend_G"],"damage_healed":0.0,"max_hp_gain":0.0,"max_hp_loss":0.0,"gold_gain":0.0,"event_name":"The Cleric","player_choice":"Card Removal","floor":4.0,"gold_loss":50.0,"damage_taken":0.0},{"damage_healed":0.0,"max_hp_gain":0.0,"max_hp_loss":0.0,"gold_gain":0.0,"event_name":"Big Fish","player_choice":"Box","floor":5.0,"gold_loss":0.0,"damage_taken":0.0,"relics_obtained":["Dota2Spire:ArmletOfMordiggian"],"cards_obtained":["Regret"]},{"damage_healed":0.0,"max_hp_gain":0.0,"max_hp_loss":0.0,"gold_gain":0.0,"event_name":"WeMeetAgain","player_choice":"Ignored","floor":22.0,"gold_loss":0.0,"damage_taken":0.0},{"damage_healed":0.0,"max_hp_gain":0.0,"max_hp_loss":0.0,"gold_gain":0.0,"event_name":"Lab","player_choice":"Got Potions","floor":27.0,"gold_loss":0.0,"damage_taken":0.0},{"damage_healed":0.0,"max_hp_gain":0.0,"max_hp_loss":0.0,"gold_gain":0.0,"event_name":"Match and Keep!","player_choice":"0 cards matched","floor":38.0,"gold_loss":0.0,"damage_taken":0.0,"cards_obtained":[]},{"cards_removed":["Dagger Throw"],"damage_healed":0.0,"max_hp_gain":0.0,"max_hp_loss":0.0,"gold_gain":0.0,"event_name":"Falling","player_choice":"Removed Attack","floor":46.0,"gold_loss":0.0,"damage_taken":0.0}],"is_beta":false,"boss_relics":[{"not_picked":["Runic Pyramid","SoulBox"],"picked":"Dota2Spire:RefresherOrb"},{"not_picked":["SlaversCollar","Ring of the Serpent"],"picked":"REME_LowDesire"}],"items_purged_floors":[13,13,47,47],"is_endless":false,"potions_floor_spawned":[3,7,10,14,24,28,30,31,33,39,41],"ascension_level":9}}