{"host":"hdafziggwnbzqpcb","time":1609397045,"event":{"mods":["BaseMod","Better Vampires","Colored Map","Colored Powertips","Curses Come First","Duelist Mod","GifTheSpireLib","Hero for Fun","Minty Spire (QoL Compilation)","Quick Restart","Rare Cards Sparkle","Relic Stats","Spicy Shops","StSLib","The Bug Knight","The Cursed","The Marked","The Senshi","The Wild Card","TheHero"],"gold_per_floor":[114,39,52,52,152,152,183,183,265,277,25,60,60,73,73,170,170,186,101,113,132,7,7,17,17,17,17,17,117,147,161,161,264,264,277,293,343,343,354,388,401,413,413,440,452,476,192,192,192,192],"floor_reached":51,"playtime":4809,"items_purged":["theMarked:Frustration","theMarked:HeightenedSenses","theMarked:HeightenedSenses"],"score":785,"play_id":"f01e9571-9903-42c9-bbcd-d3b65e8b906f","local_time":"20201230224405","daily_mods":["SealedDeck","Heirloom"],"is_ascension_mode":false,"campfire_choices":[{"data":"theMarked:Generate","floor":6.0,"key":"SMITH"},{"data":"theMarked:Seal","floor":8.0,"key":"SMITH"},{"data":"theMarked:WardOff","floor":13.0,"key":"SMITH"},{"data":"theMarked:HeritageOfTheMarked","floor":15.0,"key":"SMITH"},{"data":"theMarked:Polarize","floor":23.0,"key":"SMITH"},{"data":"theMarked:EnhanceMovement","floor":25.0,"key":"SMITH"},{"data":"theMarked:Convert","floor":32.0,"key":"SMITH"},{"floor":45.0,"key":"REST"},{"data":"theMarked:Abjuration","floor":49.0,"key":"SMITH"}],"circlet_count":0,"master_deck":["theMarked:Convert+1","theMarked:Seal+1","theMarked:HeritageOfTheMarked+1","theMarked:WardOff+1","theMarked:ShockingTouch","theMarked:PowerFlow","theMarked:Generate+1","theMarked:BanishingStrike","theMarked:RepellingDischarge","theWildCard:Michael","theMarked:EnhanceMovement+1","theMarked:DeterminationOfTheMarked","theMarked:HeritageOfTheMarked+1","theMarked:Abjuration+1"],"relics":["theMarked:ArtifactOfAir","Prayer Wheel","Torii","Darkstone Periapt","Oddly Smooth Stone","MealTicket","Black Star","Akabeko","Matryoshka","Lizard Tail","theSenshi:SuperSailorFukuRelic","theMarked:Gun","HollowMod:LifeEnderRelic","SlaversCollar","Gambling Chip","Ornamental Fan","Happy Flower","PreservedInsect","Gremlin Horn","MawBank","Thread and Needle","theMarked:DemonDagger","ClockworkSouvenir"],"acts_visited":["Exordium","TheCity","TheBeyond"],"potions_floor_usage":[50,50,50,50],"damage_taken":[{"damage":1.0,"enemies":"Jaw Worm","floor":1.0,"turns":3.0},{"damage":0.0,"enemies":"Small Slimes","floor":3.0,"turns":3.0},{"damage":5.0,"enemies":"3 Sentries","floor":7.0,"turns":5.0},{"damage":0.0,"enemies":"Cultist","floor":10.0,"turns":2.0},{"damage":0.0,"enemies":"Gremlin Nob","floor":12.0,"turns":3.0},{"damage":1.0,"enemies":"3 Louse","floor":14.0,"turns":3.0},{"damage":19.0,"enemies":"Hexaghost","floor":16.0,"turns":6.0},{"damage":1.0,"enemies":"Shell Parasite","floor":18.0,"turns":3.0},{"damage":9.0,"enemies":"Sentry and Sphere","floor":20.0,"turns":4.0},{"damage":1.0,"enemies":"Snake Plant","floor":21.0,"turns":3.0},{"damage":2.0,"enemies":"Chosen and Byrds","floor":24.0,"turns":4.0},{"damage":20.0,"enemies":"Colosseum Slavers","floor":29.0,"turns":3.0},{"damage":25.0,"enemies":"Colosseum Nobs","floor":29.0,"turns":3.0},{"damage":34.0,"enemies":"Book of Stabbing","floor":30.0,"turns":4.0},{"damage":10.0,"enemies":"3 Cultists","floor":31.0,"turns":4.0},{"damage":0.0,"enemies":"Collector","floor":33.0,"turns":5.0},{"damage":13.0,"enemies":"3 Shapes","floor":35.0,"turns":4.0},{"damage":8.0,"enemies":"3 Darklings","floor":36.0,"turns":3.0},{"damage":2.0,"enemies":"Mind Bloom Boss Battle","floor":37.0,"turns":4.0},{"damage":1.0,"enemies":"Spire Growth","floor":39.0,"turns":4.0},{"damage":33.0,"enemies":"Reptomancer","floor":40.0,"turns":5.0},{"damage":1.0,"enemies":"Maw","floor":41.0,"turns":5.0},{"damage":0.0,"enemies":"3 Darklings","floor":42.0,"turns":3.0},{"damage":0.0,"enemies":"Nemesis","floor":44.0,"turns":3.0},{"damage":0.0,"enemies":"Writhing Mass","floor":46.0,"turns":4.0},{"damage":53,"enemies":"Awakened One","floor":50,"turns":7}],"seed_played":"-2129392963976316804","potions_obtained":[{"floor":1.0,"key":"SteroidPotion"},{"floor":10.0,"key":"LiquidBronze"},{"floor":14.0,"key":"SneckoOil"},{"floor":16.0,"key":"Strength Potion"},{"floor":20.0,"key":"FearPotion"},{"floor":24.0,"key":"PowerPotion"},{"floor":30.0,"key":"FairyPotion"},{"floor":41.0,"key":"EntropicBrew"}],"is_trial":true,"path_per_floor":["M","$","M","?","?","R","E","R","T","M","$","E","R","M","R","B",null,"M","?","M","M","$","R","M","R","T","?","?","?","E","M","R","B",null,"M","M","?","?","M","E","M","M","T","E","R","M","$","?","R","B",null],"character_chosen":"THE_DEFAULT","items_purchased":["Oddly Smooth Stone","theMarked:DemonDagger","ClockworkSouvenir"],"campfire_rested":1,"item_purchase_floors":[11,47,47],"current_hp_per_floor":[69,69,69,69,69,69,64,64,64,64,64,64,64,63,63,44,70,69,69,60,59,70,70,68,68,68,68,68,23,35,25,25,25,70,57,49,47,47,46,13,12,12,12,12,33,33,48,48,48,21],"gold":192,"neow_bonus":"","is_daily":false,"chose_seed":false,"campfire_upgraded":8,"win_rate":0.0,"timestamp":1609397045,"path_taken":["M","$","M","?","?","R","E","R","T","M","$","E","R","M","R","BOSS","M","?","M","M","$","R","M","R","T","?","?","?","E","M","R","BOSS","M","M","?","?","M","E","M","?","T","E","R","M","$","?","R","BOSS"],"items_purchased_type":["Relic","Relic","Relic"],"build_version":"2020-12-22","purchased_purges":3,"victory":true,"max_hp_per_floor":[70,70,70,70,70,70,70,70,70,70,70,70,70,70,70,70,70,70,70,70,70,70,70,70,70,70,70,70,70,70,70,70,70,70,70,70,70,70,70,70,70,70,70,70,70,70,70,70,70,70],"relic_stats":{"Darkstone Periapt":0,"Torii":37,"Happy Flower":[7],"Gremlin Horn":[2,3],"counters":[26,96],"PreservedInsect":47,"MawBank":36,"Lizard Tail":35,"Ornamental Fan":[8],"Gambling Chip":[15],"Prayer Wheel":17,"MealTicket":26,"Black Star":3,"obtain_stats":[{"Darkstone Periapt":9,"theSenshi:SuperSailorFukuRelic":29,"theMarked:DemonDagger":47,"theMarked:Gun":30,"HollowMod:LifeEnderRelic":30,"Torii":7,"Happy Flower":40,"Gremlin Horn":43,"Oddly Smooth Stone":11,"Thread and Needle":44,"PreservedInsect":43,"MawBank":44,"Akabeko":19,"ClockworkSouvenir":47,"theMarked:ArtifactOfAir":0,"SlaversCollar":34,"Lizard Tail":29,"Matryoshka":26,"Ornamental Fan":40,"Gambling Chip":37,"Prayer Wheel":0,"MealTicket":12,"Black Star":17},{"Darkstone Periapt":3,"theSenshi:SuperSailorFukuRelic":13,"theMarked:DemonDagger":25,"theMarked:Gun":14,"HollowMod:LifeEnderRelic":14,"Torii":3,"Happy Flower":21,"Gremlin Horn":23,"Oddly Smooth Stone":4,"Thread and Needle":24,"PreservedInsect":23,"MawBank":24,"Akabeko":8,"ClockworkSouvenir":25,"theMarked:ArtifactOfAir":0,"SlaversCollar":16,"Lizard Tail":13,"Matryoshka":11,"Ornamental Fan":21,"Gambling Chip":19,"Prayer Wheel":0,"MealTicket":5,"Black Star":7},{"Darkstone Periapt":11,"theSenshi:SuperSailorFukuRelic":43,"theMarked:DemonDagger":89,"theMarked:Gun":47,"HollowMod:LifeEnderRelic":47,"Torii":11,"Happy Flower":75,"Gremlin Horn":83,"Oddly Smooth Stone":13,"Thread and Needle":86,"PreservedInsect":83,"MawBank":86,"Akabeko":28,"ClockworkSouvenir":89,"theMarked:ArtifactOfAir":0,"SlaversCollar":56,"Lizard Tail":43,"Matryoshka":38,"Ornamental Fan":75,"Gambling Chip":66,"Prayer Wheel":0,"MealTicket":16,"Black Star":25}]},"card_choices":[{"not_picked":["theMarked:ChainLightning","theMarked:WastefulDefense"],"picked":"theMarked:BanishingStrike","floor":1.0},{"not_picked":["theMarked:BanishingStrike","theMarked:MaelstromOfLightning","theMarked:Seal"],"picked":"SKIP","floor":1.0},{"not_picked":["theMarked:ElectricStrings","theMarked:Parry"],"picked":"theMarked:RepellingDischarge","floor":3.0},{"not_picked":["theMarked:Convert","theMarked:SwordAndMagic","theMarked:ParalyzingBlade"],"picked":"SKIP","floor":3.0},{"not_picked":["theMarked:Overthink","theMarked:TwofoldDefense"],"picked":"theMarked:Polarize","floor":7.0},{"not_picked":["theMarked:WastefulDefense","theMarked:ResourceFulStrike"],"picked":"theMarked:EnhanceMovement","floor":10.0},{"not_picked":["theMarked:Parry","theMarked:RepellingDischarge","theMarked:KeepCalmAndFightOn"],"picked":"SKIP","floor":10.0},{"not_picked":["theMarked:EnhanceMovement","theMarked:ThrowWeapon","theMarked:ElectricStrings"],"picked":"SKIP","floor":12.0},{"not_picked":["theMarked:Electrocute","theMarked:ComboAttacks","theMarked:CreepingChasm"],"picked":"SKIP","floor":14.0},{"not_picked":["theMarked:Aftermath","theMarked:WastefulDefense","theMarked:HeightenedSenses"],"picked":"SKIP","floor":14.0},{"not_picked":["theMarked:PowerFlow","theMarked:Parry","theMarked:MaelstromOfLightning"],"picked":"SKIP","floor":18.0},{"not_picked":["theMarked:EmpowerWeapon","theMarked:WastefulDefense","theMarked:Overthink"],"picked":"SKIP","floor":18.0},{"not_picked":["theMarked:ElectricStrings","theMarked:SwordAndMagic+1"],"picked":"theMarked:DeterminationOfTheMarked","floor":20.0},{"not_picked":["theMarked:ComboAttacks","theMarked:Opportunist","theMarked:RogueSparks"],"picked":"SKIP","floor":20.0},{"not_picked":["theMarked:ComboAttacks","theMarked:Opportunist","theMarked:RogueSparks"],"picked":"SKIP","floor":20.0},{"not_picked":["theMarked:WastefulAttack","theMarked:Aftermath","theMarked:SwordAndMagic"],"picked":"SKIP","floor":21.0},{"not_picked":["theMarked:TwofoldDefense","theMarked:BanishingStrike","theMarked:StartUp"],"picked":"SKIP","floor":21.0},{"not_picked":["theMarked:ChainLightning+1","theMarked:Vacuum"],"picked":"theMarked:HeritageOfTheMarked+1","floor":24.0},{"not_picked":["theMarked:MaelstromOfLightning","theMarked:WardOff","theMarked:Generate"],"picked":"SKIP","floor":24.0},{"not_picked":["theMarked:MaelstromOfLightning","theMarked:WardOff","theMarked:Generate"],"picked":"SKIP","floor":24.0},{"not_picked":["theMarked:Reabsorb","theMarked:Static","theMarked:Parry"],"picked":"SKIP","floor":30.0},{"not_picked":["theMarked:StartUp+1","theMarked:Convert","theMarked:Panic+1"],"picked":"SKIP","floor":31.0},{"not_picked":["theMarked:Frustration","theMarked:ComboAttacks","theMarked:UnarmedFury"],"picked":"SKIP","floor":31.0},{"not_picked":["theMarked:Aftermath+1","theMarked:DeterminationOfTheMarked+1","theMarked:EmpowerWeapon"],"picked":"SKIP","floor":35.0},{"not_picked":["theMarked:WastefulDefense+1","theMarked:WastefulAttack+1","theMarked:Frustration+1"],"picked":"SKIP","floor":35.0},{"not_picked":["theMarked:HeightenedSenses","theMarked:Generate","theMarked:Aftermath"],"picked":"SKIP","floor":36.0},{"not_picked":["theMarked:Improvise+1","theMarked:Panic","theMarked:RepellingDischarge+1"],"picked":"SKIP","floor":36.0},{"not_picked":["theMarked:BanishingStrike+1","theMarked:EnhancedHearing","theMarked:WastefulDefense+1"],"picked":"SKIP","floor":39.0},{"not_picked":["theMarked:Polarize","theMarked:WardOff+1","theMarked:SoldierForm"],"picked":"SKIP","floor":39.0},{"not_picked":["theMarked:UnarmedFury","theMarked:Seal","theMarked:SwordAndMagic"],"picked":"SKIP","floor":40.0},{"not_picked":["theMarked:TwofoldDefense+1","theMarked:RepellingDischarge+1","theMarked:Polarize+1"],"picked":"SKIP","floor":41.0},{"not_picked":["theMarked:EnhanceMovement+1","theMarked:Aftermath","theMarked:Parry"],"picked":"SKIP","floor":41.0},{"not_picked":["theMarked:KeepCalmAndFightOn+1","theMarked:EmpowerWeapon+1","theMarked:PowerFlow"],"picked":"SKIP","floor":42.0},{"not_picked":["theMarked:ReduceFriction+1","theMarked:RepellingDischarge","theMarked:ParalyzingBlade"],"picked":"SKIP","floor":42.0},{"not_picked":["theMarked:Improvise+1","theMarked:Parkour","theMarked:Aftermath"],"picked":"SKIP","floor":44.0},{"not_picked":["theMarked:HeritageOfTheMarked+1","theMarked:TunnelVision","theMarked:EmpowerWeapon+1"],"picked":"SKIP","floor":46.0},{"not_picked":["theMarked:KeepCalmAndFightOn","theMarked:TwofoldDefense+1","theMarked:AttractMetal+1"],"picked":"SKIP","floor":46.0}],"player_experience":694448,"relics_obtained":[{"floor":7.0,"key":"Torii"},{"floor":9.0,"key":"Darkstone Periapt"},{"floor":12.0,"key":"MealTicket"},{"floor":26.0,"key":"Matryoshka"},{"floor":29.0,"key":"Lizard Tail"},{"floor":29.0,"key":"theSenshi:SuperSailorFukuRelic"},{"floor":30.0,"key":"theMarked:Gun"},{"floor":30.0,"key":"HollowMod:LifeEnderRelic"},{"floor":37.0,"key":"Gambling Chip"},{"floor":40.0,"key":"Ornamental Fan"},{"floor":40.0,"key":"Happy Flower"},{"floor":43.0,"key":"PreservedInsect"},{"floor":43.0,"key":"Gremlin Horn"},{"floor":44.0,"key":"MawBank"},{"floor":44.0,"key":"Thread and Needle"}],"event_choices":[{"damage_healed":0.0,"max_hp_gain":0.0,"max_hp_loss":0.0,"gold_gain":100.0,"event_name":"Golden Shrine","player_choice":"Pray","floor":5.0,"gold_loss":0.0,"damage_taken":0.0},{"damage_healed":0.0,"max_hp_gain":0.0,"max_hp_loss":0.0,"gold_gain":0.0,"event_name":"Addict","player_choice":"Obtained Relic","floor":19.0,"gold_loss":85.0,"damage_taken":0.0,"relics_obtained":["Akabeko"]},{"damage_healed":0.0,"max_hp_gain":0.0,"max_hp_loss":0.0,"gold_gain":0.0,"event_name":"The Mausoleum","player_choice":"Ignored","floor":27.0,"gold_loss":0.0,"damage_taken":0.0},{"damage_healed":0.0,"max_hp_gain":0.0,"max_hp_loss":0.0,"gold_gain":0.0,"event_name":"Vampires","player_choice":"Ignored","floor":28.0,"gold_loss":0.0,"damage_taken":0.0},{"damage_healed":0.0,"max_hp_gain":0.0,"max_hp_loss":0.0,"gold_gain":0.0,"event_name":"Colosseum","player_choice":"Fight","floor":29.0,"gold_loss":0.0,"damage_taken":0.0},{"damage_healed":0.0,"max_hp_gain":0.0,"max_hp_loss":0.0,"gold_gain":0.0,"event_name":"Colosseum","player_choice":"Fought Nobs","floor":29.0,"gold_loss":0.0,"damage_taken":0.0},{"damage_healed":0.0,"max_hp_gain":0.0,"max_hp_loss":0.0,"gold_gain":0.0,"event_name":"MindBloom","player_choice":"Fight","floor":37.0,"gold_loss":0.0,"damage_taken":0.0},{"damage_healed":0.0,"max_hp_gain":0.0,"max_hp_loss":0.0,"gold_gain":0.0,"cards_transformed":["theMarked:Polarize"],"event_name":"Transmorgrifier","player_choice":"Transformed","floor":38.0,"gold_loss":0.0,"damage_taken":0.0,"cards_obtained":["theMarked:Abjuration"]},{"damage_healed":0.0,"max_hp_gain":0.0,"max_hp_loss":0.0,"gold_gain":0.0,"event_name":"Duplicator","player_choice":"Ignored","floor":48.0,"gold_loss":0.0,"damage_taken":0.0}],"is_beta":false,"boss_relics":[{"not_picked":["SacredBark","Cursed Key"],"picked":"Black Star"},{"not_picked":["Philosopher\u0027s Stone","theMarked:Eyepatch"],"picked":"SlaversCollar"}],"items_purged_floors":[2,11,22],"is_endless":false,"potions_floor_spawned":[1,10,14,16,20,24,30,36,39,41,42],"ascension_level":0}}