{"host":"ljavmhyz2e552xgo","time":1609404678,"event":{"mods":["BaseMod","Better Third Choice","Friendly Minions","GungeonMod","Minty Spire (QoL Compilation)","Permanent Neow","Spicy Shops","StSLib"],"gold_per_floor":[209,224,1,1,1,1,29,29,29,49,49,49,60,74,74,185,185,202,216,216,0,0,35,35,45,45,45,62,81,81,96,96,200,200,219,290,290,309,309,309,347,358,383,383,394,405,420,455,455,455],"floor_reached":51,"playtime":3422,"items_purged":[],"score":858,"play_id":"4821f271-2454-4d82-9b25-11cac225ada5","local_time":"20201231025118","is_ascension_mode":false,"campfire_choices":[{"data":"DemoMod:ManualReload","floor":6.0,"key":"SMITH"},{"data":"DemoMod:ConditionalReflex","floor":8.0,"key":"SMITH"},{"data":"DemoMod:PotionOfGunFriendShip","floor":12.0,"key":"SMITH"},{"data":"DemoMod:Elimentaler","floor":15.0,"key":"SMITH"},{"data":"DemoMod:SpreadAmmo","floor":24.0,"key":"SMITH"},{"data":"DemoMod:GunslingerForm","floor":27.0,"key":"SMITH"},{"data":"DemoMod:FastSwitch","floor":32.0,"key":"SMITH"},{"data":"DemoMod:SuppressiveFire","floor":40.0,"key":"SMITH"},{"data":"DemoMod:Strike_Huntress","floor":44.0,"key":"PURGE"},{"data":"Parasite","floor":49.0,"key":"PURGE"}],"circlet_count":0,"master_deck":["DemoMod:Strike_Huntress","DemoMod:Defend_Huntress","DemoMod:Defend_Huntress","DemoMod:Defend_Huntress","DemoMod:Defend_Huntress","DemoMod:Roll","DemoMod:ManualReload+1","DemoMod:RustySidearm","DemoMod:CrossBow","DemoMod:MegaHand","DemoMod:ConditionalReflex+1","DemoMod:TableSutra+1","DemoMod:ThirdPartyController","DemoMod:HardPowerCard","DemoMod:PotionOfGunFriendShip+1","DemoMod:Elimentaler+1","DemoMod:AbyssalTentacle","DemoMod:FullFirepower+1","DemoMod:Evolver","Ghostly","Ghostly","Ghostly","Ghostly","Ghostly","DemoMod:SpreadAmmo+1","DemoMod:GunslingerForm+1","DemoMod:FortunesFavor+1","DemoMod:FastSwitch+1","DemoMod:ProbeStrike+1","DemoMod:SuppressiveFire+1","DemoMod:Replace+1","DemoMod:FortunesFavor+1","DemoMod:DoubleVision"],"relics":["DemoMod:Dog","DemoMod:PortableTableDevice","DemoMod:HoleyGrail","Peace Pipe","Centennial Puzzle","Happy Flower","DemoMod:Test1","Torii","Pen Nib","DemoMod:DecoyRelic","Pantograph","DemoMod:RiddleOfLead","FossilizedHelix","Vajra","DemoMod:GlassGuonStoneRelic","Shuriken"],"acts_visited":["Exordium","TheCity","TheBeyond"],"potions_floor_usage":[50],"damage_taken":[{"damage":0.0,"enemies":"Jaw Worm","floor":1.0,"turns":5.0},{"damage":0.0,"enemies":"2 Louse","floor":2.0,"turns":3.0},{"damage":1.0,"enemies":"Gremlin Nob","floor":7.0,"turns":4.0},{"damage":0.0,"enemies":"Small Slimes","floor":10.0,"turns":3.0},{"damage":0.0,"enemies":"Exordium Thugs","floor":13.0,"turns":5.0},{"damage":0.0,"enemies":"Blue Slaver","floor":14.0,"turns":2.0},{"damage":8.0,"enemies":"Slime Boss","floor":16.0,"turns":8.0},{"damage":0.0,"enemies":"3 Byrds","floor":18.0,"turns":3.0},{"damage":0.0,"enemies":"Spheric Guardian","floor":19.0,"turns":4.0},{"damage":0.0,"enemies":"Gremlin Leader","floor":23.0,"turns":7.0},{"damage":0.0,"enemies":"Shelled Parasite and Fungi","floor":25.0,"turns":4.0},{"damage":0.0,"enemies":"Centurion and Healer","floor":28.0,"turns":6.0},{"damage":0.0,"enemies":"Snake Plant","floor":29.0,"turns":3.0},{"damage":0.0,"enemies":"Sentry and Sphere","floor":31.0,"turns":6.0},{"damage":19.0,"enemies":"Automaton","floor":33.0,"turns":9.0},{"damage":3.0,"enemies":"3 Shapes","floor":35.0,"turns":2.0},{"damage":0.0,"enemies":"3 Darklings","floor":36.0,"turns":4.0},{"damage":0.0,"enemies":"Sphere and 2 Shapes","floor":38.0,"turns":5.0},{"damage":0.0,"enemies":"Transient","floor":39.0,"turns":1.0},{"damage":1.0,"enemies":"Giant Head","floor":41.0,"turns":6.0},{"damage":5.0,"enemies":"4 Shapes","floor":42.0,"turns":3.0},{"damage":1.0,"enemies":"Writhing Mass","floor":45.0,"turns":5.0},{"damage":0.0,"enemies":"Spire Growth","floor":46.0,"turns":3.0},{"damage":0.0,"enemies":"3 Darklings","floor":47.0,"turns":4.0},{"damage":0.0,"enemies":"Nemesis","floor":48.0,"turns":6.0},{"damage":0,"enemies":"Time Eater","floor":50,"turns":9}],"seed_played":"279007360589048889","potions_obtained":[{"floor":2.0,"key":"EssenceOfSteel"},{"floor":7.0,"key":"SmokeBomb"},{"floor":13.0,"key":"Weak Potion"},{"floor":19.0,"key":"PowerPotion"},{"floor":35.0,"key":"SpeedPotion"},{"floor":42.0,"key":"SpeedPotion"},{"floor":46.0,"key":"FairyPotion"}],"is_trial":false,"path_per_floor":["M","M","$","?","?","R","E","R","T","M","?","R","M","M","R","B",null,"M","M","?","$","?","E","R","M","T","R","M","M","?","M","R","B",null,"M","M","?","M","M","R","E","M","T","R","M","M","M","E","R","B",null],"character_chosen":"HUNTRESS","items_purchased":["DemoMod:PortableTableDevice","DemoMod:TableSutra","Torii","Pen Nib"],"campfire_rested":0,"item_purchase_floors":[3,3,21,21],"current_hp_per_floor":[70,70,70,52,52,52,51,51,51,51,51,51,51,51,51,43,70,70,70,35,35,35,35,35,35,35,35,35,35,35,35,35,16,45,42,42,42,42,42,42,41,36,36,36,35,35,35,35,35,40],"gold":455,"neow_bonus":"HUNDRED_GOLD","is_daily":false,"chose_seed":false,"campfire_upgraded":8,"win_rate":0.0,"timestamp":1609404678,"path_taken":["M","M","$","?","?","R","E","R","T","M","?","R","?","M","R","BOSS","M","M","?","$","?","E","R","M","T","R","?","M","?","?","R","BOSS","M","M","?","M","M","R","E","M","T","R","M","M","M","E","R","BOSS"],"items_purchased_type":["Relic","Card","Relic","Relic"],"build_version":"2020-12-22","purchased_purges":0,"victory":true,"max_hp_per_floor":[70,70,70,70,70,70,70,70,70,70,70,70,70,70,70,70,70,70,70,35,35,35,35,35,35,35,35,35,35,35,35,35,35,45,45,45,43,43,43,43,43,43,43,43,43,43,43,43,40,40],"card_choices":[{"not_picked":["DemoMod:ConditionalReflex","DemoMod:GunstockTap"],"picked":"DemoMod:MegaHand","floor":1.0},{"not_picked":["DemoMod:HuntsMan","DemoMod:Ejector"],"picked":"DemoMod:ConditionalReflex","floor":2.0},{"not_picked":["DemoMod:LifeOrb","DemoMod:SAA"],"picked":"DemoMod:ThirdPartyController","floor":7.0},{"not_picked":["DemoMod:SAA","DemoMod:TeaPot"],"picked":"DemoMod:HardPowerCard","floor":10.0},{"not_picked":["DemoMod:BattleInHaste","DemoMod:Unmoved"],"picked":"DemoMod:PotionOfGunFriendShip","floor":10.0},{"not_picked":["DemoMod:CursedBullets","DemoMod:Evolver"],"picked":"DemoMod:Elimentaler","floor":13.0},{"not_picked":["DemoMod:Purify","DemoMod:PotionOfGunFriendShip"],"picked":"DemoMod:AbyssalTentacle","floor":14.0},{"not_picked":["DemoMod:DarkMarker","DemoMod:FightSabre"],"picked":"DemoMod:FullFirepower","floor":16.0},{"not_picked":["DemoMod:Ejector","DemoMod:RadGun"],"picked":"DemoMod:Evolver","floor":18.0},{"not_picked":["DemoMod:HuntsMan","DemoMod:Evolver"],"picked":"DemoMod:Purify+1","floor":19.0},{"not_picked":["DemoMod:Replace","DemoMod:DirectionalPad"],"picked":"DemoMod:SpreadAmmo","floor":23.0},{"not_picked":["DemoMod:BattleInHaste","DemoMod:TeaPot"],"picked":"DemoMod:GunslingerForm","floor":25.0},{"not_picked":["DemoMod:ConditionalReflex+1","DemoMod:MachoBrace+1"],"picked":"DemoMod:FortunesFavor+1","floor":28.0},{"not_picked":["DemoMod:TeaPot","DemoMod:Unmoved"],"picked":"DemoMod:FastSwitch","floor":29.0},{"not_picked":["DemoMod:FastSwitch+1","DemoMod:SAA"],"picked":"DemoMod:ProbeStrike+1","floor":31.0},{"not_picked":["DemoMod:Slinger","DemoMod:GunslingerForm"],"picked":"DemoMod:SuppressiveFire","floor":33.0},{"not_picked":["DemoMod:FastSwitch+1","DemoMod:StickyCrossBow","DemoMod:Casey"],"picked":"SKIP","floor":35.0},{"not_picked":["DemoMod:FeignSurrender","DemoMod:DoubleSwitch","DemoMod:PotionOfGunFriendShip"],"picked":"SKIP","floor":36.0},{"not_picked":["DemoMod:GunstockTap+1","DemoMod:DirectionalPad"],"picked":"DemoMod:Replace+1","floor":38.0},{"not_picked":["DemoMod:Casey+1","DemoMod:JK47+1","DemoMod:SpreadAmmo"],"picked":"SKIP","floor":41.0},{"not_picked":["DemoMod:SAA","DemoMod:LifeOrb","DemoMod:StickyCrossBow"],"picked":"SKIP","floor":42.0},{"not_picked":["DemoMod:Camera","DemoMod:BoxingGlove","DemoMod:AC15"],"picked":"SKIP","floor":45.0},{"not_picked":["DemoMod:TableSutra+1","DemoMod:EasyReloadBullets"],"picked":"DemoMod:FortunesFavor+1","floor":46.0},{"not_picked":["DemoMod:LifeOrb","DemoMod:JK47+1"],"picked":"DemoMod:DoubleVision","floor":47.0},{"not_picked":["DemoMod:AC15","DemoMod:RadGun","DemoMod:TeaPot+1"],"picked":"SKIP","floor":48.0}],"player_experience":1382975,"relics_obtained":[{"floor":7.0,"key":"Peace Pipe"},{"floor":9.0,"key":"Centennial Puzzle"},{"floor":11.0,"key":"Happy Flower"},{"floor":23.0,"key":"DemoMod:DecoyRelic"},{"floor":26.0,"key":"Pantograph"},{"floor":41.0,"key":"FossilizedHelix"},{"floor":43.0,"key":"Vajra"},{"floor":48.0,"key":"Shuriken"}],"event_choices":[{"damage_healed":0.0,"max_hp_gain":0.0,"max_hp_loss":0.0,"gold_gain":0.0,"event_name":"betterThird:BetterScrap","player_choice":"Relic ","floor":4.0,"gold_loss":0.0,"damage_taken":18.0,"cards_obtained":["Predator"]},{"damage_healed":0.0,"max_hp_gain":0.0,"max_hp_loss":0.0,"gold_gain":0.0,"event_name":"Living Wall","player_choice":"Grow","floor":5.0,"gold_loss":0.0,"damage_taken":0.0,"cards_upgraded":["DemoMod:TableSutra"]},{"damage_healed":0.0,"max_hp_gain":0.0,"max_hp_loss":0.0,"gold_gain":0.0,"event_name":"Wheel of Change","player_choice":"Relic","floor":11.0,"gold_loss":0.0,"damage_taken":0.0},{"damage_healed":0.0,"max_hp_gain":0.0,"max_hp_loss":35.0,"gold_gain":0.0,"event_name":"Ghosts","player_choice":"Became a Ghost","floor":20.0,"gold_loss":0.0,"damage_taken":0.0,"cards_obtained":["Ghostly","Ghostly","Ghostly","Ghostly","Ghostly"]},{"damage_healed":0.0,"max_hp_gain":0.0,"max_hp_loss":0.0,"gold_gain":0.0,"event_name":"Upgrade Shrine","player_choice":"Upgraded","floor":22.0,"gold_loss":0.0,"damage_taken":0.0,"cards_upgraded":["DemoMod:FullFirepower"]},{"damage_healed":0.0,"max_hp_gain":0.0,"max_hp_loss":0.0,"gold_gain":0.0,"event_name":"NoteForYourself","player_choice":"Ignored","floor":30.0,"gold_loss":0.0,"damage_taken":0.0},{"damage_healed":0.0,"max_hp_gain":0.0,"max_hp_loss":2.0,"gold_gain":0.0,"event_name":"Winding Halls","player_choice":"Max HP","floor":37.0,"gold_loss":0.0,"damage_taken":0.0}],"is_beta":false,"boss_relics":[{"not_picked":["Cursed Key","Snecko Eye"],"picked":"DemoMod:Test1"},{"not_picked":["SlaversCollar","Velvet Choker"],"picked":"DemoMod:RiddleOfLead"}],"items_purged_floors":[],"is_endless":false,"potions_floor_spawned":[2,7,13,19,23,28,29,31,35,36,42,46],"ascension_level":0}}