{"host":"hxb85ejwp6zvj2g7","time":1609384460,"event":{"mods":["BaseMod","BetterRewards","Colored Map","Friendly Minions","Kiyohime（清姬）","Marisa（F雨　魔理沙）","Minty Spire (QoL Compilation)","READ ME - Guardian Mod","READ ME - Snecko Mod","Remilia（蕾米莉亚）","StSLib","The Administrix","The Construct","The Cursed","The Disciple","The Mystic","The Necromancer","The Servant 0.9.4"],"gold_per_floor":[115,128,203,378,388,416,19,32,32,63,82,99,127,138,138,243,243,257,257,182,67,79,79,113,133,212,222,251,251,251,251],"floor_reached":30,"playtime":2705,"items_purged":["Doubt"],"score":292,"play_id":"d6674164-45d4-4011-a998-90d33534a3e0","local_time":"20201231111420","is_ascension_mode":false,"campfire_choices":[{"floor":15,"key":"REST"},{"data":"Panache","floor":23,"key":"SMITH"},{"data":"Negative_Energy_Arrows","floor":29,"key":"SMITH"}],"circlet_count":0,"master_deck":["Strike_W","Strike_W","Strike_W","Defend_W","Defend_W","Defend_W","Defend_W","Negative_Energy_Arrows+1","Bone_Wall","Blood_Curse","Negative_Energy_Javelin","Death_Knell","Vampiric_Strike","Panache+1","Blind","OldTimer","AdministrixMod:CrackingPangu","WasteNot","Parity","ReapSow","KiyohimeMod:Servant_Osakabehime","TheCursedMod:Stretching","Summon_Undead_Army","Vampiric_Strike","AdministrixMod:CrackingPangu","BadLadyScramble+1","AlternateTimeline","mysticmod:Alacrity+1","construct:Enhance+1"],"relics":["Black Star","Sundial","Boot","PrismaticShard","Ornamental Fan","Lantern","White Beast Statue","Nunchaku","construct:FoamFinger","construct:WeddingRing","Blood Vial","Matryoshka","Molten Egg 2","Pantograph","Strawberry","Bottled Tornado"],"acts_visited":["Exordium","TheCity"],"potions_floor_usage":[6,11,13,13,16,18,24,24,24,25,28,28,30],"damage_taken":[{"damage":2,"enemies":"2 Louse","floor":1,"turns":2},{"damage":0,"enemies":"Jaw Worm","floor":2,"turns":3},{"damage":1,"enemies":"Small Slimes","floor":5,"turns":4},{"damage":29,"enemies":"3 Sentries","floor":6,"turns":11},{"damage":3,"enemies":"Exordium Thugs","floor":8,"turns":4},{"damage":16,"enemies":"Lagavulin","floor":10,"turns":9},{"damage":0,"enemies":"3 Louse","floor":11,"turns":3},{"damage":0,"enemies":"Blue Slaver","floor":12,"turns":3},{"damage":6,"enemies":"Gremlin Nob","floor":13,"turns":4},{"damage":5,"enemies":"Looter","floor":14,"turns":3},{"damage":33,"enemies":"The Guardian","floor":16,"turns":13},{"damage":19,"enemies":"2 Thieves","floor":18,"turns":3},{"damage":14,"enemies":"3 Byrds","floor":22,"turns":5},{"damage":13,"enemies":"Slavers","floor":24,"turns":6},{"damage":8,"enemies":"Snecko","floor":25,"turns":5},{"damage":3,"enemies":"Snake Plant","floor":27,"turns":3},{"damage":40,"enemies":"Book of Stabbing","floor":28,"turns":7},{"damage":21,"enemies":"Centurion and Healer","floor":30,"turns":4}],"seed_played":"2877643329780299305","potions_obtained":[{"floor":5,"key":"Weak Potion"},{"floor":6,"key":"Swift Potion"},{"floor":11,"key":"Weak Potion"},{"floor":12,"key":"DuplicationPotion"},{"floor":13,"key":"Regen Potion"},{"floor":14,"key":"EssenceOfSteel"},{"floor":16,"key":"Explosive Potion"},{"floor":18,"key":"SkillPotion"},{"floor":22,"key":"GamblersBrew"},{"floor":24,"key":"Swift Potion"},{"floor":25,"key":"Swift Potion"},{"floor":27,"key":"Dexterity Potion"},{"floor":28,"key":"BlessingOfTheForge"}],"is_trial":false,"path_per_floor":["M","M","?","?","M","E","$","M","T","E","M","M","E","M","R","B",null,"M","?","?","$","M","R","E","M","T","M","E","R","M"],"character_chosen":"NECROMANCER","items_purchased":["PrismaticShard","Panache","Summon_Undead_Army","Vampiric_Strike"],"campfire_rested":1,"item_purchase_floors":[7,7,21,21],"current_hp_per_floor":[73,73,62,62,61,32,32,31,31,20,22,22,20,17,39,8,75,58,44,44,44,32,32,39,35,35,36,9,9,0,0],"gold":251,"neow_bonus":"BOSS_RELIC","is_daily":false,"chose_seed":false,"campfire_upgraded":2,"win_rate":0.0,"timestamp":1609384460,"path_taken":["M","M","?","?","M","E","$","M","T","E","M","M","E","M","R","BOSS","M","?","?","$","M","R","E","M","T","M","E","R","?"],"items_purchased_type":["Relic","Card","Card","Card"],"build_version":"2020-12-22","purchased_purges":1,"victory":false,"max_hp_per_floor":[75,75,75,75,75,75,75,75,75,75,75,75,75,75,75,75,75,75,80,80,80,80,80,80,80,80,80,87,87,87,87],"card_choices":[{"not_picked":["Shackles_Of_Pain","Stop_Heart"],"picked":"Blood_Curse","floor":1},{"not_picked":["Plague_Bolt","Bone_Bullets"],"picked":"Negative_Energy_Javelin","floor":2},{"not_picked":["Bone_Shift","Negative_Energy_Mist"],"picked":"Death_Knell","floor":5},{"not_picked":["Toxic_Smoke_Screen","Violent_Necrosis"],"picked":"Vampiric_Strike","floor":6},{"not_picked":["TheCursedMod:Obscuration","Blood_Curse"],"picked":"Blind","floor":8},{"not_picked":["LockedMawBank","AdministrixMod:BishamonBlessing"],"picked":"OldTimer","floor":10},{"not_picked":["construct:Versatility","Vengeance"],"picked":"AdministrixMod:CrackingPangu","floor":11},{"not_picked":["Rewind","GravityBeat"],"picked":"WasteNot","floor":12},{"not_picked":["Defragment","Chrysalis"],"picked":"Parity","floor":13},{"not_picked":["GravityBeat","TheCursedMod:ReleasedStrength"],"picked":"ReapSow","floor":14},{"not_picked":["AdministrixMod:AmassedMasks","Omniscience"],"picked":"KiyohimeMod:Servant_Osakabehime","floor":16},{"not_picked":["Coolheaded","LockedMercury"],"picked":"TheCursedMod:Stretching","floor":18},{"not_picked":["EmergencyRegeneration","Tempest"],"picked":"AdministrixMod:CrackingPangu","floor":22},{"not_picked":["Clothesline","AdministrixMod:CenturiesAscent"],"picked":"BadLadyScramble+1","floor":24},{"not_picked":["AdministrixMod:CastOffRegrets+1","VampireKiss+1"],"picked":"AlternateTimeline","floor":25},{"not_picked":["Defy","Adaptation"],"picked":"mysticmod:Alacrity+1","floor":27},{"not_picked":["KiyohimeMod:RedBlackKey+1","Advance"],"picked":"construct:Enhance+1","floor":28}],"player_experience":89915,"relics_obtained":[{"floor":6,"key":"Sundial"},{"floor":6,"key":"Boot"},{"floor":9,"key":"Ornamental Fan"},{"floor":10,"key":"Lantern"},{"floor":10,"key":"White Beast Statue"},{"floor":13,"key":"Nunchaku"},{"floor":13,"key":"construct:FoamFinger"},{"floor":24,"key":"Blood Vial"},{"floor":24,"key":"Matryoshka"},{"floor":26,"key":"Molten Egg 2"},{"floor":26,"key":"Pantograph"},{"floor":28,"key":"Strawberry"},{"floor":28,"key":"Bottled Tornado"}],"event_choices":[{"damage_healed":0,"gold_gain":75,"player_choice":"Gather Gold","damage_taken":11,"max_hp_gain":0,"max_hp_loss":0,"event_name":"World of Goop","floor":3,"gold_loss":0},{"damage_healed":0,"gold_gain":175,"player_choice":"AGREE","damage_taken":0,"max_hp_gain":0,"max_hp_loss":0,"event_name":"Liars Game","floor":4,"gold_loss":0,"cards_obtained":["Doubt"]},{"damage_healed":0,"gold_gain":0,"player_choice":"Shed Blood","damage_taken":19,"max_hp_gain":5,"max_hp_loss":0,"event_name":"Forgotten Altar","floor":19,"gold_loss":0},{"cards_removed":["Strike_W"],"damage_healed":0,"gold_gain":0,"player_choice":"Gave Gold","damage_taken":0,"max_hp_gain":0,"max_hp_loss":0,"event_name":"Beggar","floor":20,"gold_loss":75}],"is_beta":false,"boss_relics":[{"not_picked":["Runic Dome","SacredBark"],"picked":"construct:WeddingRing"}],"items_purged_floors":[7],"is_endless":false,"potions_floor_spawned":[5,6,11,12,13,14,16,18,22,24,25,27,28],"killed_by":"Centurion and Healer","ascension_level":0}}