{"host":"ohysexhjt9sgbosk","time":1609392774,"event":{"mods":["BaseMod","Better Altar","Better Skull","Better Third Choice","BetterRewards","Colored Map","Colored Powertips","Curses Come First","Evolution","Key Reminder","Minty Spire (QoL Compilation)","Rare Cards Sparkle","StSLib"],"gold_per_floor":[110,126,126,146,158,158,184,184,211,229,240,240,272,335,335,430,430,441,457,457,470,114,147,158,158,185,100,100,129,129,52,52,147,147,157,157,210,223,235,264,264,294,294,294,294,304,338,361,361,361,361,361,18,49,49,49],"floor_reached":55,"playtime":16969,"items_purged":[],"score":866,"play_id":"01beb846-0a94-4946-8067-265eda4f2ec0","local_time":"20201230223254","is_ascension_mode":true,"campfire_choices":[{"floor":6,"key":"RECALL"},{"floor":12,"key":"REST"},{"floor":15,"key":"REST"},{"floor":25,"key":"REST"},{"floor":28,"key":"REST"},{"floor":30,"key":"REST"},{"data":"White Noise","floor":32,"key":"SMITH"},{"data":"Electrodynamics","floor":41,"key":"SMITH"},{"data":"Double Energy","floor":44,"key":"SMITH"},{"data":"Loop","floor":49,"key":"SMITH"},{"data":"Loop","floor":52,"key":"SMITH"}],"circlet_count":0,"master_deck":["Ball Lightning+1","Strike_B+1","Strike_B+1","Defend_B","Defend_B","Zap+1","Dualcast","Capacitor","Cold Snap","Cold Snap","Glacier","Coolheaded","Loop+1","FTL","Double Energy+1","White Noise+1","Steam","Rainbow","Barrage","Reboot","Leap+1","Sunder+1","Melter+1","Chill+1","Sweeping Beam","Sunder","Loop+1","Bandage Up","Loop","Steam","Sunder+1","Barrage","Glacier","Turbo","Electrodynamics+1","Ball Lightning+1","Barrage","Defragment+1","Capacitor","Gash+1","Turbo+1","Enlightenment","Flash of Steel","Enlightenment","Cold Snap+1","Chill","Defragment","Self Repair"],"relics":["Cracked Core","EVO:Axolotl","Pocketwatch","Dream Catcher","Whetstone","Bag of Preparation","Omamori","Astrolabe","MutagenicStrength","Membership Card","Ginger","Bag of Marbles","Regal Pillow","StoneCalendar","Lizard Tail","Happy Flower","Runic Pyramid","Bird Faced Urn","Potion Belt","Ornamental Fan","Sundial","Bottled Tornado","Strawberry","Thread and Needle","Anchor","Lee\u0027s Waffle","Vajra"],"acts_visited":["Exordium","TheCity","TheBeyond","TheEnding"],"potions_floor_usage":[14,14,16,23,24,33,37,39,39,42,55],"damage_taken":[{"damage":7,"enemies":"Jaw Worm","floor":1,"turns":4},{"damage":0,"enemies":"Cultist","floor":2,"turns":4},{"damage":0,"enemies":"2 Louse","floor":4,"turns":2},{"damage":4,"enemies":"Large Slime","floor":5,"turns":5},{"damage":13,"enemies":"Gremlin Nob","floor":7,"turns":4},{"damage":2,"enemies":"Blue Slaver","floor":10,"turns":4},{"damage":17,"enemies":"3 Louse","floor":11,"turns":4},{"damage":10,"enemies":"Lagavulin","floor":13,"turns":7},{"damage":1,"enemies":"Lagavulin Event","floor":14,"turns":6},{"damage":2,"enemies":"Slime Boss","floor":16,"turns":8},{"damage":15,"enemies":"3 Byrds","floor":18,"turns":5},{"damage":2,"enemies":"2 Thieves","floor":19,"turns":5},{"damage":4,"enemies":"Snecko","floor":21,"turns":5},{"damage":43,"enemies":"Gremlin Leader","floor":23,"turns":8},{"damage":0,"enemies":"Cultist and Chosen","floor":24,"turns":6},{"damage":21,"enemies":"Slavers","floor":29,"turns":7},{"damage":8,"enemies":"Champ","floor":33,"turns":11},{"damage":0,"enemies":"Orb Walker","floor":35,"turns":5},{"damage":9,"enemies":"2 Orb Walkers","floor":37,"turns":5},{"damage":3,"enemies":"3 Shapes","floor":38,"turns":4},{"damage":0,"enemies":"Writhing Mass","floor":39,"turns":7},{"damage":11,"enemies":"Reptomancer","floor":40,"turns":6},{"damage":7,"enemies":"Giant Head","floor":42,"turns":7},{"damage":3,"enemies":"4 Shapes","floor":46,"turns":7},{"damage":10,"enemies":"Nemesis","floor":47,"turns":7},{"damage":31,"enemies":"Donu and Deca","floor":50,"turns":8},{"damage":78,"enemies":"Shield and Spear","floor":54,"turns":9},{"damage":82,"enemies":"The Heart","floor":55,"turns":5}],"seed_played":"96807508331041908","potions_obtained":[{"floor":1,"key":"EntropicBrew"},{"floor":5,"key":"SkillPotion"},{"floor":8,"key":"DistilledChaos"},{"floor":8,"key":"Explosive Potion"},{"floor":18,"key":"Energy Potion"},{"floor":23,"key":"Dexterity Potion"},{"floor":29,"key":"DistilledChaos"},{"floor":33,"key":"DistilledChaos"},{"floor":35,"key":"Explosive Potion"},{"floor":37,"key":"Energy Potion"},{"floor":38,"key":"EssenceOfDarkness"},{"floor":54,"key":"Strength Potion"}],"is_trial":false,"path_per_floor":["M","M","?","M","M","R","E","?","T","M","M","R","E","?","R","B",null,"M","M","?","M","$","E","M","R","T","?","R","E","R","$","R","B",null,"M","?","?","M","M","E","R","E","T","R","?","M","E","T","R","B",null,"R","$","E","B"],"character_chosen":"DEFECT","items_purchased":["Dream Catcher","Membership Card","Ginger","Loop","Bandage Up","Happy Flower","Thread and Needle","Anchor","Lee\u0027s Waffle","Defragment"],"campfire_rested":5,"item_purchase_floors":[0,22,22,22,22,31,53,53,53,53],"current_hp_per_floor":[52,52,37,37,33,33,20,20,20,18,1,23,13,12,34,32,75,60,58,58,54,54,15,19,41,41,41,75,58,75,75,75,67,75,75,75,66,71,75,72,72,75,75,75,65,75,75,82,82,63,82,82,89,23,0,0],"gold":49,"neow_bonus":"","is_daily":false,"chose_seed":false,"campfire_upgraded":5,"win_rate":0.0,"timestamp":1609392774,"path_taken":["M","M","?","M","M","R","E","?","T","M","?","R","E","?","R","BOSS","M","M","?","M","$","E","M","R","T","?","R","E","R","$","R","BOSS","M","?","?","M","M","E","R","E","T","R","?","?","E","?","R","BOSS","R","$","E","BOSS"],"items_purchased_type":["Relic","Relic","Relic","Card","Card","Relic","Relic","Relic","Relic","Card"],"build_version":"2020-12-22","purchased_purges":0,"victory":false,"max_hp_per_floor":[75,75,75,75,75,75,75,75,75,75,75,75,75,75,75,75,75,75,75,75,75,75,75,75,75,75,75,75,75,75,75,75,75,75,75,75,75,75,75,75,75,75,75,75,75,75,75,82,82,82,82,82,89,89,89,89],"card_choices":[{"not_picked":["Reinforced Body","Doom and Gloom"],"picked":"Cold Snap","floor":1},{"not_picked":["Chaos","Beam Cell"],"picked":"Cold Snap","floor":2},{"not_picked":["Force Field","Melter"],"picked":"Glacier","floor":4},{"not_picked":["Undo","Glacier"],"picked":"Coolheaded","floor":5},{"not_picked":["Auto Shields","Turbo"],"picked":"Loop","floor":7},{"not_picked":["Steam","Fusion"],"picked":"FTL","floor":10},{"not_picked":["Biased Cognition","Sweeping Beam"],"picked":"Double Energy","floor":11},{"not_picked":["Self Repair","Gash"],"picked":"White Noise","floor":12},{"not_picked":["Leap","Hello World"],"picked":"Steam","floor":13},{"not_picked":["Sweeping Beam","Double Energy"],"picked":"Rainbow","floor":14},{"not_picked":["Compile Driver","Streamline"],"picked":"Barrage","floor":15},{"not_picked":["All For One","Fission"],"picked":"Reboot","floor":16},{"not_picked":["Compile Driver+1","Ball Lightning"],"picked":"Chill+1","floor":18},{"not_picked":["Ball Lightning","Static Discharge"],"picked":"Sweeping Beam","floor":19},{"not_picked":["Ball Lightning+1","Beam Cell"],"picked":"Sunder","floor":21},{"not_picked":["Heatsinks","Meteor Strike"],"picked":"Loop","floor":23},{"not_picked":["Gash","Coolheaded+1"],"picked":"Steam","floor":24},{"not_picked":["Go for the Eyes+1","Heatsinks"],"picked":"Sunder+1","floor":25},{"not_picked":["Scrape","Cold Snap"],"picked":"Barrage","floor":28},{"not_picked":["Hello World","Machine Learning"],"picked":"Glacier","floor":29},{"not_picked":["Redo","Gash+1"],"picked":"Turbo","floor":30},{"not_picked":["Buffer","Fission"],"picked":"Electrodynamics","floor":33},{"not_picked":["Skim","Undo"],"picked":"Ball Lightning+1","floor":35},{"not_picked":["Hologram","Streamline+1"],"picked":"Barrage","floor":37},{"not_picked":["Coolheaded+1","Cold Snap"],"picked":"Defragment+1","floor":38},{"not_picked":["Rebound","Sweeping Beam+1"],"picked":"Capacitor","floor":39},{"not_picked":["Streamline+1","Stack+1"],"picked":"Gash+1","floor":40},{"not_picked":["Go for the Eyes+1","Streamline+1"],"picked":"Turbo+1","floor":42},{"not_picked":["Chrysalis","Dark Shackles"],"picked":"Enlightenment","floor":45},{"not_picked":["Deep Breath","Purity"],"picked":"Flash of Steel","floor":45},{"not_picked":["Finesse","Bandage Up"],"picked":"Enlightenment","floor":45},{"not_picked":["Self Repair+1","Steam Power+1"],"picked":"Cold Snap+1","floor":46},{"not_picked":["Skim","Barrage"],"picked":"Chill","floor":47},{"not_picked":["Streamline+1","Turbo"],"picked":"Self Repair","floor":54}],"player_experience":71779,"relics_obtained":[{"floor":7,"key":"Whetstone"},{"floor":13,"key":"Bag of Preparation"},{"floor":14,"key":"Omamori"},{"floor":23,"key":"Bag of Marbles"},{"floor":26,"key":"Regal Pillow"},{"floor":29,"key":"Lizard Tail"},{"floor":37,"key":"Bird Faced Urn"},{"floor":40,"key":"Potion Belt"},{"floor":42,"key":"Ornamental Fan"},{"floor":43,"key":"Sundial"},{"floor":47,"key":"Bottled Tornado"},{"floor":48,"key":"Strawberry"},{"floor":54,"key":"Vajra"}],"event_choices":[{"damage_healed":52,"gold_gain":0,"player_choice":"Upgrade","damage_taken":15,"max_hp_gain":0,"max_hp_loss":75,"event_name":"betterThird:BetterShining","floor":3,"gold_loss":1,"cards_upgraded":["Ball Lightning","Zap"]},{"damage_healed":0,"gold_gain":0,"player_choice":"Got Potions","damage_taken":0,"max_hp_gain":0,"max_hp_loss":0,"event_name":"Lab","floor":8,"gold_loss":0},{"damage_healed":0,"gold_gain":0,"player_choice":"Searched \u00271\u0027 times","damage_taken":0,"max_hp_gain":0,"max_hp_loss":0,"event_name":"Dead Adventurer","floor":14,"gold_loss":0},{"damage_healed":0,"gold_gain":0,"player_choice":"Inject Mutagens","damage_taken":0,"relics_obtained":["MutagenicStrength"],"max_hp_gain":0,"max_hp_loss":0,"event_name":"Drug Dealer","floor":20,"gold_loss":0},{"damage_healed":0,"gold_gain":0,"player_choice":"Obtained Relic","damage_taken":0,"relics_obtained":["StoneCalendar"],"max_hp_gain":0,"max_hp_loss":0,"event_name":"Addict","floor":27,"gold_loss":85},{"cards_removed":["Scrape"],"damage_healed":0,"gold_gain":0,"player_choice":"Removed Attack","damage_taken":0,"max_hp_gain":0,"max_hp_loss":0,"event_name":"Falling","floor":36,"gold_loss":0},{"damage_healed":0,"gold_gain":0,"player_choice":"Fight","damage_taken":0,"max_hp_gain":0,"max_hp_loss":0,"event_name":"Mysterious Sphere","floor":37,"gold_loss":0},{"damage_healed":0,"gold_gain":0,"player_choice":"Memory 3","damage_taken":10,"max_hp_gain":0,"max_hp_loss":0,"event_name":"SensoryStone","floor":45,"gold_loss":0}],"is_beta":false,"boss_relics":[{"not_picked":["Velvet Choker","SacredBark"],"picked":"Astrolabe"},{"not_picked":["SlaversCollar","Empty Cage"],"picked":"Runic Pyramid"}],"items_purged_floors":[],"is_endless":false,"potions_floor_spawned":[1,5,11,13,18,23,29,33,35,37,38,54],"killed_by":"The Heart","ascension_level":1}}