{"host":"2461dio7vetlq1z3","time":1609412132,"event":{"mods":["2.2 Compatiblity","AchievementEnabler","Aspiration","BaseMod","Better Third Choice","Friendly Minions","Hermit","Minty Spire (QoL Compilation)","Relic Stats","Spicy Shops","StSLib","Waifu the Spire"],"gold_per_floor":[11,11,29,44,62,76,89,108,108,33,33,65,65,91,91,165,165,184,204,204,217,28,28,28,28],"floor_reached":24,"playtime":1897,"items_purged":["Strike_G","Strike_G"],"score":420,"play_id":"4e57440a-c697-4327-bcd9-7753360aa96e","local_time":"20201231115532","is_ascension_mode":true,"campfire_choices":[{"floor":11,"key":"REST"},{"floor":13,"key":"REST"},{"data":"Chrysalis","floor":15,"key":"SMITH"},{"floor":23,"key":"REST"}],"circlet_count":0,"master_deck":["AscendersBane","Defend_G","Defend_G","Defend_G","Defend_G","Defend_G","Survivor","Neutralize","Chrysalis+1","Dagger Throw","Bouncing Flask","Noxious Fumes","Poisoned Stab","Calculated Gamble","Cloak And Dagger","Bane","Backstab","Deadly Poison","A Thousand Cuts","Backstab+1","Backflip+1","Phantasmal Killer+1","Footwork"],"relics":["Ring of the Snake","Strawberry","HornCleat","Turnip","Astrolabe","Gambling Chip"],"acts_visited":["Exordium","TheCity"],"potions_floor_usage":[6,12,12,18],"damage_taken":[{"damage":8,"enemies":"Cultist","floor":1,"turns":6},{"damage":4,"enemies":"Small Slimes","floor":3,"turns":3},{"damage":7,"enemies":"2 Louse","floor":4,"turns":3},{"damage":27,"enemies":"Large Slime","floor":5,"turns":10},{"damage":10,"enemies":"Exordium Thugs","floor":6,"turns":4},{"damage":1,"enemies":"Looter","floor":7,"turns":5},{"damage":0,"enemies":"Blue Slaver","floor":8,"turns":4},{"damage":14,"enemies":"3 Sentries","floor":12,"turns":8},{"damage":11,"enemies":"Lagavulin","floor":14,"turns":6},{"damage":10,"enemies":"Hexaghost","floor":16,"turns":9},{"damage":0,"enemies":"Shell Parasite","floor":18,"turns":5},{"damage":27,"enemies":"3 Byrds","floor":19,"turns":7},{"damage":8,"enemies":"Snecko","floor":21,"turns":4},{"damage":47,"enemies":"Book of Stabbing","floor":24,"turns":5}],"seed_played":"-377459915889270172","potions_obtained":[{"floor":4,"key":"SteroidPotion"},{"floor":6,"key":"SkillPotion"},{"floor":7,"key":"EssenceOfSteel"},{"floor":12,"key":"Energy Potion"},{"floor":14,"key":"Block Potion"},{"floor":18,"key":"GamblersBrew"},{"floor":21,"key":"DuplicationPotion"}],"is_trial":false,"path_per_floor":["M","$","M","M","M","M","M","M","T","$","R","E","R","E","R","B",null,"M","M","?","M","$","R","E"],"character_chosen":"THE_SILENT","items_purchased":["Footwork"],"campfire_rested":3,"item_purchase_floors":[22],"current_hp_per_floor":[51,51,47,40,13,3,2,2,9,9,30,16,37,26,26,16,59,59,32,32,24,24,45,0,0],"gold":28,"neow_bonus":"RANDOM_COLORLESS_2","is_daily":false,"chose_seed":false,"campfire_upgraded":1,"win_rate":0.0,"timestamp":1609412132,"path_taken":["M","?","M","M","M","M","M","M","T","$","R","E","R","E","R","BOSS","M","M","?","M","$","R","E"],"items_purchased_type":["Card"],"build_version":"2020-12-22","purchased_purges":2,"victory":false,"max_hp_per_floor":[66,66,66,66,66,66,66,66,73,73,73,73,73,73,73,73,73,73,73,73,73,73,73,73,73],"relic_stats":{"counters":[14,79],"Astrolabe":["Backstab","Backflip","Phantasmal Killer"],"Gambling Chip":[5],"Turnip":[2],"obtain_stats":[{"HornCleat":12,"Strawberry":9,"Astrolabe":17,"Gambling Chip":20,"Turnip":14,"Ring of the Snake":0},{"HornCleat":8,"Strawberry":7,"Astrolabe":10,"Gambling Chip":12,"Turnip":9,"Ring of the Snake":0},{"HornCleat":43,"Strawberry":35,"Astrolabe":58,"Gambling Chip":70,"Turnip":49,"Ring of the Snake":0}],"Ring of the Snake":[28]},"card_choices":[{"not_picked":["Thinking Ahead","Secret Weapon"],"picked":"Chrysalis","floor":0},{"not_picked":["Backflip","PiercingWail"],"picked":"Dagger Throw","floor":1},{"not_picked":["Crippling Poison","Leg Sweep"],"picked":"Bouncing Flask","floor":3},{"not_picked":["Dagger Spray","Backstab"],"picked":"Noxious Fumes","floor":4},{"not_picked":["Dagger Throw","PiercingWail"],"picked":"Poisoned Stab","floor":5},{"not_picked":["Predator","Well Laid Plans"],"picked":"Calculated Gamble","floor":6},{"not_picked":["Heel Hook","Tactician"],"picked":"Cloak And Dagger","floor":7},{"not_picked":["Blade Dance","Quick Slash"],"picked":"Bane","floor":8},{"not_picked":["Outmaneuver","Finisher"],"picked":"Backstab","floor":12},{"not_picked":["Dagger Spray","Distraction"],"picked":"Deadly Poison","floor":14},{"not_picked":["Storm of Steel","Venomology"],"picked":"A Thousand Cuts","floor":16},{"not_picked":["Acrobatics","Dagger Throw","Outmaneuver+1"],"picked":"SKIP","floor":18},{"not_picked":["Poisoned Stab+1","Sucker Punch","Bane"],"picked":"SKIP","floor":19},{"not_picked":["Sucker Punch","Phantasmal Killer","Predator"],"picked":"SKIP","floor":21}],"player_experience":1027817,"relics_obtained":[{"floor":9,"key":"Strawberry"},{"floor":12,"key":"HornCleat"},{"floor":14,"key":"Turnip"}],"event_choices":[{"damage_healed":0,"gold_gain":0,"player_choice":"Gave Potion","damage_taken":0,"relics_obtained":["Gambling Chip"],"max_hp_gain":0,"max_hp_loss":0,"event_name":"WeMeetAgain","floor":20,"gold_loss":0}],"is_beta":false,"boss_relics":[{"not_picked":["Runic Dome","aspiration:DefectSkillbook"],"picked":"Astrolabe"}],"items_purged_floors":[10,22],"is_endless":false,"potions_floor_spawned":[4,6,7,12,14,18,21],"killed_by":"Book of Stabbing","ascension_level":20}}