{"host":"ab3ipg3fqe03b2ex","time":1609392288,"event":{"mods":["AchievementEnabler","BaseMod","Colored Powertips","Minty Spire (QoL Compilation)","MostiFishMod","Quick Restart","Remilia（蕾米莉亚）","StSLib","Uncapped","【功能Mod】Neow奖励","【功能Mod】精心准备"],"gold_per_floor":[119,135,148,164,180,180,180,190,190,209,209,225,241,257,257,362,362,376,392,392,403,403,429,429,441,441,452,461,477,0,0,0,97,97,115,115,131,131,144,144,176,189,189,437,470,487,487,503,503,503],"floor_reached":51,"playtime":1064,"items_purged":["Bash","Defend_R","Defend_R+1","Strike_R"],"score":979,"play_id":"73cc1e66-3b6d-42aa-822d-f1f49d024094","local_time":"20201231132448","is_ascension_mode":false,"campfire_choices":[{"data":"Strike_R","floor":6.0,"key":"SMITH"},{"data":"Strike_R","floor":15.0,"key":"SMITH"},{"data":"Strike_R","floor":24.0,"key":"SMITH"},{"data":"Strike_R","floor":32.0,"key":"SMITH"},{"floor":40.0,"key":"RECALL"},{"floor":49,"key":"REST"}],"circlet_count":1,"master_deck":["Strike_R+1","Strike_R+1","Strike_R+1","Strike_R+1","Defend_R+1"],"relics":["Civilization","Circlet"],"acts_visited":["Exordium","TheCity","TheBeyond"],"potions_floor_usage":[],"damage_taken":[{"damage":6.0,"enemies":"Jaw Worm","floor":1.0,"turns":3.0},{"damage":4.0,"enemies":"2 Louse","floor":2.0,"turns":2.0},{"damage":0.0,"enemies":"Cultist","floor":3.0,"turns":3.0},{"damage":0.0,"enemies":"Large Slime","floor":4.0,"turns":2.0},{"damage":0.0,"enemies":"2 Fungi Beasts","floor":5.0,"turns":3.0},{"damage":0.0,"enemies":"Exordium Wildlife","floor":8.0,"turns":3.0},{"damage":0.0,"enemies":"Looter","floor":10.0,"turns":2.0},{"damage":0.0,"enemies":"Gremlin Gang","floor":12.0,"turns":2.0},{"damage":0.0,"enemies":"3 Louse","floor":13.0,"turns":1.0},{"damage":0.0,"enemies":"Large Slime","floor":14.0,"turns":1.0},{"damage":0.0,"enemies":"Slime Boss","floor":16.0,"turns":4.0},{"damage":0.0,"enemies":"Shell Parasite","floor":18.0,"turns":2.0},{"damage":0.0,"enemies":"Chosen","floor":19.0,"turns":2.0},{"damage":12.0,"enemies":"Centurion and Healer","floor":21.0,"turns":2.0},{"damage":4.0,"enemies":"Gremlin Leader","floor":23.0,"turns":2.0},{"damage":0.0,"enemies":"Snecko","floor":25.0,"turns":2.0},{"damage":0.0,"enemies":"Cultist and Chosen","floor":27.0,"turns":2.0},{"damage":0.0,"enemies":"3 Cultists","floor":29.0,"turns":2.0},{"damage":14.0,"enemies":"Automaton","floor":33.0,"turns":3.0},{"damage":0.0,"enemies":"3 Darklings","floor":35.0,"turns":2.0},{"damage":0.0,"enemies":"Orb Walker","floor":37.0,"turns":1.0},{"damage":7.0,"enemies":"Sphere and 2 Shapes","floor":39.0,"turns":2.0},{"damage":26.0,"enemies":"Giant Head","floor":41.0,"turns":4.0},{"damage":7.0,"enemies":"4 Shapes","floor":42.0,"turns":2.0},{"damage":18.0,"enemies":"Reptomancer","floor":45.0,"turns":2.0},{"damage":0.0,"enemies":"Jaw Worm Horde","floor":46.0,"turns":1.0},{"damage":0.0,"enemies":"Maw","floor":48.0,"turns":2.0},{"damage":20,"enemies":"Awakened One","floor":50,"turns":5}],"seed_played":"-2790427108814807466","potions_obtained":[],"is_trial":false,"path_per_floor":["M","M","M","M","M","R","$","M","T","M","$","M","M","M","R","B",null,"M","M","?","M","?","E","R","M","T","M","$","M","?","?","R","B",null,"M","$","M","?","M","R","E","M","T","$","E","M","?","M","R","B",null],"character_chosen":"IRONCLAD","items_purchased":["MerchantsRug"],"campfire_rested":1,"item_purchase_floors":[7],"current_hp_per_floor":[75,74,78,83,90,90,90,99,99,109,109,123,140,158,158,178,188,209,231,231,243,243,264,264,290,290,318,318,349,349,349,349,369,399,439,439,480,456,493,493,512,554,554,554,589,645,645,702,760,802],"gold":503,"neow_bonus":"BOSS_RELIC","is_daily":false,"chose_seed":false,"campfire_upgraded":4,"win_rate":0.0,"timestamp":1609392288,"path_taken":["M","M","M","M","M","R","$","M","T","M","$","M","M","M","R","BOSS","M","M","?","M","?","E","R","?","T","M","$","M","?","?","R","BOSS","M","$","M","?","M","R","E","M","T","$","E","M","?","M","R","BOSS"],"items_purchased_type":["Undefined"],"build_version":"2020-12-22","purchased_purges":4,"victory":true,"max_hp_per_floor":[81,84,88,93,100,100,100,109,109,119,119,133,150,168,168,188,188,209,231,231,255,255,280,280,306,306,334,334,365,365,365,365,399,399,439,439,480,456,500,500,545,594,594,594,647,703,703,760,760,822],"card_choices":[{"not_picked":["Twin Strike","Searing Blow","Armaments"],"picked":"SKIP","floor":1.0},{"not_picked":["Pommel Strike","Shrug It Off","Warcry"],"picked":"SKIP","floor":2.0},{"not_picked":["Havoc","Anger","Thunderclap"],"picked":"SKIP","floor":3.0},{"not_picked":["Rampage","Reckless Charge","Pummel"],"picked":"SKIP","floor":4.0},{"not_picked":["Flex","Body Slam","MostiFishMod:#F4004"],"picked":"SKIP","floor":5.0},{"not_picked":["Perfected Strike","Shockwave","Wild Strike"],"picked":"SKIP","floor":8.0},{"not_picked":["Cleave","Perfected Strike","Anger"],"picked":"SKIP","floor":10.0},{"not_picked":["Flex","MostiFishMod:PerfectStrikeMKII","Flame Barrier"],"picked":"SKIP","floor":12.0},{"not_picked":["Blood for Blood","Clash","Sword Boomerang"],"picked":"SKIP","floor":13.0},{"not_picked":["True Grit","Power Through","Armaments"],"picked":"SKIP","floor":14.0},{"not_picked":["Warcry","Pommel Strike","Sword Boomerang"],"picked":"SKIP","floor":18.0},{"not_picked":["Cleave","Perfected Strike+1","MostiFishMod:#F4004+1"],"picked":"SKIP","floor":19.0},{"not_picked":["Dropkick","Thunderclap","Clothesline"],"picked":"SKIP","floor":21.0},{"not_picked":["Anger","MostiFishMod:RainCloud","Flex+1"],"picked":"SKIP","floor":23.0},{"not_picked":["Sword Boomerang","Heavy Blade","Sentinel"],"picked":"SKIP","floor":25.0},{"not_picked":["Infernal Blade+1","Disarm","Flame Barrier"],"picked":"SKIP","floor":27.0},{"not_picked":["Whirlwind+1","Entrench","Metallicize"],"picked":"SKIP","floor":29.0},{"not_picked":["Evolve","Disarm","Reckless Charge+1"],"picked":"SKIP","floor":35.0},{"not_picked":["Perfected Strike+1","Anger+1","Warcry"],"picked":"SKIP","floor":37.0},{"not_picked":["Wild Strike","Sword Boomerang+1","Burning Pact"],"picked":"SKIP","floor":39.0},{"not_picked":["Carnage+1","Armaments+1","Intimidate"],"picked":"SKIP","floor":41.0},{"not_picked":["Burning Pact+1","Rage+1","Feel No Pain+1"],"picked":"SKIP","floor":42.0},{"not_picked":["Clash","Wild Strike","Burning Pact"],"picked":"SKIP","floor":45.0},{"not_picked":["Pummel+1","Clash","True Grit+1"],"picked":"SKIP","floor":46.0},{"not_picked":["Metallicize+1","Rampage","Twin Strike"],"picked":"SKIP","floor":48}],"player_experience":69585,"relics_obtained":[{"floor":23.0,"key":"War Paint"}],"event_choices":[{"cards_removed":["Defend_R"],"damage_healed":0.0,"max_hp_gain":0.0,"max_hp_loss":0.0,"gold_gain":0.0,"event_name":"Back to Basics","player_choice":"Elegance","floor":20.0,"gold_loss":0.0,"damage_taken":0.0},{"damage_healed":0.0,"max_hp_gain":0.0,"max_hp_loss":0.0,"gold_gain":0.0,"event_name":"NoteForYourself","player_choice":"Ignored","floor":22.0,"gold_loss":0.0,"damage_taken":0.0},{"damage_healed":0.0,"max_hp_gain":0.0,"max_hp_loss":0.0,"gold_gain":0.0,"event_name":"Masked Bandits","player_choice":"Paid Fearfully","floor":30.0,"gold_loss":477.0,"damage_taken":0.0},{"damage_healed":0.0,"max_hp_gain":0.0,"max_hp_loss":0.0,"gold_gain":0.0,"event_name":"Vampires","player_choice":"Ignored","floor":31.0,"gold_loss":0.0,"damage_taken":0.0},{"damage_healed":0.0,"max_hp_gain":0.0,"max_hp_loss":24.0,"gold_gain":0.0,"event_name":"Winding Halls","player_choice":"Max HP","floor":38.0,"gold_loss":0.0,"damage_taken":0.0},{"damage_healed":0.0,"max_hp_gain":0.0,"max_hp_loss":0.0,"gold_gain":0.0,"event_name":"Transmorgrifier","player_choice":"Ignored","floor":47.0,"gold_loss":0.0,"damage_taken":0.0}],"is_beta":false,"boss_relics":[{"not_picked":["HaiYi:Twilight","Runic Cube","DiscerningMonocle"]},{"not_picked":["NightmareShop","Busted Crown","ChiXiaoBlade"]}],"items_purged_floors":[7,11,28,36],"is_endless":false,"potions_floor_spawned":[1,4,8,13,16,18,23,37,39,42,46,48],"ascension_level":0}}