{"host":"x1qj4d8ympd5jdqh","time":1609397811,"event":{"mods":["AchievementEnabler","AlwaysNeverKeys","BaseMod","Colored Map","Custom Start","DeckTracker","Highlight Path","Minty Spire (QoL Compilation)","StSLib","SuperFastMode"],"gold_per_floor":[109,109,123,11,61,89,89,115,115,128,128,161,176,190,190,267,267,281,17,31,31,49,49,49],"floor_reached":23,"playtime":819,"items_purged":["Strike_R","Strike_R"],"score":472,"play_id":"8cea8e42-c00a-45cf-954d-77c1c169cf5b","local_time":"20201231155651","is_ascension_mode":true,"campfire_choices":[{"data":"Hemokinesis","floor":7.0,"key":"SMITH"},{"data":"Whirlwind","floor":11.0,"key":"SMITH"},{"data":"Body Slam","floor":15.0,"key":"SMITH"}],"circlet_count":0,"master_deck":["AscendersBane","Defend_R","Defend_R","Defend_R","Defend_R","Bash","Body Slam+1","Hemokinesis+1","Whirlwind+1","Shrug It Off","Flame Barrier","Barricade","Pommel Strike+1","Metallicize+1","Inflame+1","Shrug It Off"],"relics":["Burning Blood","NeowsBlessing","Calipers","TungstenRod","Turnip","Self Forming Clay","Astrolabe","Mercury Hourglass"],"acts_visited":["Exordium","TheCity"],"potions_floor_usage":[18,22,23],"damage_taken":[{"damage":0.0,"enemies":"Jaw Worm","floor":1.0,"turns":1.0},{"damage":0.0,"enemies":"Cultist","floor":3.0,"turns":1.0},{"damage":0.0,"enemies":"Lagavulin","floor":6.0,"turns":1.0},{"damage":37.0,"enemies":"3 Sentries","floor":8.0,"turns":7.0},{"damage":1.0,"enemies":"Small Slimes","floor":10.0,"turns":3.0},{"damage":8.0,"enemies":"Gremlin Nob","floor":12.0,"turns":3.0},{"damage":1.0,"enemies":"Red Slaver","floor":13.0,"turns":3.0},{"damage":9.0,"enemies":"Exordium Thugs","floor":14.0,"turns":4.0},{"damage":47.0,"enemies":"The Guardian","floor":16.0,"turns":16.0},{"damage":18,"enemies":"2 Thieves","floor":18,"turns":5},{"damage":23,"enemies":"Shell Parasite","floor":20,"turns":10},{"damage":1,"enemies":"Snake Plant","floor":22,"turns":5},{"damage":29,"enemies":"Book of Stabbing","floor":23,"turns":7}],"seed_played":"3618449440881444237","potions_obtained":[{"floor":8.0,"key":"AttackPotion"},{"floor":13.0,"key":"Explosive Potion"},{"floor":14.0,"key":"AttackPotion"},{"floor":16.0,"key":"SkillPotion"}],"is_trial":false,"path_per_floor":["M","?","M","$","?","E","R","E","T","M","R","E","M","M","R","B",null,"M","$","M","T","M","E"],"character_chosen":"IRONCLAD","items_purchased":["Whirlwind","Shrug It Off","Block Potion","DuplicationPotion"],"campfire_rested":0,"item_purchase_floors":[4,19,19,19],"current_hp_per_floor":[74,74,75,75,75,75,75,44,44,49,49,47,52,49,49,8,58,46,46,29,29,34,5,5],"gold":49,"neow_bonus":"THREE_ENEMY_KILL","is_daily":false,"chose_seed":false,"campfire_upgraded":3,"win_rate":0.0,"timestamp":1609397811,"path_taken":["M","?","?","$","?","E","R","E","T","M","R","E","M","M","R","BOSS","M","$","M","?","M","E"],"items_purchased_type":["Card","Card","Potion","Potion"],"build_version":"2020-12-22","purchased_purges":2,"victory":false,"max_hp_per_floor":[75,75,75,75,75,75,75,75,75,75,75,75,75,75,75,75,75,75,75,75,75,75,75,75],"card_choices":[{"not_picked":["Shrug It Off","Headbutt"],"picked":"Body Slam","floor":1.0},{"not_picked":["Headbutt","Pommel Strike"],"picked":"Hemokinesis","floor":3.0},{"not_picked":["Twin Strike","Flex","Perfected Strike"],"picked":"SKIP","floor":6.0},{"not_picked":["Intimidate","Clothesline","True Grit"],"picked":"SKIP","floor":8.0},{"not_picked":["Flame Barrier","Thunderclap"],"picked":"Shrug It Off","floor":10.0},{"not_picked":["Wild Strike","Bloodletting"],"picked":"Flame Barrier","floor":12.0},{"not_picked":["Perfected Strike","Spot Weakness","Thunderclap"],"picked":"SKIP","floor":13.0},{"not_picked":["Perfected Strike","Spot Weakness","Thunderclap"],"picked":"SKIP","floor":13.0},{"not_picked":["Perfected Strike","Spot Weakness","Thunderclap"],"picked":"SKIP","floor":13.0},{"not_picked":["Sever Soul","Hemokinesis","Headbutt"],"picked":"SKIP","floor":14.0},{"not_picked":["Brutality","Corruption"],"picked":"Barricade","floor":16.0},{"not_picked":["True Grit","Warcry","Flex"],"picked":"SKIP","floor":18},{"not_picked":["Perfected Strike","Twin Strike","Havoc"],"picked":"SKIP","floor":20},{"not_picked":["Clothesline","Intimidate","Perfected Strike"],"picked":"SKIP","floor":22}],"player_experience":1294348,"relics_obtained":[{"floor":6.0,"key":"Calipers"},{"floor":8.0,"key":"TungstenRod"},{"floor":9.0,"key":"Turnip"},{"floor":12.0,"key":"Self Forming Clay"},{"floor":21,"key":"Mercury Hourglass"}],"event_choices":[{"damage_healed":0.0,"max_hp_gain":0.0,"max_hp_loss":0.0,"gold_gain":0.0,"event_name":"WeMeetAgain","player_choice":"Ignored","floor":2.0,"gold_loss":0.0,"damage_taken":0.0},{"damage_healed":0.0,"max_hp_gain":0.0,"max_hp_loss":0.0,"gold_gain":50.0,"event_name":"Golden Shrine","player_choice":"Pray","floor":5.0,"gold_loss":0.0,"damage_taken":0.0}],"is_beta":false,"boss_relics":[{"not_picked":["Runic Dome","Busted Crown"],"picked":"Astrolabe"}],"items_purged_floors":[4,19],"is_endless":false,"potions_floor_spawned":[8,13,14,16],"killed_by":"Book of Stabbing","ascension_level":20}}