{"host":"xshq2rhao6qj608z","time":1609443960,"event":{"mods":["AchievementEnabler","BaseMod","BetterRewards","Block Reminder","Colored Powertips","Downfall","Energized Spire","Highlight Path","Infinite Spire","Minty Spire (QoL Compilation)","Quick Restart","Rare Cards Sparkle","Replay The Spire","StSLib","The Blue Laboratory","The Jungle"],"gold_per_floor":[109,24,24,24,24,24,50,50,50,61,95,95,121,137,137,239,239,251,251,271,271,282,307,307,332,332,332,364,375,73,86,86,188,238,255,1254,1254,1322,1341,1341,784,784,784,784,810,609,642,676,676,788,788,795,388,388,388,401,369,369],"floor_reached":57,"playtime":4955,"items_purged":["Regret","Normality","Normality"],"score":825,"play_id":"0e9cb090-7330-4afe-9730-2dfe2eb25ab6","local_time":"20201231224559","is_ascension_mode":true,"campfire_choices":[{"data":"Zap","floor":6.0,"key":"SMITH"},{"floor":12.0,"key":"REST"},{"floor":15.0,"key":"REST"},{"floor":24.0,"key":"REST"},{"floor":40.0,"key":"REST"},{"data":"1","floor":42.0,"key":"LIFT"},{"data":"2","floor":49,"key":"LIFT"}],"circlet_count":0,"master_deck":["Strike_B","Strike_B","Strike_B+1","Defend_B","Defend_B+1","Defend_B","Defend_B","Zap+1","Dualcast","Beam Cell","Loop","Go for the Eyes","Steam","ReplaySolidLightProjector+1","ReplayTheSpireMod:Calculation Training","Steam","Rebound+1","All For One+1","Leap+1","infinitespire:Menacing","Beam Cell+1","White Noise+1","Conserve Battery","ReplayTheSpireMod:Calculation Training+1","Ball Lightning+1","Turbo","Compile Driver+1","Seek","Melter+1","Panic Button","Coolheaded+1","Sweeping Beam+1","Regret","Seek+1","Redo+1"],"relics":["Cracked Core","Smiling Mask","Cables","Replay:Wax Seal","Quantum Egg","Molten Egg 2","infinitespire:Lucky Rock","WingedGreaves","Mirror","Black Star","Blue Candle","Eternal Feather","infinitespire:Satchel","Snack Pack","Pet Ghost","infinitespire:SolderingIron","Girya","Simple Rune","Replay:Frozen Program","Whetstone","Tiny House","Mercury Hourglass","Pen Nib","Frozen Egg 2","Singing Bowl","Onion Ring","Matryoshka","Replay:Rubber Ducky","Replay:Bandana","HandDrill","Toxic Egg 2","Mercury Hourglass","OrangePellets","Bottled Lightning","infinitespire:PuzzleCube"],"acts_visited":["Exordium","TheCity","TheBeyond","Exordium"],"potions_floor_usage":[50,50],"damage_taken":[{"damage":0.0,"enemies":"Cultist","floor":1.0,"turns":3.0},{"damage":28.0,"enemies":"3 Sentries","floor":7.0,"turns":6.0},{"damage":6.0,"enemies":"2 Louse","floor":10.0,"turns":3.0},{"damage":22.0,"enemies":"Lagavulin","floor":11.0,"turns":6.0},{"damage":11.0,"enemies":"Gremlin Nob","floor":13.0,"turns":4.0},{"damage":9.0,"enemies":"Jaw Worm","floor":14.0,"turns":2.0},{"damage":37.0,"enemies":"The Guardian","floor":16.0,"turns":10.0},{"damage":12.0,"enemies":"2 Thieves","floor":18.0,"turns":4.0},{"damage":8.0,"enemies":"Chosen","floor":20.0,"turns":2.0},{"damage":2.0,"enemies":"Centurion and Healer","floor":22.0,"turns":5.0},{"damage":37.0,"enemies":"Book of Stabbing","floor":23.0,"turns":5.0},{"damage":19.0,"enemies":"Gremlin Leader","floor":25.0,"turns":6.0},{"damage":9.0,"enemies":"Nightmare","floor":28.0,"turns":5.0},{"damage":13.0,"enemies":"Snecko","floor":29.0,"turns":4.0},{"damage":0.0,"enemies":"Snake Plant","floor":31.0,"turns":3.0},{"damage":14.0,"enemies":"Collector","floor":33.0,"turns":3.0},{"damage":16.0,"enemies":"3 Darklings","floor":35.0,"turns":4.0},{"damage":14.0,"enemies":"3 Shapes","floor":39.0,"turns":3.0},{"damage":0,"enemies":"R_Hoarder","floor":45,"turns":6},{"damage":11,"enemies":"Spire Growth","floor":47,"turns":3},{"damage":10,"enemies":"Nemesis","floor":48,"turns":6},{"damage":66,"enemies":"Awakened One","floor":50,"turns":10},{"damage":0,"enemies":"Cultist","floor":52,"turns":2},{"damage":0,"enemies":"2 Louse","floor":56,"turns":1},{"damage":97,"enemies":"Nightmare","floor":57,"turns":6}],"seed_played":"6413805510534113408","potions_obtained":[{"floor":7.0,"key":"blueLaboratory:SavagePotion"},{"floor":8.0,"key":"blueLaboratory:FruitPunch"},{"floor":8.0,"key":"Block Potion"},{"floor":13.0,"key":"blueLaboratory:BiasPotion"},{"floor":16.0,"key":"Doom Potion"},{"floor":18.0,"key":"EssenceOfDarkness"},{"floor":22.0,"key":"blueLaboratory:NullPotion"},{"floor":29.0,"key":"infinitespire:BlackPotion"},{"floor":33.0,"key":"Milkshake"},{"floor":34.0,"key":"CultistPotion"},{"floor":56,"key":"blueLaboratory:BottleOfRum"}],"is_trial":false,"path_per_floor":["M","$","?","T","$","R","E","?","T","M","E","R","E","M","R","B",null,"M","AVR","M","?","M","E","R","E","T","?","NM","M","$","M","R","B",null,"M","?","AVR","?","M","R","$","R","T","T","E","$","M","E","R","B",null,"M","$","?","?","M","NM"],"character_chosen":"DEFECT","items_purchased":["Loop","Go for the Eyes","Replay:Frozen Program","Whetstone","Frozen Egg 2","Singing Bowl","HandDrill","Sweeping Beam+1","OrangePellets","Bottled Lightning"],"campfire_rested":4,"item_purchase_floors":[2,2,30,30,41,41,46,46,53,53],"current_hp_per_floor":[75,75,75,75,75,75,47,47,47,41,19,41,32,23,46,9,77,65,65,57,57,55,18,53,34,34,34,29,20,20,26,64,54,82,70,70,70,50,38,80,80,82,82,82,84,84,77,73,88,33,90,92,92,92,92,92,0,0],"gold":369,"neow_bonus":"RANDOM_COMMON_RELIC","is_daily":false,"chose_seed":false,"campfire_upgraded":1,"win_rate":0.0,"timestamp":1609443959,"path_taken":["M","?","?","?","$","R","E","?","T","M","E","R","E","M","R","BOSS","M","AVR","?","?","?","E","R","E","T","?","NM","M","?","M","R","BOSS","M","?","AVR","?","M","R","$","R","T","?","E","$","M","E","R","BOSS","M","$","?","?","M","NM"],"items_purchased_type":["Card","Card","Relic","Relic","Relic","Relic","Relic","Card","Relic","Relic"],"build_version":"2020-12-22","purchased_purges":3,"victory":false,"max_hp_per_floor":[75,75,75,75,75,75,75,75,75,75,75,75,77,77,77,77,77,77,77,77,77,77,77,77,77,77,77,77,77,77,77,77,77,82,82,82,82,82,82,82,82,82,82,82,84,84,86,88,88,90,90,92,92,92,92,92,92,92],"card_choices":[{"not_picked":["FTL","ReplaySolidLightProjector"],"picked":"Beam Cell","floor":1.0},{"not_picked":["Turbo","Gash"],"picked":"Steam","floor":7.0},{"not_picked":["Gash+1","Coolheaded"],"picked":"ReplaySolidLightProjector","floor":10.0},{"not_picked":["ReplayTheSpireMod:Reroute Power","Creative AI"],"picked":"ReplayTheSpireMod:Calculation Training","floor":11.0},{"not_picked":["Aggregate","Coolheaded"],"picked":"Steam","floor":13.0},{"not_picked":["ReplayTheSpireMod:Reroute Power","Barrage+1"],"picked":"Rebound+1","floor":14.0},{"not_picked":["Hyperbeam+1","Reboot"],"picked":"All For One+1","floor":16.0},{"not_picked":["Heatsinks","ReplayTheSpireMod:Calculation Training+1"],"picked":"Leap+1","floor":18.0},{"not_picked":["Leap+1","FTL+1"],"picked":"Beam Cell+1","floor":20.0},{"not_picked":["Blizzard+1","ReplaySolidLightProjector"],"picked":"White Noise+1","floor":22.0},{"not_picked":["Fusion","Stack"],"picked":"Conserve Battery","floor":23.0},{"not_picked":["Coolheaded","Static Discharge"],"picked":"ReplayTheSpireMod:Calculation Training+1","floor":25.0},{"not_picked":["Chill+1","FIFO Queue+1"],"picked":"Ball Lightning+1","floor":28.0},{"not_picked":["ReplayTheSpireMod:Omega Cannon+1","Compile Driver+1"],"picked":"Turbo","floor":29.0},{"not_picked":["Coolheaded+1","Hyperbeam+1"],"picked":"Compile Driver+1","floor":31.0},{"not_picked":["Multi-Cast","Machine Learning"],"picked":"Seek","floor":33.0},{"not_picked":["Scrape+1","Hologram"],"picked":"Melter+1","floor":34.0},{"not_picked":["BasicCrystalCard","ReplaySort","ReplayTheSpireMod:Calculation Training"],"picked":"SKIP","floor":35.0},{"not_picked":["Fusion","Recycle+1"],"picked":"Panic Button","floor":38.0},{"not_picked":["Tempest","ReplayTheSpireMod:GoodbyeWorld+1"],"picked":"Coolheaded+1","floor":39.0},{"not_picked":["Rainbow","BasicCrystalCard+1","Storm+1"],"picked":"Singing Bowl","floor":45},{"not_picked":["Stack+1","Steam+1","Doom and Gloom+1"],"picked":"Singing Bowl","floor":47},{"not_picked":["Coolheaded+1","Reinforced Body+1","FIFO Queue+1"],"picked":"Singing Bowl","floor":48},{"not_picked":["Reboot+1","Hyperbeam+1","Meteor Strike+1"],"picked":"Singing Bowl","floor":50},{"not_picked":["Panic Button+1","Recycle+1","Conserve Battery+1"],"picked":"Singing Bowl","floor":52},{"not_picked":["BootSequence+1","Steam+1"],"picked":"Redo+1","floor":56}],"player_experience":214009,"relics_obtained":[{"floor":4.0,"key":"Replay:Wax Seal"},{"floor":7.0,"key":"Quantum Egg"},{"floor":9.0,"key":"Molten Egg 2"},{"floor":11.0,"key":"infinitespire:Lucky Rock"},{"floor":13.0,"key":"WingedGreaves"},{"floor":23.0,"key":"Eternal Feather"},{"floor":23.0,"key":"infinitespire:Satchel"},{"floor":25.0,"key":"Snack Pack"},{"floor":25.0,"key":"Pet Ghost"},{"floor":26.0,"key":"infinitespire:SolderingIron"},{"floor":28.0,"key":"Girya"},{"floor":28.0,"key":"Simple Rune"},{"floor":38.0,"key":"Pen Nib"},{"floor":43.0,"key":"Onion Ring"},{"floor":44.0,"key":"Matryoshka"},{"floor":45,"key":"Replay:Rubber Ducky"},{"floor":45,"key":"Replay:Bandana"},{"floor":48,"key":"Toxic Egg 2"},{"floor":48,"key":"Mercury Hourglass"}],"event_choices":[{"damage_healed":0.0,"max_hp_gain":0.0,"max_hp_loss":0.0,"gold_gain":0.0,"event_name":"Big Fish","player_choice":"Box","floor":3.0,"gold_loss":0.0,"damage_taken":0.0,"relics_obtained":["Cables"],"cards_obtained":["Regret"]},{"damage_healed":0.0,"max_hp_gain":0.0,"max_hp_loss":0.0,"gold_gain":0.0,"event_name":"Lab","player_choice":"Got Potions","floor":8.0,"gold_loss":0.0,"damage_taken":0.0},{"damage_healed":0.0,"max_hp_gain":0.0,"max_hp_loss":0.0,"gold_gain":0.0,"event_name":"The Mausoleum","player_choice":"Opened","floor":21.0,"gold_loss":0.0,"damage_taken":0.0,"relics_obtained":["Blue Candle"]},{"damage_healed":0.0,"max_hp_gain":0.0,"max_hp_loss":0.0,"gold_gain":0.0,"event_name":"Beggar","player_choice":"Ignored","floor":27.0,"gold_loss":0.0,"damage_taken":0.0},{"damage_healed":0.0,"max_hp_gain":0.0,"max_hp_loss":0.0,"gold_gain":999.0,"event_name":"MindBloom","player_choice":"Gold","floor":36.0,"gold_loss":0.0,"damage_taken":0.0,"cards_obtained":["Normality","Normality"]},{"damage_healed":0,"gold_gain":0,"player_choice":"Box","damage_taken":0,"relics_obtained":["infinitespire:PuzzleCube"],"max_hp_gain":0,"max_hp_loss":0,"event_name":"Big Fish","floor":54,"gold_loss":0,"cards_obtained":["Regret"]}],"is_beta":false,"boss_relics":[{"not_picked":["energizedSpire:StickyHand","energizedSpire:RedRose","Honey Jar"]},{"not_picked":["Sozu","energizedSpire:UnstableMolecules"],"picked":"Tiny House"},{"not_picked":["Kintsugi","infinitespire:Cupcake","Empty Cage"]}],"items_purged_floors":[19,37,41],"is_endless":true,"potions_floor_spawned":[7,13,16,18,22,29,33,45,47,48,56],"killed_by":"Nightmare","ascension_level":2}}