{"host":"08xvxt5w1s7zc7e5","time":1609388629,"event":{"mods":["BaseMod","Minty Spire (QoL Compilation)","StSLib","SuperFastMode"],"gold_per_floor":[119,119,119,44,59,59,86,102,153,189,201,213,225,237,249,340,352,364,364],"floor_reached":18,"playtime":2081,"items_purged":["Defend_P"],"score":326,"play_id":"f33df7fb-61bc-4f92-acf6-087ccbcb38f8","local_time":"20201231132349","is_ascension_mode":true,"campfire_choices":[{"data":"Eruption","floor":6,"key":"SMITH"},{"data":"Vigilance","floor":11,"key":"SMITH"},{"floor":13,"key":"REST"},{"data":"Omniscience","floor":15,"key":"SMITH"}],"circlet_count":0,"master_deck":["AscendersBane","Strike_P","Strike_P","Strike_P","Defend_P","Defend_P","Defend_P","Eruption+1","Vigilance+1","EmptyBody","InnerPeace","Omniscience+1"],"relics":["PureWater","NeowsBlessing","Dream Catcher","Letter Opener","MawBank","Akabeko","Runic Pyramid"],"acts_visited":["Exordium","TheCity"],"potions_floor_usage":[],"damage_taken":[{"damage":0,"enemies":"Cultist","floor":1,"turns":1},{"damage":0,"enemies":"Jaw Worm","floor":5,"turns":1},{"damage":0,"enemies":"3 Sentries","floor":7,"turns":2},{"damage":0,"enemies":"2 Louse","floor":8,"turns":3},{"damage":88,"enemies":"The Guardian","floor":16,"turns":20},{"damage":2,"enemies":"Shell Parasite","floor":18,"turns":3}],"seed_played":"290303287138448704","potions_obtained":[{"floor":8,"key":"FairyPotion"},{"floor":16,"key":"Explosive Potion"}],"is_trial":false,"path_per_floor":["M","?","?","$","M","R","E","M","T","T","R","?","R","$","R","B",null,"M"],"character_chosen":"WATCHER","items_purchased":[],"campfire_rested":1,"item_purchase_floors":[],"current_hp_per_floor":[61,61,56,56,56,56,56,56,56,56,56,56,68,68,68,20,56,54,54],"gold":364,"neow_bonus":"THREE_ENEMY_KILL","is_daily":false,"chose_seed":false,"campfire_upgraded":3,"win_rate":0.0,"timestamp":1609388629,"path_taken":["M","?","?","$","M","R","E","M","T","?","R","?","R","$","R","BOSS","M"],"items_purchased_type":[],"build_version":"2020-12-22","purchased_purges":1,"victory":false,"max_hp_per_floor":[68,68,68,68,68,68,68,68,68,68,68,68,68,68,68,68,68,68,68],"card_choices":[{"not_picked":["EmptyFist","Prostrate","PathToVictory"],"picked":"SKIP","floor":1},{"not_picked":["SignatureMove","FollowUp"],"picked":"EmptyBody","floor":5},{"not_picked":["Protect","Study","Crescendo"],"picked":"SKIP","floor":7},{"not_picked":["Perseverance","Crescendo"],"picked":"InnerPeace","floor":8}],"player_experience":229847,"relics_obtained":[{"floor":7,"key":"Letter Opener"},{"floor":9,"key":"MawBank"},{"floor":10,"key":"Akabeko"}],"event_choices":[{"damage_healed":0,"gold_gain":0,"player_choice":"Ignored","damage_taken":0,"max_hp_gain":0,"max_hp_loss":0,"event_name":"Liars Game","floor":2,"gold_loss":0},{"damage_healed":0,"gold_gain":0,"player_choice":"Success","damage_taken":5,"relics_obtained":["Dream Catcher"],"max_hp_gain":0,"max_hp_loss":0,"event_name":"Scrap Ooze","floor":3,"gold_loss":0},{"damage_healed":0,"gold_gain":0,"cards_transformed":["Strike_P"],"player_choice":"Transformed","damage_taken":0,"max_hp_gain":0,"max_hp_loss":0,"event_name":"Transmorgrifier","floor":12,"gold_loss":0,"cards_obtained":["Omniscience"]}],"is_beta":false,"boss_relics":[{"not_picked":["Coffee Dripper","Philosopher\u0027s Stone"],"picked":"Runic Pyramid"}],"items_purged_floors":[4],"is_endless":false,"potions_floor_spawned":[8,16],"killed_by":"Shell Parasite","ascension_level":16}}