{"host":"se62q65hiqxz7cab","time":1609384180,"event":{"mods":["Act Like it!","BaseMod","Colored Map","Minty Spire (QoL Compilation)","Replay The Spire","StSLib","The Bug Knight","The Cursed"],"gold_per_floor":[112,123,133,147,157,185,202,202,202,202,222,240,315,326,326,431,431,451,551,569,351,365,365,399,399,399],"floor_reached":25,"playtime":1542,"items_purged":["CommonCold"],"score":234,"play_id":"09640422-8bcf-45cb-970f-d2fd329692d4","local_time":"20201231110940","is_ascension_mode":false,"campfire_choices":[{"data":"HollowMod:CycloneSlash","floor":8,"key":"SMITH"},{"data":"HollowMod:ChannelNail","floor":10,"key":"SMITH"},{"floor":15,"key":"REST"},{"floor":23,"key":"REST"}],"circlet_count":0,"master_deck":["HollowMod:NailStrikeStart","HollowMod:NailStrikeStart","HollowMod:NailStrikeStart","HollowMod:NailStrikeStart","HollowMod:QuickDashStart","HollowMod:QuickDashStart","HollowMod:QuickDashStart","HollowMod:QuickDashStart","HollowMod:FocusHealStart","HollowMod:PogoStrike","HollowMod:CycloneSlash+1","HollowMod:HowlingWraiths","HollowMod:DoubleDash","HollowMod:CloakDash","HollowMod:DesolateDive","HollowMod:ChannelNail+1","HollowMod:QuirrelsAssistance","HollowMod:DoubleDash","HollowMod:SoulEater","HollowMod:SoulStrike","HollowMod:HuntersJournal","HollowMod:SoulVessel","HollowMod:SharpenedNail","HollowMod:theNailsmith"],"relics":["HollowMod:VesselMask","ReplayTheSpireMod:Lightbulb","Bottled Lightning","Honey Jar","ReplayTheSpireMod:CursedCoin","Ancient Tea Set","HollowMod:GreatKnightMask"],"acts_visited":["Exordium","TheCity"],"potions_floor_usage":[6,16,22,22,22],"damage_taken":[{"damage":7,"enemies":"Small Slimes","floor":1,"turns":4},{"damage":3,"enemies":"2 Louse","floor":2,"turns":2},{"damage":0,"enemies":"Cultist","floor":3,"turns":2},{"damage":1,"enemies":"2 Fungi Beasts","floor":4,"turns":3},{"damage":14,"enemies":"Looter","floor":5,"turns":4},{"damage":15,"enemies":"Gremlin Nob","floor":6,"turns":4},{"damage":4,"enemies":"Blue Slaver","floor":7,"turns":4},{"damage":1,"enemies":"Exordium Wildlife","floor":11,"turns":4},{"damage":3,"enemies":"Lots of Slimes","floor":12,"turns":3},{"damage":4,"enemies":"Blue Slaver","floor":14,"turns":3},{"damage":13,"enemies":"Fading Forest","floor":16,"turns":11},{"damage":15,"enemies":"Spheric Guardian","floor":18,"turns":5},{"damage":31,"enemies":"2 Thieves","floor":20,"turns":4},{"damage":24,"enemies":"Centurion and Healer","floor":22,"turns":9},{"damage":0,"enemies":"HollowMod:Zote","floor":24,"turns":3},{"damage":54,"enemies":"Shelled Parasite and Fungi","floor":25,"turns":5}],"seed_played":"-4258418040386540840","potions_obtained":[{"floor":3,"key":"SkillPotion"},{"floor":4,"key":"Fire Potion"},{"floor":6,"key":"FearPotion"},{"floor":12,"key":"EssenceOfSteel"},{"floor":20,"key":"PowerPotion"},{"floor":24,"key":"Swift Potion"}],"is_trial":false,"path_per_floor":["M","M","M","M","M","E","M","R","T","R","M","M","?","M","R","B",null,"M","?","M","$","M","R","?","M"],"character_chosen":"THE_BUGKNIGHT","items_purchased":["HollowMod:HuntersJournal","ReplayTheSpireMod:CursedCoin","Ancient Tea Set","HollowMod:SoulVessel"],"campfire_rested":2,"item_purchase_floors":[21,21,21,21],"current_hp_per_floor":[80,77,77,76,72,63,65,65,65,65,70,67,56,52,76,69,82,67,67,36,36,18,42,42,0,0],"gold":399,"neow_bonus":"TEN_PERCENT_HP_BONUS","is_daily":false,"chose_seed":false,"campfire_upgraded":2,"win_rate":0.0,"timestamp":1609384180,"path_taken":["M","M","M","M","M","E","M","R","T","R","M","M","?","M","R","BOSS","M","?","?","$","M","R","?","M"],"items_purchased_type":["Card","Relic","Relic","Card"],"build_version":"2020-12-22","purchased_purges":1,"victory":false,"max_hp_per_floor":[82,82,82,82,82,82,82,82,82,82,82,82,82,82,82,82,82,82,82,82,82,82,82,82,82,82],"card_choices":[{"not_picked":["HollowMod:MothsMistake","HollowMod:SoulSplash"],"picked":"HollowMod:CycloneSlash","floor":1},{"not_picked":["HollowMod:PerfectDash","HollowMod:DoubleDash"],"picked":"HollowMod:HowlingWraiths","floor":2},{"not_picked":["HollowMod:SiblingsSouls","HollowMod:InfectedCysts","HollowMod:DescendingDark"],"picked":"SKIP","floor":3},{"not_picked":["HollowMod:SharpenedNail","HollowMod:RecoilStrike"],"picked":"HollowMod:DoubleDash","floor":4},{"not_picked":["HollowMod:FallenFury","HollowMod:HeavyBlow"],"picked":"HollowMod:CloakDash","floor":5},{"not_picked":["HollowMod:InfectedAttack","HollowMod:SiblingsSouls"],"picked":"HollowMod:DesolateDive","floor":6},{"not_picked":["HollowMod:InfectedAttack","HollowMod:CycloneSlash"],"picked":"HollowMod:ChannelNail","floor":7},{"not_picked":["HollowMod:ChannelNail","HollowMod:CycloneSlash"],"picked":"HollowMod:QuirrelsAssistance","floor":11},{"not_picked":["HollowMod:VengefulVoid","HollowMod:CloakDash"],"picked":"HollowMod:DoubleDash","floor":12},{"not_picked":["HollowMod:FastStrike","HollowMod:SiblingsSouls","HollowMod:HeavyBlow"],"picked":"SKIP","floor":14},{"not_picked":["HollowMod:DungDefenderAura+1","HollowMod:FallenFury","HollowMod:ShapeofUnn+1"],"picked":"HollowMod:SoulEater","floor":18},{"not_picked":["HollowMod:DescendingDark","HollowMod:SharpenedNail","HollowMod:CornifersMapStart"],"picked":"HollowMod:SoulStrike","floor":20},{"not_picked":["HollowMod:InfectedCysts","HollowMod:TaintedHusks","HollowMod:WraithStrike"],"picked":"HollowMod:SharpenedNail","floor":22},{"not_picked":["HollowMod:ChannelNail","HollowMod:NewJinnsSoul","HollowMod:LuriensSpire+1"],"picked":"HollowMod:theNailsmith","floor":24}],"player_experience":142068,"relics_obtained":[{"floor":6,"key":"ReplayTheSpireMod:Lightbulb"},{"floor":9,"key":"Bottled Lightning"},{"floor":24,"key":"HollowMod:GreatKnightMask"}],"event_choices":[{"damage_healed":0,"gold_gain":75,"player_choice":"Gather Gold","damage_taken":11,"max_hp_gain":0,"max_hp_loss":0,"event_name":"World of Goop","floor":13,"gold_loss":0},{"damage_healed":0,"gold_gain":100,"player_choice":"Pray","damage_taken":0,"max_hp_gain":0,"max_hp_loss":0,"event_name":"Golden Shrine","floor":19,"gold_loss":0}],"is_beta":false,"boss_relics":[{"not_picked":["Painkiller Herb","Replay:Grab Bag"],"picked":"Honey Jar"}],"items_purged_floors":[21],"is_endless":false,"potions_floor_spawned":[3,4,6,12,20,24],"killed_by":"Shelled Parasite and Fungi","ascension_level":0}}