{"host":"g7trc0x2teqyd8ye","time":1609374238,"event":{"mods":["BaseMod","Key Reminder","Minty Spire (QoL Compilation)","Relic Stats"],"gold_per_floor":[360,69,69,85,360,390,403,429,453,453,45,63,79,105,105,179,179,190,208,208,12,24,24,24],"floor_reached":23,"playtime":888,"items_purged":["Regret","Strike_R"],"score":401,"play_id":"ffd5a4d5-816f-49f3-89ae-073dff117cba","local_time":"20201231012358","is_ascension_mode":true,"campfire_choices":[{"floor":10,"key":"REST"},{"data":"Fire Breathing","floor":15,"key":"SMITH"}],"circlet_count":0,"master_deck":["AscendersBane","Strike_R","Strike_R","Strike_R","Defend_R","Defend_R","Defend_R","Defend_R","Bash","Clumsy","Fire Breathing+1","Clothesline+1","Evolve","Pummel+1","Uppercut+1","Twin Strike+1","Twin Strike+1","Anger+1","Cleave+1","Metallicize","Disarm","Corruption","CurseOfTheBell","Iron Wave+1","Juggernaut","Madness","Metallicize"],"relics":["Burning Blood","Molten Egg 2","Boot","Regal Pillow","keyreminder:keyreminder","Akabeko","Bottled Flame","Orichalcum","Potion Belt","Pantograph","FossilizedHelix","Nloth\u0027s Gift"],"acts_visited":["Exordium","TheCity"],"potions_floor_usage":[6,8,14,22,23,23,23],"damage_taken":[{"damage":7,"enemies":"Cultist","floor":1,"turns":4},{"damage":0,"enemies":"2 Louse","floor":4,"turns":2},{"damage":47,"enemies":"Lagavulin","floor":6,"turns":8},{"damage":9,"enemies":"Small Slimes","floor":7,"turns":3},{"damage":26,"enemies":"3 Sentries","floor":8,"turns":5},{"damage":0,"enemies":"Exordium Wildlife","floor":12,"turns":2},{"damage":0,"enemies":"3 Louse","floor":13,"turns":1},{"damage":10,"enemies":"Lagavulin","floor":14,"turns":3},{"damage":14,"enemies":"Slime Boss","floor":16,"turns":7},{"damage":14,"enemies":"3 Byrds","floor":18,"turns":5},{"damage":0,"enemies":"Chosen","floor":19,"turns":3},{"damage":6,"enemies":"3 Cultists","floor":22,"turns":5},{"damage":68,"enemies":"Gremlin Leader","floor":23,"turns":5}],"seed_played":"6153375844970779782","potions_obtained":[{"floor":1,"key":"Block Potion"},{"floor":7,"key":"DistilledChaos"},{"floor":12,"key":"Fire Potion"},{"floor":13,"key":"Dexterity Potion"},{"floor":16,"key":"Weak Potion"},{"floor":18,"key":"SkillPotion"},{"floor":19,"key":"Strength Potion"}],"is_trial":false,"path_per_floor":["M","$","?","M","?","E","M","E","T","R","$","M","M","E","R","B",null,"M","M","?","$","M","E"],"character_chosen":"IRONCLAD","items_purchased":["Molten Egg 2","Clothesline+1","Bottled Flame","Anger+1","Madness"],"campfire_rested":1,"item_purchase_floors":[2,2,11,11,21],"current_hp_per_floor":[67,67,67,73,73,32,29,9,9,46,46,52,58,54,54,46,68,60,66,66,66,66,0,0],"gold":24,"neow_bonus":"TWO_FIFTY_GOLD","is_daily":false,"chose_seed":false,"campfire_upgraded":1,"win_rate":0.0,"timestamp":1609374238,"path_taken":["M","$","?","M","?","E","?","E","T","R","$","M","M","E","R","BOSS","M","M","?","$","M","E"],"items_purchased_type":["Relic","Card","Relic","Card","Card"],"build_version":"2020-12-22","purchased_purges":2,"victory":false,"max_hp_per_floor":[75,75,75,75,75,75,75,75,75,75,75,75,75,75,75,75,75,75,75,75,75,75,75,75],"relic_stats":{"Regal Pillow":15,"counters":[13,53],"Pantograph":0,"Nloth\u0027s Gift":0,"Orichalcum":[90],"Boot":[28],"obtain_stats":[{"Potion Belt":17,"Regal Pillow":8,"Orichalcum":14,"Boot":6,"Burning Blood":0,"Akabeko":9,"keyreminder:keyreminder":8,"Calling Bell":17,"Bottled Flame":11,"Pantograph":17,"Molten Egg 2":2,"Nloth\u0027s Gift":20,"FossilizedHelix":17},{"Potion Belt":9,"Regal Pillow":5,"Orichalcum":8,"Boot":3,"Burning Blood":0,"Akabeko":5,"keyreminder:keyreminder":5,"Calling Bell":9,"Bottled Flame":5,"Pantograph":9,"Molten Egg 2":1,"Nloth\u0027s Gift":11,"FossilizedHelix":9},{"Potion Belt":35,"Regal Pillow":22,"Orichalcum":28,"Boot":14,"Burning Blood":0,"Akabeko":22,"keyreminder:keyreminder":22,"Calling Bell":35,"Bottled Flame":22,"Pantograph":35,"Molten Egg 2":4,"Nloth\u0027s Gift":43,"FossilizedHelix":35}],"Burning Blood":72},"card_choices":[{"not_picked":["Hemokinesis","Uppercut"],"picked":"Fire Breathing","floor":1},{"not_picked":["Perfected Strike+1","Dark Embrace"],"picked":"Pummel+1","floor":4},{"not_picked":["Fire Breathing","Warcry"],"picked":"Uppercut+1","floor":6},{"not_picked":["Disarm","Warcry"],"picked":"Twin Strike+1","floor":7},{"not_picked":["Searing Blow+1","Shrug It Off"],"picked":"Twin Strike+1","floor":8},{"not_picked":["Heavy Blade+1","Bloodletting"],"picked":"Cleave+1","floor":12},{"not_picked":["Inflame","Brutality"],"picked":"Metallicize","floor":13},{"not_picked":["Clothesline+1","Evolve"],"picked":"Disarm","floor":14},{"not_picked":["Immolate+1","Demon Form"],"picked":"Corruption","floor":16},{"not_picked":["Shrug It Off","Havoc"],"picked":"Iron Wave+1","floor":18},{"not_picked":["Uppercut+1","Pommel Strike+1"],"picked":"Juggernaut","floor":19},{"not_picked":["Evolve","Clash+1"],"picked":"Metallicize","floor":22}],"player_experience":836002,"relics_obtained":[{"floor":6,"key":"Boot"},{"floor":8,"key":"Regal Pillow"},{"floor":9,"key":"Akabeko"},{"floor":14,"key":"Orichalcum"},{"floor":17,"key":"Potion Belt"},{"floor":17,"key":"Pantograph"},{"floor":17,"key":"FossilizedHelix"}],"event_choices":[{"damage_healed":0,"gold_gain":0,"cards_transformed":["Strike_R"],"player_choice":"Change","damage_taken":0,"max_hp_gain":0,"max_hp_loss":0,"event_name":"Living Wall","floor":3,"gold_loss":0,"cards_obtained":["Evolve"]},{"damage_healed":0,"gold_gain":275,"player_choice":"Desecrate","damage_taken":0,"max_hp_gain":0,"max_hp_loss":0,"event_name":"Golden Shrine","floor":5,"gold_loss":0,"cards_obtained":["Regret"]},{"damage_healed":0,"gold_gain":0,"player_choice":"Traded Relic","damage_taken":0,"relics_obtained":["Nloth\u0027s Gift"],"max_hp_gain":0,"max_hp_loss":0,"event_name":"N\u0027loth","floor":20,"relics_lost":["Calling Bell"],"gold_loss":0}],"is_beta":false,"boss_relics":[{"not_picked":["Runic Cube","SlaversCollar"],"picked":"Calling Bell"}],"items_purged_floors":[11,21],"is_endless":false,"potions_floor_spawned":[1,7,12,13,16,18,19],"killed_by":"Gremlin Leader","ascension_level":18}}