{"host":"ql2ou8pbwhrolc4x","time":1609390071,"event":{"mods":["2.2 Compatiblity","Act Like it!","Arknights The Spire","BaseMod","Better Third Choice","Colored Map","Colored Powertips","Gensokyo","Hallownest","Hubris","Infinite Spire","Lobotomy","LobotomyExtend","Marisa£¨Ùöéë¡¡Øª×âÞÞ£©","Minty Spire (QoL Compilation)","Random Character Button","Replay The Spire","Spicy Shops","StSLib","The Jungle","WarShipGirlsR/??á´Ò³R mod","vexMod","¡¼?Úª?ø«¡½REMEMod"],"gold_per_floor":[115,115,115,130,130,130,130,130],"floor_reached":7,"playtime":303,"items_purged":[],"score":39,"play_id":"82266408-0a1a-48f5-902a-00a9843b3abc","local_time":"20201231134751","is_ascension_mode":false,"campfire_choices":[{"data":"ats:Emotion Absorption","floor":6,"key":"SMITH"}],"circlet_count":0,"master_deck":["ats:Strike C","ats:Strike G","ats:Strike S","ats:Strike V","ats:Armor Crushing Shot","ats:Defend","ats:Defend","ats:Defend","ats:Defend","ats:Emotion Absorption+1","ats:Flexible Camouflage","Injury","ats:Very Hot Blade"],"relics":["ats:Sanity","REME_ComplimentaryCards","LetterFromLob","Boot","hubris:CrystalStatue"],"acts_visited":["Exordium"],"potions_floor_usage":[7],"damage_taken":[{"damage":4,"enemies":"Gensokyo:Python","floor":1,"turns":5},{"damage":8,"enemies":"Gensokyo:3_Fairies","floor":4,"turns":5},{"damage":11,"enemies":"Gensokyo:Aya","floor":7,"turns":5}],"seed_played":"562331781939759123","potions_obtained":[{"floor":1,"key":"SkillPotion"}],"is_trial":false,"path_per_floor":["M","?","?","M","T","R","E"],"character_chosen":"DOCTOR_CLASS","items_purchased":[],"campfire_rested":0,"item_purchase_floors":[],"current_hp_per_floor":[68,68,68,60,60,60,49,49],"gold":130,"neow_bonus":"RANDOM_EVENT","is_daily":false,"chose_seed":false,"campfire_upgraded":1,"win_rate":0.0,"timestamp":1609390071,"path_taken":["M","?","?","M","?","R","E"],"items_purchased_type":[],"build_version":"2020-12-22","purchased_purges":0,"victory":false,"max_hp_per_floor":[72,72,72,72,72,72,72,72],"card_choices":[{"not_picked":["ats:Apocalypse","ats:Consecutive Shot Auto"],"picked":"ats:Flexible Camouflage","floor":1},{"not_picked":["ats:Explosion Area Strengthen","ats:Childhood Dance"],"picked":"ats:Very Hot Blade","floor":4}],"player_experience":913175,"relics_obtained":[{"floor":1,"key":"LetterFromLob"},{"floor":5,"key":"hubris:CrystalStatue"}],"event_choices":[],"is_beta":false,"boss_relics":[],"items_purged_floors":[],"is_endless":false,"potions_floor_spawned":[1],"killed_by":"Gensokyo:Aya","ascension_level":0}}