{"host":"p08oqmr389b4tgxi","time":1609428868,"event":{"mods":["Act Like it!","Arknights The Spire","BaseMod","Colored Powertips","Friendly Minions","Gensokyo","Hermit","Minty Spire (QoL Compilation)","Pale of the Ancients","Relic Stats","StSLib","The Alterego","The Marked","UnlockEverythingMod","Yakumo Yukari mod"],"gold_per_floor":[115,131,148,168,268,268,288,299,354,354,354,354,374,374,374,374,374],"floor_reached":16,"playtime":321,"items_purged":[],"score":94,"play_id":"98426062-a8aa-47d1-a501-dadb20507a43","local_time":"20201231233428","is_ascension_mode":false,"campfire_choices":[{"data":"ats:Curse Doll","floor":6,"key":"SMITH"},{"floor":12,"key":"REST"},{"data":"ats:Hammer On","floor":15,"key":"SMITH"}],"circlet_count":0,"master_deck":["ats:Strike G","ats:Strike S","ats:Strike V","ats:Armor Crushing Shot","ats:Defend","ats:Defend","ats:Defend","ats:Defend","ats:Emotion Absorption","ats:Flame Of Heaven","ats:Curse Doll+1","ats:Shadow Assault","ats:Hammer On+1","ats:Guardian Obelisk"],"relics":["ats:Sanity","NeowsBlessing","Juzu Bracelet","Golden Idol"],"acts_visited":["Exordium"],"potions_floor_usage":[],"damage_taken":[{"damage":0,"enemies":"Small Slimes","floor":1,"turns":2},{"damage":0,"enemies":"Cultist","floor":2,"turns":1},{"damage":0,"enemies":"2 Louse","floor":3,"turns":1},{"damage":6,"enemies":"Blue Slaver","floor":4,"turns":7},{"damage":0,"enemies":"Lots of Slimes","floor":7,"turns":1},{"damage":30,"enemies":"Red Slaver","floor":8,"turns":6},{"damage":11,"enemies":"Blue Slaver","floor":13,"turns":3},{"damage":32,"enemies":"The Guardian","floor":16,"turns":2}],"seed_played":"7889383396983061191","potions_obtained":[{"floor":3,"key":"PowerPotion"},{"floor":8,"key":"Strength Potion"},{"floor":14,"key":"DuplicationPotion"}],"is_trial":false,"path_per_floor":["M","M","M","M","?","R","M","M","T","?","?","R","M","?","R","B"],"character_chosen":"DOCTOR_CLASS","items_purchased":[],"campfire_rested":1,"item_purchase_floors":[],"current_hp_per_floor":[72,72,72,66,66,66,66,36,36,18,18,39,28,28,28,0,0],"gold":374,"neow_bonus":"THREE_ENEMY_KILL","is_daily":false,"chose_seed":false,"campfire_upgraded":2,"win_rate":0.0,"timestamp":1609428868,"path_taken":["M","M","M","M","?","R","M","?","T","?","?","R","M","?","R","BOSS"],"items_purchased_type":[],"build_version":"2020-12-22","purchased_purges":0,"victory":false,"max_hp_per_floor":[72,72,72,72,72,72,72,72,72,72,72,72,72,72,72,72,72],"relic_stats":{"counters":[8,23],"Golden Idol":4,"Juzu Bracelet":1,"obtain_stats":[{"NeowsBlessing":0,"Golden Idol":10,"Juzu Bracelet":9,"ats:Sanity":0},{"NeowsBlessing":0,"Golden Idol":6,"Juzu Bracelet":6,"ats:Sanity":0},{"NeowsBlessing":0,"Golden Idol":18,"Juzu Bracelet":18,"ats:Sanity":0}]},"card_choices":[{"not_picked":["ats:Childhood Dance","ats:Beaten Up"],"picked":"ats:Flame Of Heaven","floor":1},{"not_picked":["ats:Flexible Camouflage","ats:Shell Defense"],"picked":"ats:Curse Doll","floor":2},{"not_picked":["ats:Assault Order","ats:Cat Scratch"],"picked":"ats:Shadow Assault","floor":3},{"not_picked":["ats:Neurotoxin","ats:Curse Doll","ats:Consecutive Shot Auto"],"picked":"SKIP","floor":4},{"not_picked":["ats:Shell Defense","ats:Leaping Hammer","ats:Poison Spread"],"picked":"SKIP","floor":7},{"not_picked":["ats:Flexible Camouflage","ats:Song Of Battle"],"picked":"ats:Hammer On","floor":8},{"not_picked":["ats:Flame Of Heaven","ats:Healing Strengthening"],"picked":"ats:Guardian Obelisk","floor":13}],"player_experience":2456,"relics_obtained":[{"floor":9,"key":"Juzu Bracelet"}],"event_choices":[{"damage_healed":0,"gold_gain":100,"player_choice":"Pray","damage_taken":0,"max_hp_gain":0,"max_hp_loss":0,"event_name":"Golden Shrine","floor":5,"gold_loss":0},{"damage_healed":0,"gold_gain":0,"player_choice":"Take Damage","damage_taken":18,"relics_obtained":["Golden Idol"],"max_hp_gain":0,"max_hp_loss":0,"event_name":"Golden Idol","floor":10,"gold_loss":0},{"cards_removed":["ats:Strike C"],"damage_healed":0,"gold_gain":0,"player_choice":"Purged","damage_taken":0,"max_hp_gain":0,"max_hp_loss":0,"event_name":"Purifier","floor":11,"gold_loss":0},{"damage_healed":0,"gold_gain":0,"player_choice":"Got Potions","damage_taken":0,"max_hp_gain":0,"max_hp_loss":0,"event_name":"Lab","floor":14,"gold_loss":0}],"is_beta":false,"boss_relics":[],"items_purged_floors":[],"is_endless":false,"potions_floor_spawned":[3,8],"killed_by":"The Guardian","ascension_level":0}}