{"host":"u3jctbsl7uavviuy","time":1609402567,"event":{"mods":["BaseMod","BetterRewards","GungeonMod","HololiveMod","Luminous","Marisa（F雨　魔理沙）","Minty Spire (QoL Compilation)","Relic Stats","Replay The Spire","Shop Mod","Spicy Shops","StSLib","TestMod","The Animator","The Cursed","The Gatherer","The Servant 0.9.4","WarShipGirlsR/战舰少女R mod","vexMod","篝火指南"],"gold_per_floor":[112,92,112,125,125,125,158,174,174,209,209,225,248,288,288,386,386,386,386],"floor_reached":18,"playtime":941,"items_purged":["Defend_R"],"score":583,"play_id":"a14fa32f-db7a-42be-a43b-eb6a1df076fd","local_time":"20201231171607","is_ascension_mode":true,"campfire_choices":[{"data":"Dark Embrace","floor":6,"key":"SMITH"},{"data":"Body Slam","floor":11,"key":"SMITH"},{"data":"Double Tap","floor":15,"key":"SMITH"}],"circlet_count":0,"master_deck":["AscendersBane","Strike_R","Strike_R","Strike_R","Strike_R","Strike_R","Defend_R","Defend_R+1","Defend_R","Bash","Dark Embrace+1","Feel No Pain","Body Slam+1","Mayhem+1","Metallicize+1","Discovery","Battle Trance+1","Ghostly Armor","True Grit","Body Slam","Headbutt","Pommel Strike","Double Tap+1","Exhume"],"relics":["Burning Blood","testmod-TestBox","testmod-BatchProcessingSystem","MerchantsRug","ReplayTheSpireMod:Shallot","Meat on the Bone","Frozen Egg 2","Golden Idol","vexMod:BarristanHead","vexMod:InvisibilityCloak","Pondfish Scales","War Paint","Ooze Armor"],"acts_visited":["Exordium","TheCity"],"potions_floor_usage":[3,7,7],"damage_taken":[{"damage":3,"enemies":"Jaw Worm","floor":1,"turns":4},{"damage":0,"enemies":"Cultist","floor":3,"turns":4},{"damage":0,"enemies":"Small Slimes","floor":4,"turns":4},{"damage":0,"enemies":"3 Sentries","floor":7,"turns":5},{"damage":4,"enemies":"Exordium Wildlife","floor":8,"turns":6},{"damage":20,"enemies":"Replay:BlueRogue","floor":10,"turns":7},{"damage":2,"enemies":"Red Slaver","floor":12,"turns":5},{"damage":1,"enemies":"Gremlin Gang","floor":13,"turns":5},{"damage":25,"enemies":"Gremlin Nob","floor":14,"turns":4},{"damage":12,"enemies":"Hexaghost","floor":16,"turns":8},{"damage":2,"enemies":"Chosen","floor":18,"turns":5}],"seed_played":"1606022192902357784","potions_obtained":[{"floor":2,"key":"Swift Potion"},{"floor":3,"key":"EssenceOfSteel"},{"floor":12,"key":"Strength Potion"},{"floor":13,"key":"Block Potion"}],"is_trial":false,"path_per_floor":["M","?","M","M","?","R","E","M","T","E","R","M","M","E","R","B",null,"M"],"character_chosen":"IRONCLAD","items_purchased":["MerchantsRug","ReplayTheSpireMod:Shallot","Meat on the Bone","Dark Embrace","Feel No Pain","Frozen Egg 2","Body Slam","Mayhem+1","Metallicize+1","Discovery","Adrenaline Potion"],"campfire_rested":0,"item_purchase_floors":[0,0,0,0,0,0,0,0,0,0,0],"current_hp_per_floor":[35,35,53,59,33,33,51,53,53,51,51,55,60,53,53,47,68,66,66],"gold":386,"neow_bonus":"","is_daily":false,"chose_seed":false,"campfire_upgraded":3,"win_rate":0.0,"timestamp":1609402567,"path_taken":["M","?","M","?","?","R","E","M","T","E","R","M","M","E","R","BOSS","M"],"items_purchased_type":["Relic","Relic","Relic","Card","Card","Relic","Card","Card","Card","Card","Potion"],"build_version":"2020-12-22","purchased_purges":1,"victory":false,"max_hp_per_floor":[75,75,75,75,75,75,75,75,75,75,75,75,75,75,75,75,75,75,75],"relic_stats":{"counters":[150,605],"Golden Idol":53,"War Paint":["Defend_R","Battle Trance"],"obtain_stats":[{"Replay:Accelerometer":9,"testmod-HeartOfStrike":43,"vexMod:MemoryStick":12,"DemoMod:AgedBell":10,"Whetstone":49,"Sling":0,"vexMod:InvisibilityCloak":9,"testmod-Prudence":17,"Sundial":28,"vexMod:EndlessSickness":34,"DemoMod:LamentConfigurum":0,"Fusion Hammer":34,"MerchantsRug":0,"testmod-TestBox":0,"Pear":45,"Blue Candle":0,"Eternal Feather":0,"Pen Nib":25,"Replay:Ancient Bell":17,"vexMod:GhostlyGear":0,"DemoMod:MeatBun":53,"Ooze Armor":17,"MutagenicStrength":22,"DemoMod:SerJunkan":26,"Lantern":29,"Regal Pillow":7,"Singing Bowl":0,"Magic Flower":0,"testmod-EqualTreatment":27,"Blue Doll":31,"King of Hearts":0,"Bag of Preparation":0,"Burning Blood":0,"testmod-CasingShield":32,"Pet Ghost":40,"Replay:Rubber Ducky":19,"Toolbox":37,"testmod-DeterminationOfClimber":34,"Chemical X":0,"Replay:Bottled Eggs":21,"Lee\u0027s Waffle":31,"Golden Idol":5,"DemoMod:Antibody":17,"DemoMod:PinkGuonStone":49,"Omamori":0,"Frozen Egg 2":0,"testmod-ConstraintPeriapt":6,"MawBank":40,"testmod-Hope":43,"Orrery":20,"Garlic":30,"Art of War":19,"Bottled Lightning":8,"ReplayTheSpireMod:Lightbulb":11,"Toy Ornithopter":27,"DemoMod:GreenGuonStone":28,"Ice Cream":38,"Divine Protection":23,"Tiny House":34,"Calipers":13,"Vajra":23,"testmod-BatchProcessingSystem":8,"testmod-IWantAll":0,"DemoMod:GlassGuonStoneRelic":8,"Centennial Puzzle":44,"DollysMirror":0,"Honey Jar":17,"Prayer Wheel":10,"Iron Hammer":14,"DemoMod:ClearGuonStone":17,"testmod-ChristmasGift":0,"Happy Flower":40,"Oddly Smooth Stone":53,"Charon\u0027s Ashes":26,"War Paint":26,"testmod-RealStoneCalender":47,"Replay:Baseball":32,"ReplayTheSpireMod:Spearhead":43,"ReplayTheSpireMod:Shallot":8,"Shuriken":0,"testmod-Acrobat":8,"Onion Ring":6,"Molten Egg 2":0,"Grinning Jar":53,"Mirror":9,"Meat on the Bone":0,"Incense Burner":25,"testmod-Nyarlathotep":47,"Replay:Mystery Machine":6,"DemoMod:WhiteGuonStone":27,"Empty Cage":31,"testmod-BouquetWithThorns":46,"testmod-Charity":39,"ClockworkSouvenir":39,"Replay:Bandana":11,"testmod-Alchemist":14,"testmod-Motorcycle":0,"Gambling Chip":46,"Tiny Chest":0,"testmod-ArcanaOfDestiny":30,"DemoMod:Junk":31,"ReplayTheSpireMod:Ninjato":42,"Quantum Egg":42,"Replay:WaspNest":24,"vexMod:FocusSash":42,"testmod-Justice":0,"testmod-IndustrialRevolution":0,"Medical Kit":0,"White Beast Statue":49,"vexMod:Dragonfruit":25,"Anchor":0,"Pondfish Scales":10,"vexMod:BarristanHead":6,"testmod-AssaultLearning":47,"vexMod:HeadHunter":40,"Another Sword":0,"Bag of Marbles":12,"Snack Pack":23,"Membership Card":32,"DemoMod:RingOfEthereal":10},{"Replay:Accelerometer":91,"testmod-HeartOfStrike":134,"vexMod:MemoryStick":6,"DemoMod:AgedBell":119,"Whetstone":23,"Sling":56,"vexMod:InvisibilityCloak":144,"testmod-Prudence":65,"Sundial":72,"vexMod:EndlessSickness":43,"DemoMod:LamentConfigurum":56,"Fusion Hammer":75,"MerchantsRug":113,"testmod-TestBox":0,"Pear":50,"Blue Candle":86,"Eternal Feather":56,"Pen Nib":13,"Replay:Ancient Bell":122,"vexMod:GhostlyGear":56,"DemoMod:MeatBun":54,"Ooze Armor":149,"MutagenicStrength":68,"DemoMod:SerJunkan":71,"Lantern":42,"Regal Pillow":60,"Singing Bowl":113,"Magic Flower":86,"testmod-EqualTreatment":126,"Blue Doll":16,"King of Hearts":56,"Bag of Preparation":113,"Burning Blood":0,"testmod-CasingShield":16,"Pet Ghost":108,"Replay:Rubber Ducky":10,"Toolbox":105,"testmod-DeterminationOfClimber":103,"Chemical X":0,"Replay:Bottled Eggs":68,"Lee\u0027s Waffle":128,"Golden Idol":142,"DemoMod:Antibody":122,"DemoMod:PinkGuonStone":83,"Omamori":56,"Frozen Egg 2":0,"testmod-ConstraintPeriapt":28,"MawBank":19,"testmod-Hope":20,"Orrery":35,"Garlic":42,"Art of War":123,"Bottled Lightning":5,"ReplayTheSpireMod:Lightbulb":92,"Toy Ornithopter":40,"DemoMod:GreenGuonStone":72,"Ice Cream":106,"Divine Protection":69,"Tiny House":17,"Calipers":63,"Vajra":12,"testmod-BatchProcessingSystem":144,"testmod-IWantAll":0,"DemoMod:GlassGuonStoneRelic":5,"Centennial Puzzle":110,"DollysMirror":86,"Honey Jar":33,"Prayer Wheel":91,"Iron Hammer":121,"DemoMod:ClearGuonStone":122,"testmod-ChristmasGift":86,"Happy Flower":46,"Oddly Smooth Stone":54,"Charon\u0027s Ashes":13,"War Paint":100,"testmod-RealStoneCalender":22,"Replay:Baseball":16,"ReplayTheSpireMod:Spearhead":109,"ReplayTheSpireMod:Shallot":118,"Shuriken":86,"testmod-Acrobat":29,"Onion Ring":4,"Molten Egg 2":24,"Grinning Jar":84,"Mirror":60,"Meat on the Bone":139,"Incense Burner":71,"testmod-Nyarlathotep":83,"Replay:Mystery Machine":90,"DemoMod:WhiteGuonStone":101,"Empty Cage":42,"testmod-BouquetWithThorns":83,"testmod-Charity":18,"ClockworkSouvenir":18,"Replay:Bandana":62,"testmod-Alchemist":93,"testmod-Motorcycle":0,"Gambling Chip":136,"Tiny Chest":113,"testmod-ArcanaOfDestiny":101,"DemoMod:Junk":74,"ReplayTheSpireMod:Ninjato":20,"Quantum Egg":134,"Replay:WaspNest":38,"vexMod:FocusSash":134,"testmod-Justice":86,"testmod-IndustrialRevolution":86,"Medical Kit":86,"White Beast Statue":23,"vexMod:Dragonfruit":100,"Anchor":24,"Pondfish Scales":145,"vexMod:BarristanHead":28,"testmod-AssaultLearning":52,"vexMod:HeadHunter":133,"Another Sword":0,"Bag of Marbles":32,"Snack Pack":98,"Membership Card":16,"DemoMod:RingOfEthereal":61},{"Replay:Accelerometer":385,"testmod-HeartOfStrike":530,"vexMod:MemoryStick":25,"DemoMod:AgedBell":472,"Whetstone":96,"Sling":232,"vexMod:InvisibilityCloak":571,"testmod-Prudence":270,"Sundial":308,"vexMod:EndlessSickness":180,"DemoMod:LamentConfigurum":232,"Fusion Hammer":323,"MerchantsRug":448,"testmod-TestBox":0,"Pear":207,"Blue Candle":366,"Eternal Feather":232,"Pen Nib":56,"Replay:Ancient Bell":486,"vexMod:GhostlyGear":232,"DemoMod:MeatBun":222,"Ooze Armor":600,"MutagenicStrength":292,"DemoMod:SerJunkan":305,"Lantern":173,"Regal Pillow":244,"Singing Bowl":448,"Magic Flower":366,"testmod-EqualTreatment":502,"Blue Doll":65,"King of Hearts":232,"Bag of Preparation":448,"Burning Blood":0,"testmod-CasingShield":65,"Pet Ghost":434,"Replay:Rubber Ducky":40,"Toolbox":428,"testmod-DeterminationOfClimber":425,"Chemical X":0,"Replay:Bottled Eggs":292,"Lee\u0027s Waffle":509,"Golden Idol":560,"DemoMod:Antibody":486,"DemoMod:PinkGuonStone":352,"Omamori":232,"Frozen Egg 2":0,"testmod-ConstraintPeriapt":107,"MawBank":82,"testmod-Hope":86,"Orrery":139,"Garlic":173,"Art of War":488,"Bottled Lightning":22,"ReplayTheSpireMod:Lightbulb":390,"Toy Ornithopter":164,"DemoMod:GreenGuonStone":306,"Ice Cream":430,"Divine Protection":295,"Tiny House":71,"Calipers":258,"Vajra":51,"testmod-BatchProcessingSystem":566,"testmod-IWantAll":0,"DemoMod:GlassGuonStoneRelic":22,"Centennial Puzzle":438,"DollysMirror":366,"Honey Jar":132,"Prayer Wheel":385,"Iron Hammer":479,"DemoMod:ClearGuonStone":486,"testmod-ChristmasGift":366,"Happy Flower":190,"Oddly Smooth Stone":222,"Charon\u0027s Ashes":56,"War Paint":418,"testmod-RealStoneCalender":91,"Replay:Baseball":65,"ReplayTheSpireMod:Spearhead":437,"ReplayTheSpireMod:Shallot":468,"Shuriken":366,"testmod-Acrobat":113,"Onion Ring":17,"Molten Egg 2":98,"Grinning Jar":358,"Mirror":244,"Meat on the Bone":548,"Incense Burner":305,"testmod-Nyarlathotep":352,"Replay:Mystery Machine":379,"DemoMod:WhiteGuonStone":421,"Empty Cage":173,"testmod-BouquetWithThorns":352,"testmod-Charity":78,"ClockworkSouvenir":78,"Replay:Bandana":255,"testmod-Alchemist":392,"testmod-Motorcycle":0,"Gambling Chip":537,"Tiny Chest":448,"testmod-ArcanaOfDestiny":421,"DemoMod:Junk":315,"ReplayTheSpireMod:Ninjato":86,"Quantum Egg":530,"Replay:WaspNest":151,"vexMod:FocusSash":530,"testmod-Justice":366,"testmod-IndustrialRevolution":366,"Medical Kit":366,"White Beast Statue":96,"vexMod:Dragonfruit":418,"Anchor":98,"Pondfish Scales":578,"vexMod:BarristanHead":109,"testmod-AssaultLearning":214,"vexMod:HeadHunter":527,"Another Sword":0,"Bag of Marbles":125,"Snack Pack":411,"Membership Card":65,"DemoMod:RingOfEthereal":249}],"Burning Blood":740,"Meat on the Bone":60},"card_choices":[{"not_picked":["Perfected Strike","Run Through"],"picked":"Battle Trance","floor":1},{"not_picked":["Run Through","Massacre"],"picked":"Ghostly Armor","floor":3},{"not_picked":["Heavy Blade","Rage"],"picked":"True Grit","floor":4},{"not_picked":["Replay:Undeath\u0027s Touch","Cleave","Pommel Strike"],"picked":"SKIP","floor":7},{"not_picked":["ReplayTheSpireMod:LeadingStrike","Warcry","Heavy Blade"],"picked":"SKIP","floor":8},{"not_picked":["Heavy Blade","Intimidate"],"picked":"Body Slam","floor":10},{"not_picked":["Cleave","ReplayTheSpireMod:Corrosion Curse"],"picked":"Headbutt","floor":12},{"not_picked":["True Grit","Pummel"],"picked":"Pommel Strike","floor":13},{"not_picked":["Burning Pact","Exhume"],"picked":"Double Tap","floor":14},{"not_picked":["Impervious","Bludgeon"],"picked":"Exhume","floor":16}],"player_experience":404907,"relics_obtained":[{"floor":7,"key":"vexMod:BarristanHead"},{"floor":9,"key":"vexMod:InvisibilityCloak"},{"floor":10,"key":"Pondfish Scales"},{"floor":14,"key":"War Paint"}],"event_choices":[{"damage_healed":0,"gold_gain":0,"player_choice":"Bought 1 Potion","damage_taken":0,"max_hp_gain":0,"max_hp_loss":0,"event_name":"The Woman in Blue","floor":2,"gold_loss":0},{"damage_healed":0,"gold_gain":0,"player_choice":"Take Damage","damage_taken":26,"relics_obtained":["Golden Idol"],"max_hp_gain":0,"max_hp_loss":0,"event_name":"Golden Idol","floor":5,"gold_loss":0}],"is_beta":false,"boss_relics":[{"not_picked":["Black Star","testmod-DreamHouse"],"picked":"Ooze Armor"}],"items_purged_floors":[0],"is_endless":false,"potions_floor_spawned":[3,4,12,13],"killed_by":"Chosen","ascension_level":18}}