{"host":"yn1175etg9ni8l0q","time":1609417578,"event":{"mods":["AchievementEnabler","BaseMod","Colored Map","Colored Powertips","DeckTracker","Minty Spire (QoL Compilation)","Rare Cards Sparkle","Relic Stats","SuperFastMode","everything is the same but u backflip on backflip"],"gold_per_floor":[111,121,140,215,228,262,262,274,299,312,312,237,255,274,274,378,378,393,393,410,410,325,325,353,353,353,16,42,42,56,70,70,169,169,184,95,114,336,391,426,442,442,489,516,343,343,369,382,382,382,382,382,55,82,82],"floor_reached":56,"playtime":1860,"items_purged":["Strike_B","Strike_B","Defend_B","Defend_B"],"score":1352,"play_id":"36752ce2-0f1d-4d9b-afa8-df4f6242cd77","local_time":"20201231212618","is_ascension_mode":false,"campfire_choices":[{"data":"Defragment","floor":11.0,"key":"SMITH"},{"data":"Defragment","floor":15.0,"key":"SMITH"},{"data":"Seek","floor":23.0,"key":"SMITH"},{"data":"Glacier","floor":25.0,"key":"SMITH"},{"data":"Defragment","floor":29.0,"key":"SMITH"},{"data":"Coolheaded","floor":32.0,"key":"SMITH"},{"data":"Heatsinks","floor":42.0,"key":"SMITH"},{"data":"Loop","floor":46.0,"key":"SMITH"},{"floor":49.0,"key":"RECALL"},{"data":"Thunder Strike","floor":52.0,"key":"SMITH"}],"circlet_count":0,"master_deck":["Defend_B+1","Zap","Dualcast","Bandage Up+1","Sweeping Beam","Defragment+1","Cold Snap","Ball Lightning","Defragment+1","Seek+1","Conserve Battery","Double Energy+1","White Noise+1","Lockon+1","Glacier+1","Coolheaded+1","Defragment+1","Undo+1","BootSequence+1","Turbo+1","Thunder Strike+1","Steam Power+1","Heatsinks+1","Loop+1","Loop+1","Coolheaded+1","Go for the Eyes+1","Chaos+1","Ball Lightning","Hologram+1","Skim+1","Blizzard","Capacitor"],"relics":["Cracked Core","PreservedInsect","Happy Flower","Astrolabe","Enchiridion","Smiling Mask","Red Mask","Toxic Egg 2","Bag of Preparation","War Paint","Nuclear Battery","Emotion Chip","Regal Pillow","Bag of Marbles","Pen Nib","Bottled Tornado","Toy Ornithopter"],"acts_visited":["Exordium","TheCity","TheBeyond","TheEnding"],"potions_floor_usage":[55,55,55],"damage_taken":[{"damage":2.0,"enemies":"Small Slimes","floor":1.0,"turns":3.0},{"damage":0.0,"enemies":"Cultist","floor":2.0,"turns":3.0},{"damage":0.0,"enemies":"2 Louse","floor":3.0,"turns":3.0},{"damage":9.0,"enemies":"Looter","floor":5.0,"turns":4.0},{"damage":9.0,"enemies":"3 Sentries","floor":6.0,"turns":4.0},{"damage":6.0,"enemies":"3 Louse","floor":8.0,"turns":3.0},{"damage":12.0,"enemies":"Exordium Wildlife","floor":10.0,"turns":3.0},{"damage":9.0,"enemies":"Blue Slaver","floor":13.0,"turns":3.0},{"damage":5.0,"enemies":"Looter","floor":14.0,"turns":4.0},{"damage":2.0,"enemies":"The Guardian","floor":16.0,"turns":9.0},{"damage":20.0,"enemies":"3 Byrds","floor":18.0,"turns":4.0},{"damage":5.0,"enemies":"Chosen","floor":20.0,"turns":3.0},{"damage":10.0,"enemies":"Masked Bandits","floor":24.0,"turns":4.0},{"damage":0.0,"enemies":"Book of Stabbing","floor":28.0,"turns":2.0},{"damage":0.0,"enemies":"Snecko","floor":30.0,"turns":2.0},{"damage":0.0,"enemies":"3 Cultists","floor":31.0,"turns":4.0},{"damage":20.0,"enemies":"Collector","floor":33.0,"turns":16.0},{"damage":1.0,"enemies":"Orb Walker","floor":35.0,"turns":3.0},{"damage":0.0,"enemies":"3 Shapes","floor":37.0,"turns":5.0},{"damage":0.0,"enemies":"2 Orb Walkers","floor":39.0,"turns":5.0},{"damage":3.0,"enemies":"Giant Head","floor":40.0,"turns":7.0},{"damage":0.0,"enemies":"Maw","floor":41.0,"turns":7.0},{"damage":0.0,"enemies":"Reptomancer","floor":44.0,"turns":4.0},{"damage":0.0,"enemies":"Writhing Mass","floor":48.0,"turns":2.0},{"damage":18.0,"enemies":"Time Eater","floor":50.0,"turns":4.0},{"damage":0.0,"enemies":"Shield and Spear","floor":54.0,"turns":3.0},{"damage":38,"enemies":"The Heart","floor":55,"turns":5}],"seed_played":"5090337677516724881","potions_obtained":[{"floor":2.0,"key":"Dexterity Potion"},{"floor":3.0,"key":"Fire Potion"},{"floor":5.0,"key":"LiquidMemories"},{"floor":7.0,"key":"CultistPotion"},{"floor":7.0,"key":"SmokeBomb"},{"floor":7.0,"key":"Weak Potion"},{"floor":14.0,"key":"Regen Potion"},{"floor":30.0,"key":"DistilledChaos"},{"floor":31.0,"key":"FearPotion"},{"floor":33.0,"key":"LiquidBronze"},{"floor":41.0,"key":"EssenceOfSteel"},{"floor":44.0,"key":"DuplicationPotion"}],"is_trial":false,"path_per_floor":["M","M","M","?","M","E","?","M","T","M","R","$","M","M","R","B",null,"M","?","M","?","?","R","?","R","T","$","E","R","M","M","R","B",null,"M","$","M","?","?","E","M","R","T","E","$","R","T","M","R","B",null,"R","$","E","B",null],"character_chosen":"DEFECT","items_purchased":["Defragment","Undo+1","Bag of Preparation","Heatsinks","Ball Lightning","PowerPotion","Hologram+1","Blizzard","Bottled Tornado"],"campfire_rested":0,"item_purchase_floors":[27,27,27,36,45,45,45,53,53],"current_hp_per_floor":[73,75,75,64,59,54,54,52,52,44,44,44,39,38,38,40,75,55,39,38,24,24,24,30,30,30,30,34,34,40,46,46,32,80,79,79,80,80,80,80,80,80,80,80,80,80,80,80,80,62,80,80,80,80,48],"gold":82,"neow_bonus":"RANDOM_COLORLESS","is_daily":false,"chose_seed":false,"campfire_upgraded":9,"win_rate":0.0,"timestamp":1609417578,"path_taken":["M","M","M","?","M","E","?","M","T","M","R","$","?","M","R","BOSS","M","?","M","?","?","R","?","R","T","$","E","R","M","?","R","BOSS","M","$","M","?","?","E","M","R","T","E","$","R","?","M","R","BOSS","R","$","E","BOSS"],"items_purchased_type":["Card","Card","Relic","Card","Card","Potion","Card","Card","Relic"],"build_version":"2020-12-22","purchased_purges":4,"victory":true,"max_hp_per_floor":[75,75,75,75,75,75,75,75,75,75,75,75,75,75,75,75,75,75,75,75,80,80,80,80,80,80,80,80,80,80,80,80,80,80,80,80,80,80,80,80,80,80,80,80,80,80,80,80,80,80,80,80,80,80,80],"relic_stats":{"Emotion Chip":[22,12,5,2,3],"Regal Pillow":0,"Happy Flower":[33],"counters":[27,118],"Astrolabe":["Double Energy","White Noise","Lockon"],"PreservedInsect":293,"Pen Nib":[3],"Bag of Preparation":[28],"War Paint":["Bandage Up","Defend_B"],"Smiling Mask":225,"obtain_stats":[{"Regal Pillow":40,"Happy Flower":9,"Astrolabe":17,"Enchiridion":19,"PreservedInsect":6,"Pen Nib":47,"Bag of Preparation":27,"War Paint":28,"Bottled Tornado":53,"Smiling Mask":22,"Nuclear Battery":34,"Emotion Chip":39,"Red Mask":24,"Bag of Marbles":44,"Toxic Egg 2":26,"Cracked Core":0,"Toy Ornithopter":54},{"Regal Pillow":21,"Happy Flower":6,"Astrolabe":10,"Enchiridion":11,"PreservedInsect":5,"Pen Nib":23,"Bag of Preparation":13,"War Paint":14,"Bottled Tornado":25,"Smiling Mask":12,"Nuclear Battery":17,"Emotion Chip":20,"Red Mask":13,"Bag of Marbles":23,"Toxic Egg 2":13,"Cracked Core":0,"Toy Ornithopter":26},{"Regal Pillow":93,"Happy Flower":20,"Astrolabe":39,"Enchiridion":43,"PreservedInsect":17,"Pen Nib":104,"Bag of Preparation":50,"War Paint":52,"Bottled Tornado":110,"Smiling Mask":46,"Nuclear Battery":74,"Emotion Chip":86,"Red Mask":50,"Bag of Marbles":104,"Toxic Egg 2":50,"Cracked Core":0,"Toy Ornithopter":113}],"Toy Ornithopter":0},"card_choices":[{"not_picked":["Blind","Trip"],"picked":"Bandage Up","floor":0.0},{"not_picked":["Aggregate","Compile Driver"],"picked":"Sweeping Beam","floor":1.0},{"not_picked":["Reinforced Body","Steam"],"picked":"Defragment","floor":2.0},{"not_picked":["Chill","Sweeping Beam"],"picked":"Cold Snap","floor":3.0},{"not_picked":["Turbo","White Noise"],"picked":"Ball Lightning","floor":5.0},{"not_picked":["Streamline","Double Energy","Turbo"],"picked":"SKIP","floor":6.0},{"not_picked":["Hologram","Darkness"],"picked":"Defragment","floor":8.0},{"not_picked":["Heatsinks","Reinforced Body"],"picked":"Seek","floor":10.0},{"not_picked":["Coolheaded","Go for the Eyes"],"picked":"Conserve Battery","floor":13.0},{"not_picked":["Hologram","Ball Lightning","Conserve Battery"],"picked":"SKIP","floor":14.0},{"not_picked":["Compile Driver","Steam","White Noise"],"picked":"SKIP","floor":18.0},{"not_picked":["Streamline","Conserve Battery+1"],"picked":"Glacier","floor":20.0},{"not_picked":["Storm","Consume"],"picked":"Coolheaded","floor":24.0},{"not_picked":["Fusion+1","Redo+1"],"picked":"BootSequence+1","floor":28.0},{"not_picked":["Hello World","Barrage","Rebound"],"picked":"SKIP","floor":30.0},{"not_picked":["Stack+1","Darkness+1"],"picked":"Turbo+1","floor":31.0},{"not_picked":["Machine Learning","Fission+1"],"picked":"Thunder Strike","floor":33.0},{"not_picked":["Consume+1","Barrage+1"],"picked":"Steam Power+1","floor":35.0},{"not_picked":["Beam Cell","Go for the Eyes"],"picked":"Loop","floor":37.0},{"not_picked":["Steam+1","Self Repair"],"picked":"Loop+1","floor":39.0},{"not_picked":["Multi-Cast+1","Compile Driver+1"],"picked":"Coolheaded+1","floor":40.0},{"not_picked":["Redo+1","Coolheaded+1"],"picked":"Go for the Eyes+1","floor":41.0},{"not_picked":["Compile Driver+1","Redo+1"],"picked":"Chaos+1","floor":44.0},{"not_picked":["Reprogram+1","Echo Form"],"picked":"Skim+1","floor":48.0},{"not_picked":["Hologram+1","Stack+1"],"picked":"Capacitor","floor":54.0}],"player_experience":293425,"relics_obtained":[{"floor":6.0,"key":"PreservedInsect"},{"floor":9.0,"key":"Happy Flower"},{"floor":19.0,"key":"Enchiridion"},{"floor":24.0,"key":"Red Mask"},{"floor":26.0,"key":"Toxic Egg 2"},{"floor":28.0,"key":"War Paint"},{"floor":39.0,"key":"Emotion Chip"},{"floor":40.0,"key":"Regal Pillow"},{"floor":44.0,"key":"Bag of Marbles"},{"floor":47.0,"key":"Pen Nib"},{"floor":54.0,"key":"Toy Ornithopter"}],"event_choices":[{"damage_healed":0.0,"max_hp_gain":0.0,"max_hp_loss":0.0,"gold_gain":75.0,"event_name":"World of Goop","player_choice":"Gather Gold","floor":4.0,"gold_loss":0.0,"damage_taken":11.0},{"damage_healed":0.0,"max_hp_gain":0.0,"max_hp_loss":0.0,"gold_gain":0.0,"event_name":"Lab","player_choice":"Got Potions","floor":7.0,"gold_loss":0.0,"damage_taken":0.0},{"damage_healed":0.0,"max_hp_gain":0.0,"max_hp_loss":0.0,"gold_gain":0.0,"event_name":"Cursed Tome","player_choice":"Obtained Book","floor":19.0,"gold_loss":0.0,"damage_taken":16.0},{"damage_healed":0.0,"max_hp_gain":5.0,"max_hp_loss":0.0,"gold_gain":0.0,"event_name":"Forgotten Altar","player_choice":"Shed Blood","floor":21.0,"gold_loss":0.0,"damage_taken":19.0},{"damage_healed":0.0,"max_hp_gain":0.0,"max_hp_loss":0.0,"gold_gain":0.0,"event_name":"Addict","player_choice":"Obtained Relic","floor":22.0,"gold_loss":85.0,"damage_taken":0.0,"relics_obtained":["Smiling Mask"]},{"damage_healed":0.0,"max_hp_gain":0.0,"max_hp_loss":0.0,"gold_gain":0.0,"event_name":"Masked Bandits","player_choice":"Fought Bandits","floor":24.0,"gold_loss":0.0,"damage_taken":0.0},{"damage_healed":0.0,"max_hp_gain":0.0,"max_hp_loss":0.0,"gold_gain":222.0,"event_name":"Tomb of Lord Red Mask","player_choice":"Wore Mask","floor":38.0,"gold_loss":0.0,"damage_taken":0.0},{"damage_healed":0.0,"max_hp_gain":0.0,"max_hp_loss":0.0,"gold_gain":0.0,"event_name":"Mysterious Sphere","player_choice":"Fight","floor":39.0,"gold_loss":0.0,"damage_taken":0.0}],"is_beta":false,"boss_relics":[{"not_picked":["SlaversCollar","Ectoplasm"],"picked":"Astrolabe"},{"not_picked":["Fusion Hammer","Sozu"],"picked":"Nuclear Battery"}],"items_purged_floors":[12,27,36,45],"is_endless":false,"potions_floor_spawned":[2,3,5,14,30,31,33,41,44,54],"ascension_level":0}}