{"host":"jksa5rawk3m4gilz","time":1609410153,"event":{"mods":["BaseMod","Colored Map","Highlight Path","Minty Spire (QoL Compilation)","Quick Restart"],"gold_per_floor":[115,115,115,125,125,157,157,192,192,192,192],"floor_reached":10,"playtime":173,"items_purged":[],"score":168,"play_id":"4a3c8ad1-86e9-4e46-98a9-ec5931c63f8e","local_time":"20201231112233","is_ascension_mode":true,"campfire_choices":[{"data":"Rainbow","floor":7,"key":"SMITH"}],"circlet_count":0,"master_deck":["AscendersBane","Strike_B","Strike_B","Strike_B","Defend_B","Defend_B","Defend_B","Defend_B","Zap","Dualcast","Steam","Static Discharge","Rainbow+1","White Noise"],"relics":["Cracked Core","NeowsBlessing","Matryoshka","Bronze Scales","StrikeDummy","Frozen Egg 2","HornCleat","Kunai","Darkstone Periapt"],"acts_visited":["Exordium"],"potions_floor_usage":[],"damage_taken":[{"damage":0,"enemies":"Small Slimes","floor":1,"turns":1},{"damage":0,"enemies":"2 Louse","floor":4,"turns":1},{"damage":0,"enemies":"Gremlin Nob","floor":6,"turns":1},{"damage":37,"enemies":"3 Sentries","floor":8,"turns":7},{"damage":14,"enemies":"Gremlin Nob","floor":10,"turns":3}],"seed_played":"-1661706229837481877","potions_obtained":[{"floor":4,"key":"BlessingOfTheForge"}],"is_trial":false,"path_per_floor":["M","?","?","M","T","E","R","E","T","E"],"character_chosen":"DEFECT","items_purchased":[],"campfire_rested":0,"item_purchase_floors":[],"current_hp_per_floor":[64,57,50,50,50,50,50,13,13,0,0],"gold":192,"neow_bonus":"THREE_ENEMY_KILL","is_daily":false,"chose_seed":false,"campfire_upgraded":1,"win_rate":0.0,"timestamp":1609410153,"path_taken":["M","?","?","M","?","E","R","E","T","E"],"items_purchased_type":[],"build_version":"2020-12-22","purchased_purges":0,"victory":false,"max_hp_per_floor":[71,71,71,71,71,71,71,71,71,71,71],"card_choices":[{"not_picked":["Coolheaded","Go for the Eyes"],"picked":"Steam","floor":1},{"not_picked":["Leap","Lockon"],"picked":"Static Discharge","floor":4},{"not_picked":["Hello World+1","Redo"],"picked":"Rainbow","floor":6},{"not_picked":["Ball Lightning","Heatsinks+1"],"picked":"White Noise","floor":8}],"player_experience":2100939,"relics_obtained":[{"floor":5,"key":"Bronze Scales"},{"floor":5,"key":"StrikeDummy"},{"floor":6,"key":"Frozen Egg 2"},{"floor":8,"key":"HornCleat"},{"floor":9,"key":"Kunai"},{"floor":9,"key":"Darkstone Periapt"}],"event_choices":[{"damage_healed":0,"gold_gain":0,"player_choice":"Success","damage_taken":7,"relics_obtained":["Matryoshka"],"max_hp_gain":0,"max_hp_loss":0,"event_name":"Scrap Ooze","floor":2,"gold_loss":0},{"cards_removed":["Strike_B"],"damage_healed":0,"gold_gain":0,"player_choice":"Card Removal","damage_taken":7,"max_hp_gain":0,"max_hp_loss":0,"event_name":"Golden Wing","floor":3,"gold_loss":0}],"is_beta":false,"boss_relics":[],"items_purged_floors":[],"is_endless":false,"potions_floor_spawned":[4],"killed_by":"Gremlin Nob","ascension_level":14}}