{"host":"mcdusr64esz012l0","time":1609394323,"event":{"mods":["BaseMod","Minty Spire (QoL Compilation)","Relic Stats"],"gold_per_floor":[111,111,122,134,146,146,177,177,177,212,3,3,32,51,51,122,122,141,156,169,94,94,94,104,134,134,162,162,262,262,275,275,349,349,361,361,189,199,199,232,232,122,171,1,1,27,27,47,47,47,47,47],"floor_reached":51,"playtime":3079,"items_purged":["Shame"],"score":1597,"play_id":"03daf684-fac0-4361-8d22-bf9358d1005e","local_time":"20201231005843","is_ascension_mode":true,"campfire_choices":[{"data":"BattleHymn","floor":6.0,"key":"SMITH"},{"data":"Crescendo","floor":8.0,"key":"SMITH"},{"data":"TalkToTheHand","floor":15.0,"key":"SMITH"},{"data":"MentalFortress","floor":23.0,"key":"SMITH"},{"floor":28.0,"key":"REST"},{"floor":30.0,"key":"REST"},{"data":"MentalFortress","floor":32.0,"key":"SMITH"},{"data":"Vault","floor":41.0,"key":"SMITH"},{"data":"TalkToTheHand","floor":45.0,"key":"SMITH"},{"data":"MentalFortress","floor":47.0,"key":"SMITH"},{"floor":49.0,"key":"REST"}],"circlet_count":0,"master_deck":["AscendersBane","Eruption","Vigilance","FearNoEvil","BattleHymn+1","Wireheading","Crescendo+1","MentalFortress+1","TalkToTheHand+1","Eruption","Consecrate","EmptyMind","DevaForm","Ragnarok","WheelKick","Swivel","Meditate+1","Vengeance","Consecrate","DeceiveReality","Weave","MentalFortress+1","Protect+1","TalkToTheHand+1","Adaptation","Vault+1","MentalFortress+1","TalkToTheHand+1","Wallop","Scrawl"],"relics":["PureWater","Torii","FaceOfCleric","StrikeDummy","Question Card","Mummified Hand","Lee\u0027s Waffle","Oddly Smooth Stone","Pandora\u0027s Box","Regal Pillow","Omamori","Ancient Tea Set","Thread and Needle","Singing Bowl","VioletLotus","OrangePellets","Damaru","Ginger"],"acts_visited":["Exordium","TheCity","TheBeyond"],"potions_floor_usage":[],"damage_taken":[{"damage":0.0,"enemies":"2 Louse","floor":1.0,"turns":3.0},{"damage":1.0,"enemies":"Cultist","floor":3.0,"turns":3.0},{"damage":0.0,"enemies":"Small Slimes","floor":4.0,"turns":2.0},{"damage":2.0,"enemies":"Blue Slaver","floor":5.0,"turns":6.0},{"damage":20.0,"enemies":"3 Sentries","floor":7.0,"turns":4.0},{"damage":0.0,"enemies":"Lagavulin","floor":10.0,"turns":4.0},{"damage":1.0,"enemies":"Gremlin Nob","floor":13.0,"turns":3.0},{"damage":1.0,"enemies":"3 Louse","floor":14.0,"turns":2.0},{"damage":0.0,"enemies":"Slime Boss","floor":16.0,"turns":4.0},{"damage":0.0,"enemies":"3 Byrds","floor":18.0,"turns":4.0},{"damage":0.0,"enemies":"Spheric Guardian","floor":19.0,"turns":1.0},{"damage":18.0,"enemies":"Centurion and Healer","floor":20.0,"turns":5.0},{"damage":0.0,"enemies":"Snecko","floor":24.0,"turns":3.0},{"damage":49.0,"enemies":"Slavers","floor":25.0,"turns":6.0},{"damage":22.0,"enemies":"Book of Stabbing","floor":27.0,"turns":5.0},{"damage":16.0,"enemies":"Colosseum Slavers","floor":29.0,"turns":4.0},{"damage":14.0,"enemies":"Colosseum Nobs","floor":29.0,"turns":4.0},{"damage":0.0,"enemies":"Cultist and Chosen","floor":31.0,"turns":2.0},{"damage":18.0,"enemies":"Automaton","floor":33.0,"turns":8.0},{"damage":14.0,"enemies":"Orb Walker","floor":35.0,"turns":5.0},{"damage":0.0,"enemies":"3 Shapes","floor":38.0,"turns":3.0},{"damage":12.0,"enemies":"Nemesis","floor":40.0,"turns":7.0},{"damage":1.0,"enemies":"Giant Head","floor":46.0,"turns":9.0},{"damage":18.0,"enemies":"Writhing Mass","floor":48.0,"turns":6.0},{"damage":48,"enemies":"Donu and Deca","floor":50,"turns":9},{"damage":14,"enemies":"Awakened One","floor":51,"turns":3}],"seed_played":"3886138659944612712","potions_obtained":[{"floor":3.0,"key":"LiquidBronze"},{"floor":5.0,"key":"BottledMiracle"},{"floor":10.0,"key":"Block Potion"},{"floor":13.0,"key":"Energy Potion"},{"floor":24.0,"key":"FairyPotion"},{"floor":25.0,"key":"BottledMiracle"},{"floor":29.0,"key":"BlessingOfTheForge"},{"floor":40.0,"key":"SkillPotion"},{"floor":48.0,"key":"SpeedPotion"}],"is_trial":false,"path_per_floor":["M","?","M","M","M","R","E","R","T","E","$","?","E","M","R","B",null,"M","M","M","$","?","R","M","E","T","E","R","?","R","M","R","B",null,"M","?","$","M","?","E","R","?","T","$","R","E","R","M","R","B","B"],"character_chosen":"WATCHER","items_purchased":["TalkToTheHand","Lee\u0027s Waffle","OrangePellets","MentalFortress","TalkToTheHand"],"campfire_rested":3,"item_purchase_floors":[11,11,37,44,44],"current_hp_per_floor":[61,61,61,62,61,61,42,42,42,43,74,74,74,74,74,75,77,78,79,62,62,62,62,63,15,15,18,57,31,72,75,75,58,83,72,72,72,75,75,66,66,66,66,66,66,66,66,49,93,46,32,32],"gold":47,"neow_bonus":"ONE_RARE_RELIC","is_daily":false,"chose_seed":false,"campfire_upgraded":8,"win_rate":0.0,"timestamp":1609394323,"path_taken":["M","?","M","M","?","R","E","R","T","E","$","?","E","M","R","BOSS","M","?","M","$","?","R","?","E","T","E","R","?","R","M","R","BOSS","M","?","$","M","?","E","R","?","T","$","R","E","R","M","R","BOSS","BOSS"],"items_purchased_type":["Card","Relic","Relic","Card","Card"],"build_version":"2020-12-22","purchased_purges":1,"victory":false,"max_hp_per_floor":[62,62,63,64,65,65,66,66,66,67,74,74,75,76,76,77,77,78,79,80,80,80,80,81,82,82,83,83,87,87,90,90,91,91,94,94,94,97,92,95,95,95,95,95,95,96,96,97,97,98,98,98],"relic_stats":{"Lee\u0027s Waffle":31,"Regal Pillow":45,"Torii":19,"Singing Bowl":10,"counters":[26,115],"Ginger":[0],"Question Card":18,"OrangePellets":[1],"FaceOfCleric":24,"Mummified Hand":[104],"Pandora\u0027s Box":["Ragnarok","WheelKick","Swivel","Meditate","Vengeance","Consecrate","DeceiveReality","Weave"],"VioletLotus":[20],"obtain_stats":[{"Lee\u0027s Waffle":11,"Regal Pillow":25,"Torii":0,"Singing Bowl":29,"Oddly Smooth Stone":13,"Damaru":40,"Thread and Needle":29,"Omamori":26,"Ginger":46,"Question Card":9,"Ancient Tea Set":27,"OrangePellets":37,"FaceOfCleric":2,"Mummified Hand":10,"Pandora\u0027s Box":17,"VioletLotus":34,"PureWater":0,"StrikeDummy":7},{"Lee\u0027s Waffle":6,"Regal Pillow":14,"Torii":0,"Singing Bowl":17,"Oddly Smooth Stone":7,"Damaru":22,"Thread and Needle":17,"Omamori":14,"Ginger":23,"Question Card":5,"Ancient Tea Set":15,"OrangePellets":20,"FaceOfCleric":1,"Mummified Hand":6,"Pandora\u0027s Box":9,"VioletLotus":19,"PureWater":0,"StrikeDummy":5},{"Lee\u0027s Waffle":22,"Regal Pillow":50,"Torii":0,"Singing Bowl":63,"Oddly Smooth Stone":25,"Damaru":88,"Thread and Needle":63,"Omamori":50,"Ginger":97,"Question Card":18,"Ancient Tea Set":55,"OrangePellets":78,"FaceOfCleric":3,"Mummified Hand":22,"Pandora\u0027s Box":31,"VioletLotus":73,"PureWater":0,"StrikeDummy":18}]},"card_choices":[{"not_picked":["Protect","Consecrate"],"picked":"FearNoEvil","floor":1.0},{"not_picked":["Pray","Protect"],"picked":"BowlingBash","floor":3.0},{"not_picked":["FlyingSleeves","SashWhip"],"picked":"BattleHymn","floor":4.0},{"not_picked":["FlyingSleeves","EmptyFist"],"picked":"Wireheading","floor":5.0},{"not_picked":["FlyingSleeves","FollowUp"],"picked":"Crescendo","floor":7.0},{"not_picked":["ConjureBlade","SashWhip","Meditate"],"picked":"MentalFortress","floor":10.0},{"not_picked":["Vengeance","Worship","PathToVictory"],"picked":"Consecrate","floor":13.0},{"not_picked":["BowlingBash","FlyingSleeves","InnerPeace"],"picked":"EmptyMind","floor":14.0},{"not_picked":["Devotion","Scrawl","SpiritShield"],"picked":"DevaForm","floor":16.0},{"not_picked":["Consecrate","Crescendo","Protect"],"picked":"MentalFortress","floor":18.0},{"not_picked":["LikeWater","FlurryOfBlows","JustLucky"],"picked":"Protect+1","floor":19.0},{"not_picked":["JustLucky","WheelKick","Vengeance","BattleHymn"],"picked":"SKIP","floor":20.0},{"not_picked":["EmptyBody","Worship","Evaluate+1"],"picked":"Adaptation","floor":24.0},{"not_picked":["Nirvana","MasterReality","Crescendo+1","SandsOfTime"],"picked":"SKIP","floor":25.0},{"not_picked":["Consecrate+1","Indignation","JustLucky","WheelKick"],"picked":"SKIP","floor":27.0},{"not_picked":["Prostrate","EmptyFist","InnerPeace","Halt"],"picked":"Singing Bowl","floor":29.0},{"not_picked":["SignatureMove","Consecrate","Indignation","ClearTheMind"],"picked":"Singing Bowl","floor":31.0},{"not_picked":["Ragnarok","LessonLearned","Judgement"],"picked":"Vault","floor":33.0},{"not_picked":["Meditate","Prostrate+1","ForeignInfluence+1","BowlingBash"],"picked":"Singing Bowl","floor":35.0},{"not_picked":["Halt","EmptyBody","Prostrate+1","CutThroughFate"],"picked":"Singing Bowl","floor":38.0},{"not_picked":["Collect","Crescendo","Vengeance","CrushJoints"],"picked":"Singing Bowl","floor":40.0},{"not_picked":["EmptyBody+1","InnerPeace","Evaluate"],"picked":"Wallop","floor":46.0},{"not_picked":["Wireheading","Consecrate","CutThroughFate"],"picked":"Scrawl","floor":48.0}],"player_experience":1022110,"relics_obtained":[{"floor":7.0,"key":"StrikeDummy"},{"floor":9.0,"key":"Question Card"},{"floor":10.0,"key":"Mummified Hand"},{"floor":13.0,"key":"Oddly Smooth Stone"},{"floor":25.0,"key":"Regal Pillow"},{"floor":26.0,"key":"Omamori"},{"floor":27.0,"key":"Ancient Tea Set"},{"floor":29.0,"key":"Thread and Needle"},{"floor":29.0,"key":"Singing Bowl"},{"floor":40.0,"key":"Damaru"},{"floor":46.0,"key":"Ginger"}],"event_choices":[{"damage_healed":0.0,"max_hp_gain":0.0,"max_hp_loss":0.0,"gold_gain":0.0,"event_name":"FaceTrader","player_choice":"Trade","floor":2.0,"gold_loss":0.0,"damage_taken":0.0,"relics_obtained":["FaceOfCleric"]},{"damage_healed":0.0,"max_hp_gain":0.0,"max_hp_loss":0.0,"gold_gain":0.0,"event_name":"Match and Keep!","player_choice":"2 cards matched","floor":12.0,"gold_loss":0.0,"damage_taken":0.0,"cards_obtained":["Shame","Eruption"]},{"damage_healed":0.0,"max_hp_gain":0.0,"max_hp_loss":0.0,"gold_gain":0.0,"event_name":"Duplicator","player_choice":"Copied","floor":22.0,"gold_loss":0.0,"damage_taken":0.0,"cards_obtained":["TalkToTheHand"]},{"damage_healed":0.0,"max_hp_gain":0.0,"max_hp_loss":0.0,"gold_gain":0.0,"event_name":"Colosseum","player_choice":"Fight","floor":29.0,"gold_loss":0.0,"damage_taken":0.0},{"damage_healed":0.0,"max_hp_gain":0.0,"max_hp_loss":0.0,"gold_gain":0.0,"event_name":"Colosseum","player_choice":"Fought Nobs","floor":29.0,"gold_loss":0.0,"damage_taken":0.0},{"damage_healed":0.0,"max_hp_gain":0.0,"max_hp_loss":0.0,"gold_gain":0.0,"event_name":"Mysterious Sphere","player_choice":"Ignored","floor":36.0,"gold_loss":0.0,"damage_taken":0.0},{"damage_healed":0.0,"max_hp_gain":0.0,"max_hp_loss":5.0,"gold_gain":0.0,"event_name":"Winding Halls","player_choice":"Max HP","floor":39.0,"gold_loss":0.0,"damage_taken":0.0},{"cards_removed":["BowlingBash"],"damage_healed":0.0,"max_hp_gain":0.0,"max_hp_loss":0.0,"gold_gain":0.0,"event_name":"Designer","player_choice":"Upgrade and Remove","floor":42.0,"gold_loss":110.0,"damage_taken":0.0,"cards_upgraded":["Meditate"]}],"is_beta":false,"boss_relics":[{"not_picked":["Sozu","Busted Crown"],"picked":"Pandora\u0027s Box"},{"not_picked":["Calling Bell","SlaversCollar"],"picked":"VioletLotus"}],"items_purged_floors":[21],"is_endless":false,"potions_floor_spawned":[3,5,10,13,24,25,29,40,48],"killed_by":"Awakened One","ascension_level":20}}