{"host":"ygfasg9u7olr7skw","time":1609427004,"event":{"mods":["AchievementEnabler","BaseMod","Better Note","Better Vampires","Colored Powertips","Minty Spire (QoL Compilation)","Replay The Spire","Spicy Shops","StSLib","The IronCluck"],"gold_per_floor":[109,34,51,51,68,68,243,243,297,310,310,80,111,111,111,212,212,226,76,89,364,384,410,410,442,467,467,467,483,483,483,483,483,483],"floor_reached":33,"playtime":2444,"items_purged":["Strike_B","Doubt","Clumsy","Strike_B"],"score":306,"play_id":"efdb7234-9803-4631-99de-59a6602cb6b1","local_time":"20201231100324","is_ascension_mode":false,"campfire_choices":[{"data":"Gash","floor":6,"key":"SMITH"},{"data":"Dualcast","floor":8,"key":"SMITH"},{"data":"Genetic Algorithm","floor":11,"key":"SMITH"},{"floor":15,"key":"REST"},{"floor":28,"key":"REST"},{"floor":30,"key":"REST"},{"floor":32,"key":"REST"}],"circlet_count":0,"master_deck":["Strike_B","Defend_B","Defend_B","Defend_B+1","Defend_B","Zap","Dualcast+1","Genetic Algorithm+1","Go for the Eyes+1","Gash+1","Beam Cell","Gash","Go for the Eyes+1","Scrape+1","Regret","Sweeping Beam+1"],"relics":["Cracked Core","Happy Flower","ReplayTheSpireMod:CursedCoin","Gambling Chip","Bird Faced Urn","Replay:Bottled Flurry","Orichalcum"],"acts_visited":["Exordium","TheCity"],"potions_floor_usage":[13,16,20,23,23,25],"damage_taken":[{"damage":4,"enemies":"Small Slimes","floor":1,"turns":3},{"damage":3,"enemies":"Jaw Worm","floor":3,"turns":5},{"damage":2,"enemies":"2 Louse","floor":5,"turns":3},{"damage":2,"enemies":"2 Fungi Beasts","floor":10,"turns":4},{"damage":13,"enemies":"Gremlin Nob","floor":13,"turns":4},{"damage":33,"enemies":"Slime Boss","floor":16,"turns":12},{"damage":0,"enemies":"3 Byrds","floor":18,"turns":5},{"damage":6,"enemies":"2 Thieves","floor":20,"turns":4},{"damage":16,"enemies":"Centurion and Healer","floor":22,"turns":6},{"damage":39,"enemies":"Gremlin Leader","floor":23,"turns":9},{"damage":56,"enemies":"Slavers","floor":25,"turns":7},{"damage":17,"enemies":"3 Cultists","floor":29,"turns":5},{"damage":59,"enemies":"Pondfish","floor":33,"turns":8}],"seed_played":"-5917392920849581296","potions_obtained":[{"floor":1,"key":"Energy Potion"},{"floor":3,"key":"FairyPotion"},{"floor":13,"key":"Swift Potion"},{"floor":18,"key":"EntropicBrew"}],"is_trial":false,"path_per_floor":["M","$","M","?","M","R","?","R","T","M","R","$","E","?","R","B",null,"M","$","M","?","M","E","?","E","T","?","R","M","R","?","R","B"],"character_chosen":"DEFECT","items_purchased":["Beam Cell","ReplayTheSpireMod:CursedCoin","Swift Potion"],"campfire_rested":4,"item_purchase_floors":[12,12,12],"current_hp_per_floor":[78,78,75,75,73,73,73,73,73,71,71,71,58,51,75,42,82,82,82,76,76,60,21,21,4,4,4,28,11,35,35,59,0,0],"gold":483,"neow_bonus":"TEN_PERCENT_HP_BONUS","is_daily":false,"chose_seed":false,"campfire_upgraded":3,"win_rate":0.0,"timestamp":1609427004,"path_taken":["M","$","M","?","M","R","?","R","T","M","R","$","E","?","R","BOSS","M","$","M","?","M","E","?","E","T","?","R","M","R","?","R","BOSS"],"items_purchased_type":["Card","Relic","Potion"],"build_version":"2020-12-22","purchased_purges":4,"victory":false,"max_hp_per_floor":[82,82,82,82,82,82,82,82,82,82,82,82,82,82,82,82,82,82,82,82,82,82,82,82,82,82,82,82,82,82,82,82,82,82],"card_choices":[{"not_picked":["Rip and Tear","Auto Shields"],"picked":"Genetic Algorithm","floor":1},{"not_picked":["Panic Button","Undo"],"picked":"Go for the Eyes","floor":3},{"not_picked":["Turbo","Go for the Eyes"],"picked":"Gash","floor":5},{"not_picked":["Barrage","Chill","Hologram"],"picked":"SKIP","floor":10},{"not_picked":["Consume","Conserve Battery"],"picked":"Gash","floor":13},{"not_picked":["Compile Driver","Ball Lightning"],"picked":"Go for the Eyes+1","floor":18},{"not_picked":["Panic Button+1","Steam"],"picked":"Scrape+1","floor":20},{"not_picked":["Barrage","Seek","Fusion+1"],"picked":"SKIP","floor":22},{"not_picked":["Time Bomb","Hologram"],"picked":"Sweeping Beam+1","floor":23},{"not_picked":["Panic Button","Echo Form","Streamline+1"],"picked":"SKIP","floor":25},{"not_picked":["Turbo+1","Coolheaded","Ball Lightning+1"],"picked":"SKIP","floor":29}],"player_experience":190333,"relics_obtained":[{"floor":9,"key":"Happy Flower"},{"floor":13,"key":"Gambling Chip"},{"floor":23,"key":"Bird Faced Urn"},{"floor":25,"key":"Replay:Bottled Flurry"},{"floor":26,"key":"Orichalcum"}],"event_choices":[{"damage_healed":0,"gold_gain":175,"player_choice":"AGREE","damage_taken":0,"max_hp_gain":0,"max_hp_loss":0,"event_name":"Liars Game","floor":7,"gold_loss":0,"cards_obtained":["Doubt"]},{"cards_removed":["Strike_B"],"damage_healed":0,"gold_gain":0,"player_choice":"Card Removal","damage_taken":7,"max_hp_gain":0,"max_hp_loss":0,"event_name":"Golden Wing","floor":14,"gold_loss":0},{"damage_healed":0,"gold_gain":275,"player_choice":"Desecrate","damage_taken":0,"max_hp_gain":0,"max_hp_loss":0,"event_name":"Golden Shrine","floor":21,"gold_loss":0,"cards_obtained":["Regret"]},{"damage_healed":0,"gold_gain":0,"player_choice":"Forge","damage_taken":0,"max_hp_gain":0,"max_hp_loss":0,"event_name":"Accursed Blacksmith","floor":24,"gold_loss":0,"cards_upgraded":["Go for the Eyes"]},{"cards_removed":["Regret"],"damage_healed":0,"gold_gain":0,"player_choice":"Give","damage_taken":0,"max_hp_gain":0,"max_hp_loss":0,"event_name":"betterNote:BetterNote","floor":27,"gold_loss":0,"cards_obtained":["Strike_P"]},{"damage_healed":0,"gold_gain":0,"player_choice":"Ignored","damage_taken":0,"max_hp_gain":0,"max_hp_loss":0,"event_name":"Cursed Tome","floor":31,"gold_loss":0}],"is_beta":false,"boss_relics":[{"not_picked":["Astrolabe","ReplayTheSpireMod:DimensionalGlitch","Velvet Choker"]}],"items_purged_floors":[2,12,12,19],"is_endless":false,"potions_floor_spawned":[1,3,13,18],"killed_by":"Pondfish","ascension_level":0}}