{"host":"7uuqqk35leady37t","time":1609376919,"event":{"mods":["BaseMod","Colored Map","Colored Powertips","Downfall","Marisa£®ÏF”Í°°ƒß¿Ì…≥£©","Minty Spire (QoL Compilation)","Remilia£®¿Ÿ√◊¿Ú—«£©","Robot Space Explorer","StSLib","The Bug Knight","The Servant 0.9.4","Waifu the Spire","Yuri Mod","[IsaacMod]“‘»ˆº‚À˛"],"gold_per_floor":[116,128,148,158,170,199,199,214,266,291,303,335,359,398,410,517,529,554,188,287,287,287],"floor_reached":21,"playtime":1133,"items_purged":[],"score":228,"play_id":"7c9fa609-c6b7-44ed-b5b4-75a7bead8081","local_time":"20201231090839","is_ascension_mode":false,"campfire_choices":[{"data":"Armaments","floor":7,"key":"SMITH"},{"floor":11,"key":"REST"},{"floor":15,"key":"REST"}],"circlet_count":0,"master_deck":["Strike_R","Strike_R","Strike_R","Strike_R","Strike_R+1","Defend_R","Defend_R","Defend_R","Defend_R","Bash","EpicFetus","Armaments+1","Juggernaut","Pummel","Flame Barrier","Offering","Iron Wave","Spot Weakness","Spot Weakness","Iron Wave","Clash","Shrug It Off","Clash","Anger","Demon Form","Offering","Reaper+1","Juggernaut","Bloodletting","Rupture"],"relics":["Burning Blood","HushsDoor","BookOfRevelations","Anchor","Sundial","Dream Catcher","MawBank","Eternal Feather","Black Star","GuppysCollar","Whetstone","OrangePellets"],"acts_visited":["Exordium","TheCity"],"potions_floor_usage":[4,13,16,16,16,16,16,21,21],"damage_taken":[{"damage":1,"enemies":"Jaw Worm","floor":1,"turns":5},{"damage":0,"enemies":"2 Louse","floor":2,"turns":2},{"damage":0,"enemies":"Cultist","floor":3,"turns":4},{"damage":3,"enemies":"Red Slaver","floor":4,"turns":4},{"damage":0,"enemies":"Looter","floor":5,"turns":4},{"damage":18,"enemies":"3 Sentries","floor":6,"turns":9},{"damage":0,"enemies":"Blue Slaver","floor":8,"turns":4},{"damage":0,"enemies":"Lagavulin","floor":10,"turns":5},{"damage":0,"enemies":"Large Slime","floor":12,"turns":5},{"damage":10,"enemies":"Gremlin Gang","floor":13,"turns":3},{"damage":14,"enemies":"3 Sentries","floor":14,"turns":6},{"damage":41,"enemies":"Hexaghost","floor":16,"turns":5},{"damage":9,"enemies":"3 Byrds","floor":18,"turns":5},{"damage":63,"enemies":"Hiden Room Battle","floor":21,"turns":5}],"seed_played":"-665088081468491484","potions_obtained":[{"floor":2,"key":"BlessingOfTheForge"},{"floor":6,"key":"Block Potion"},{"floor":8,"key":"Ancient Potion"},{"floor":10,"key":"SpeedPotion"},{"floor":13,"key":"AttackPotion"},{"floor":14,"key":"EntropicBrew"},{"floor":16,"key":"SpeedPotion"},{"floor":18,"key":"SmokeBomb"}],"is_trial":false,"path_per_floor":["M","M","M","M","M","E","R","M","T","E","R","M","M","E","R","B",null,"M","$","?","?"],"character_chosen":"IRONCLAD","items_purchased":["GuppysCollar","Offering","Reaper","Juggernaut","Rupture","Whetstone","OrangePellets"],"campfire_rested":2,"item_purchase_floors":[17,17,17,17,19,19,19],"current_hp_per_floor":[80,80,80,80,80,68,68,74,74,80,80,80,76,68,80,45,57,57,57,57,0,0],"gold":287,"neow_bonus":"RANDOM_COMMON_RELIC","is_daily":false,"chose_seed":false,"campfire_upgraded":1,"win_rate":0.0,"timestamp":1609376919,"path_taken":["M","M","M","M","M","E","R","M","T","E","R","M","M","E","R","BOSS","M","$","?","?"],"items_purchased_type":["Relic","Card","Card","Card","Card","Relic","Relic"],"build_version":"2020-12-22","purchased_purges":0,"victory":false,"max_hp_per_floor":[80,80,80,80,80,80,80,80,80,80,80,80,80,80,80,80,57,57,57,57,57,57],"card_choices":[{"not_picked":[],"picked":"EpicFetus","floor":0},{"not_picked":["Cleave","Dual Wield"],"picked":"Armaments","floor":1},{"not_picked":["Disarm","Anger"],"picked":"Juggernaut","floor":2},{"not_picked":["Clothesline","Headbutt"],"picked":"Pummel","floor":3},{"not_picked":["Power Through","Thunderclap"],"picked":"Flame Barrier","floor":4},{"not_picked":["Armaments","Dual Wield"],"picked":"Offering","floor":5},{"not_picked":["Flex","True Grit"],"picked":"Iron Wave","floor":6},{"not_picked":["Power Through","Twin Strike"],"picked":"Spot Weakness","floor":8},{"not_picked":["Dropkick","Heavy Blade"],"picked":"Spot Weakness","floor":10},{"not_picked":["True Grit","Body Slam"],"picked":"Iron Wave","floor":11},{"not_picked":["Perfected Strike","Ghostly Armor"],"picked":"Clash","floor":12},{"not_picked":["Clothesline","Armaments"],"picked":"Shrug It Off","floor":13},{"not_picked":["Cleave","Blood for Blood"],"picked":"Clash","floor":14},{"not_picked":["Clothesline","Cleave"],"picked":"Anger","floor":15},{"not_picked":["Bludgeon","Impervious"],"picked":"Demon Form","floor":16},{"not_picked":["Cleave","Burning Pact"],"picked":"Bloodletting","floor":18}],"player_experience":31064,"relics_obtained":[{"floor":6,"key":"Sundial"},{"floor":9,"key":"Dream Catcher"},{"floor":10,"key":"MawBank"},{"floor":14,"key":"Eternal Feather"}],"event_choices":[{"damage_healed":0,"gold_gain":99,"player_choice":"Stole From Cult","damage_taken":0,"max_hp_gain":0,"max_hp_loss":0,"event_name":"Nest","floor":20,"gold_loss":0},{"damage_healed":0,"gold_gain":0,"player_choice":"Fight","damage_taken":0,"max_hp_gain":0,"max_hp_loss":0,"event_name":"HidenRoomEvent","floor":21,"gold_loss":0}],"is_beta":false,"boss_relics":[{"not_picked":["Sozu","Philosopher\u0027s Stone"],"picked":"Black Star"},{"not_picked":[]}],"items_purged_floors":[],"is_endless":false,"potions_floor_spawned":[2,6,8,10,13,14,16,18],"killed_by":"Hiden Room Battle","ascension_level":0}}