{"host":"l9d4bclu8pwa3q15","time":1609406573,"event":{"mods":["Act Like it!","BaseMod","Better Altar","Better Match","Better Note","Better Sensory Stone","Better Skull","BetterRewards","Colored Map","Colored Powertips","Downfall","Emptier Cage","Gensokyo","GifTheSpireLib","Keyboard Shortcuts","Koishi","KomeijiMod","Lobotomy","LobotomyExtend","Minty Spire (QoL Compilation)","Quick Restart","Rare Cards Sparkle","Relic Sorter","Remilia_Scarlet Moed（蕾米莉亚・斯卡雷特）3.3.5","Replay The Spire","Spicy Shops","StSLib","The Alterego","UnlockEverythingMod","Waifu the Spire","WarShipGirlsR/战舰少女R mod","Yakumo Yukari mod","Youmu（魂魄妖梦）","Yuyuko"],"gold_per_floor":[99,117,117,133,143,143,143,47,47,57,57,75,75,94,113,210,210,135,150,150,150,162,162,162,162],"floor_reached":23,"playtime":1244,"items_purged":[],"score":192,"play_id":"ab1e506c-e829-4677-91c4-492a19b2142f","local_time":"20201231172253","is_ascension_mode":true,"campfire_choices":[{"floor":1,"key":"DIG"},{"floor":6,"key":"RECALL"},{"data":"Slimebound:BestDefense","floor":9,"key":"SMITH"},{"data":"Slimebound:Split","floor":11,"key":"SMITH"},{"data":"Slimebound:SelfFormingGoo","floor":18,"key":"SMITH"}],"circlet_count":0,"master_deck":["Slimebound:Strike_Slimebound","Slimebound:Strike_Slimebound","Slimebound:Strike_Slimebound","Slimebound:Tackle","Slimebound:Defend_Slimebound","Slimebound:Defend_Slimebound","Slimebound:Defend_Slimebound","Slimebound:Defend_Slimebound","Slimebound:Split+1","Slimebound:CorrosiveSpit","Slimebound:SlimeBarrage","Pain","Slimebound:DisruptingSlam","Slimebound:LivingWall","Slimebound:BestDefense+1","Slimebound:RollThrough","Slimebound:TongueLash","Regret","Slimebound:DuplicatedForm","Slimebound:ProtectTheBoss","Slimebound:SelfFormingGoo+1","Slimebound:Gluttony","VanishingEverything+1","Slimebound:GoopSpray"],"relics":["Slimebound:AbsorbEndCombat","Meat on the Bone","LetterFromLob","WarpedTongs","Du-Vu Doll","Ice Cream","Bird Faced Urn","Replay:Grab Bag","Philosopher\u0027s Stone","Sozu","Black Star","Honey Jar","downfall:HeartBlessingRed"],"acts_visited":["Exordium","TheCity"],"potions_floor_usage":[10,15,15,22],"damage_taken":[{"damage":10,"enemies":"Jaw Worm","floor":2,"turns":4},{"damage":15,"enemies":"Cultist","floor":4,"turns":3},{"damage":5,"enemies":"2 Louse","floor":5,"turns":2},{"damage":12,"enemies":"downfall:FleeingMerchant","floor":8,"turns":4},{"damage":18,"enemies":"Blue Slaver","floor":10,"turns":4},{"damage":11,"enemies":"Red Slaver","floor":12,"turns":4},{"damage":9,"enemies":"3 Louse","floor":14,"turns":2},{"damage":34,"enemies":"Large Slime","floor":15,"turns":3},{"damage":51,"enemies":"downfall:Watcher","floor":16,"turns":8},{"damage":49,"enemies":"Shell Parasite","floor":19,"turns":4},{"damage":60,"enemies":"3 Cultists","floor":22,"turns":4},{"damage":50,"enemies":"Chosen and Byrds","floor":23,"turns":2}],"seed_played":"-1633113630637529241","potions_obtained":[{"floor":5,"key":"GamblersBrew"},{"floor":12,"key":"DistilledChaos"},{"floor":14,"key":"champ:CounterPotion"},{"floor":16,"key":"EssenceOfSteel"}],"is_trial":false,"path_per_floor":["R_BF","M","?","M","M","R","T","$","R","M","R","M","?","M","M","B",null,"R","M","?","?","M","M"],"character_chosen":"SLIMEBOUND","items_purchased":["Ice Cream"],"campfire_rested":0,"item_purchase_floors":[8],"current_hp_per_floor":[66,64,64,64,59,59,59,55,55,49,49,50,50,55,66,57,66,66,56,56,56,39,0,0,0],"gold":162,"neow_bonus":"TEN_PERCENT_HP_BONUS","is_daily":false,"chose_seed":false,"campfire_upgraded":3,"win_rate":0.0,"timestamp":1609406573,"path_taken":["R_BF","M","?","M","M","R","T","?","R","M","R","?","?","M","M","BOSS","R","M","?","?","M","?"],"items_purchased_type":["Relic"],"build_version":"2020-12-22","purchased_purges":0,"victory":false,"max_hp_per_floor":[66,66,66,66,66,66,66,66,66,66,66,66,66,66,66,66,66,66,66,66,66,66,66,66,66],"card_choices":[{"not_picked":["Slimebound:LeechingTouch","Slimebound:SamplingLick"],"picked":"Slimebound:SlimeBarrage","floor":2},{"not_picked":["Slimebound:SamplingLick","Slimebound:SplitLeeching"],"picked":"Slimebound:DisruptingSlam","floor":4},{"not_picked":["Slimebound:FinishingTackle","Slimebound:ComboTackle"],"picked":"Slimebound:LivingWall","floor":5},{"not_picked":["Slimebound:RollThrough","Slimebound:DivideAndConquer"],"picked":"Slimebound:BestDefense","floor":8},{"not_picked":["Slimebound:LeechEnergy","Slimebound:SlimeSpikes"],"picked":"Slimebound:RollThrough","floor":10},{"not_picked":["Slimebound:FinishingTackle","Slimebound:PressTheAttack"],"picked":"Slimebound:TongueLash","floor":12},{"not_picked":["Slimebound:GoopTackle","Slimebound:ViciousTackle"],"picked":"Slimebound:DuplicatedForm","floor":14},{"not_picked":["Slimebound:SplitBruiser","Slimebound:GoopSpray"],"picked":"Slimebound:ProtectTheBoss","floor":15},{"not_picked":["Slimebound:MassRepurpose","Slimebound:PrepareCrush"],"picked":"Slimebound:SelfFormingGoo","floor":16},{"not_picked":["Slimebound:FinishingTackle+1","Slimebound:ViciousTackle","Slimebound:SplitMire+1"],"picked":"Slimebound:Gluttony","floor":19},{"not_picked":["Slimebound:ServeAndProtect","Slimebound:RollThrough+1","Slimebound:GrowthPunch"],"picked":"Slimebound:GoopSpray","floor":22}],"player_experience":95434,"relics_obtained":[{"floor":1,"key":"Meat on the Bone"},{"floor":2,"key":"LetterFromLob"},{"floor":7,"key":"Du-Vu Doll"}],"event_choices":[{"damage_healed":0,"gold_gain":0,"player_choice":"Rummage","damage_taken":0,"relics_obtained":["WarpedTongs"],"max_hp_gain":0,"max_hp_loss":0,"event_name":"Accursed Blacksmith","floor":3,"gold_loss":0,"cards_obtained":["Pain"]},{"damage_healed":0,"gold_gain":0,"player_choice":"Box","damage_taken":0,"relics_obtained":["Bird Faced Urn"],"max_hp_gain":0,"max_hp_loss":0,"event_name":"Big Fish","floor":13,"gold_loss":0,"cards_obtained":["Regret"]},{"damage_healed":0,"gold_gain":0,"player_choice":"Got Potions","damage_taken":0,"max_hp_gain":0,"max_hp_loss":0,"event_name":"Lab","floor":21,"gold_loss":0}],"is_beta":false,"boss_relics":[{"not_picked":["Runic Pyramid","Runic Dome"],"picked":"Replay:Grab Bag"},{"not_picked":["ChewingGum","downfall:Hecktoplasm"],"picked":"Philosopher\u0027s Stone"},{"not_picked":["Busted Crown","Coffee Dripper"],"picked":"Sozu"},{"not_picked":["Slimebound:AbsorbEndCombatUpgraded","Ring of Chaos"],"picked":"Black Star"},{"not_picked":["Pandora\u0027s Box","Tiny House"],"picked":"Honey Jar"}],"items_purged_floors":[],"is_endless":false,"potions_floor_spawned":[5,12,14,16,19],"killed_by":"Chosen and Byrds","ascension_level":1}}