{"host":"jm9833yuloeli2yd","time":1609391866,"event":{"mods":["AchievementEnabler","BaseMod","Better Altar","Better Match","Better Note","Better Sensory Stone","Better Skull","Better Third Choice","Better Vampires","BetterRewards","Colored Map","Colored Powertips","DeckTracker","Marked Mod","Minty Spire (QoL Compilation)","Permanent Neow","Quick Restart","StSLib","SuperFastMode"],"gold_per_floor":[113,127,127,140,160,160,193,193,193,193,207,220,252,269,269,344,344,354,354,47,47,67,100,150,150,150],"floor_reached":25,"playtime":569,"items_purged":[],"score":491,"play_id":"4ce9daf5-a828-4222-af07-4037beebcede","local_time":"20201231001746","is_ascension_mode":true,"campfire_choices":[{"data":"Zap","floor":6.0,"key":"SMITH"},{"data":"Capacitor","floor":8.0,"key":"SMITH"},{"data":"Doom and Gloom","floor":10.0,"key":"SMITH"},{"floor":15.0,"key":"REST"}],"circlet_count":0,"master_deck":["AscendersBane","Defend_B","Defend_B","Defend_B","Defend_B","Zap+1","Dualcast","Hologram","White Noise","Apotheosis+1","Capacitor+1","Doom and Gloom+1","Melter","Compile Driver","FTL","Biased Cognition","Biased Cognition","FTL","Bite","Bite","Bite","Bite","Undo+1","BootSequence"],"relics":["Cracked Core","Bag of Marbles","Unceasing Top","StoneCalendar","Sundial","SlaversCollar","Bottled Flame","Smiling Mask"],"acts_visited":["Exordium","TheCity"],"potions_floor_usage":[23,23],"damage_taken":[{"damage":7.0,"enemies":"Small Slimes","floor":1.0,"turns":3.0},{"damage":0.0,"enemies":"Cultist","floor":2.0,"turns":3.0},{"damage":4.0,"enemies":"Jaw Worm","floor":4.0,"turns":2.0},{"damage":12.0,"enemies":"Exordium Wildlife","floor":5.0,"turns":4.0},{"damage":9.0,"enemies":"Gremlin Nob","floor":7.0,"turns":3.0},{"damage":0.0,"enemies":"3 Louse","floor":11.0,"turns":1.0},{"damage":6.0,"enemies":"Looter","floor":12.0,"turns":2.0},{"damage":10.0,"enemies":"3 Sentries","floor":13.0,"turns":4.0},{"damage":7.0,"enemies":"Exordium Thugs","floor":14.0,"turns":4.0},{"damage":14.0,"enemies":"Hexaghost","floor":16.0,"turns":7.0},{"damage":36.0,"enemies":"2 Thieves","floor":18.0,"turns":4.0},{"damage":12.0,"enemies":"Chosen","floor":22.0,"turns":5.0},{"damage":11,"enemies":"Book of Stabbing","floor":23,"turns":4},{"damage":19,"enemies":"Gremlin Leader","floor":25,"turns":3}],"seed_played":"9043434247085343375","potions_obtained":[{"floor":4.0,"key":"Swift Potion"},{"floor":11.0,"key":"Block Potion"},{"floor":12.0,"key":"FocusPotion"},{"floor":16.0,"key":"GamblersBrew"},{"floor":18.0,"key":"PotionOfCapacity"}],"is_trial":false,"path_per_floor":["M","M","?","M","M","R","E","R","T","R","M","M","E","M","R","B",null,"M","?","$","?","M","E","?","E"],"character_chosen":"DEFECT","items_purchased":["Bottled Flame","FTL"],"campfire_rested":1,"item_purchase_floors":[20,20],"current_hp_per_floor":[57,57,57,53,41,41,32,32,32,32,32,26,16,9,30,16,57,21,21,21,21,17,14,14,0,0],"gold":150,"neow_bonus":"RANDOM_COMMON_RELIC","is_daily":false,"chose_seed":false,"campfire_upgraded":3,"win_rate":0.0,"timestamp":1609391866,"path_taken":["M","M","?","M","?","R","E","R","T","R","M","M","E","M","R","BOSS","M","?","$","?","M","E","?","E"],"items_purchased_type":["Relic","Card"],"build_version":"2020-12-22","purchased_purges":0,"victory":false,"max_hp_per_floor":[71,71,71,71,71,71,71,71,71,71,71,71,71,71,71,71,71,71,71,71,53,53,53,53,53,53],"card_choices":[{"not_picked":["Steam","Leap"],"picked":"Hologram","floor":1.0},{"not_picked":["Redo","Aggregate","White Noise"],"picked":"SKIP","floor":2.0},{"not_picked":["Redo","Aggregate"],"picked":"White Noise","floor":2.0},{"not_picked":["Thinking Ahead+1","Violence+1"],"picked":"Apotheosis+1","floor":3.0},{"not_picked":["Auto Shields","Go for the Eyes"],"picked":"Capacitor","floor":4.0},{"not_picked":["Beam Cell","Turbo","Rebound"],"picked":"SKIP","floor":5.0},{"not_picked":["Leap","Double Energy"],"picked":"Doom and Gloom","floor":7.0},{"not_picked":["Ball Lightning","Hologram"],"picked":"Melter","floor":11.0},{"not_picked":["Gash","BootSequence"],"picked":"Compile Driver","floor":12.0},{"not_picked":["Skim","Steam"],"picked":"FTL","floor":13.0},{"not_picked":["Go for the Eyes","Leap"],"picked":"Biased Cognition","floor":14.0},{"not_picked":["Hyperbeam","All For One"],"picked":"Biased Cognition","floor":16.0},{"not_picked":["Redo","Rebound","Scrape"],"picked":"SKIP","floor":18.0},{"not_picked":["Redo","Sunder"],"picked":"Undo+1","floor":22.0},{"not_picked":["Loop","Stack"],"picked":"BootSequence","floor":23}],"player_experience":1200588,"relics_obtained":[{"floor":7.0,"key":"Unceasing Top"},{"floor":9.0,"key":"StoneCalendar"},{"floor":13.0,"key":"Sundial"},{"floor":23,"key":"Smiling Mask"}],"event_choices":[{"damage_healed":0.0,"max_hp_gain":0.0,"max_hp_loss":0.0,"gold_gain":0.0,"event_name":"betterMatch:BetterMatch","player_choice":"2","floor":3.0,"gold_loss":0.0,"damage_taken":0.0,"cards_obtained":["betterMatch:ColorlessRareCard"]},{"damage_healed":0.0,"max_hp_gain":0.0,"max_hp_loss":0.0,"gold_gain":0.0,"event_name":"Cursed Tome","player_choice":"Ignored","floor":19.0,"gold_loss":0.0,"damage_taken":0.0},{"damage_healed":0.0,"max_hp_gain":0.0,"max_hp_loss":18.0,"gold_gain":0.0,"event_name":"Vampires","player_choice":"Became a vampire","floor":21.0,"gold_loss":0.0,"damage_taken":0.0,"cards_obtained":["Bite","Bite","Bite","Bite"]},{"damage_healed":0,"gold_gain":50,"player_choice":"Steal","damage_taken":0,"max_hp_gain":0,"max_hp_loss":0,"event_name":"betterThird:BetterNest","floor":24,"gold_loss":0}],"is_beta":false,"boss_relics":[{"not_picked":["Tiny House","Sozu"],"picked":"SlaversCollar"}],"items_purged_floors":[],"is_endless":false,"potions_floor_spawned":[4,11,12,16,18,22],"killed_by":"Gremlin Leader","ascension_level":20}}