{"host":"mn5ze3eyhx81nlo2","time":1609415878,"event":{"mods":["BaseMod","Block Reminder","Challenge The Spire","Downfall","Hermit","Hubris","Infinite Spire","Minty Spire (QoL Compilation)","Quick Restart","Replay The Spire","Shade Mod","StSLib","The Cursed","The Druid","The Hierophant","The Runesmith","Unceasing Turn Reminder"],"gold_per_floor":[349,366,366,279,279,279,279,310,329,367,367,388,313,158,183,292,292,292,292,292,277,277,277,277,106,106,106,106,106,106,106,106,106],"floor_reached":31,"playtime":1685,"items_purged":["Sickly","hexamod:Strike"],"score":297,"play_id":"5e3f09c4-e4a5-4936-bf4a-0f6fb284f211","local_time":"20201231115758","is_ascension_mode":true,"campfire_choices":[{"data":"hexamod:Float","floor":1,"key":"SMITH"},{"data":"hexamod:UnleashSpirits","floor":6,"key":"SMITH"},{"floor":11,"key":"RECALL"},{"data":"hexamod:GhostLash","floor":13,"key":"SMITH"},{"data":"hexamod:SpectersWail","floor":18,"key":"SMITH"},{"data":"hexamod:Hexaguard","floor":23,"key":"SMITH"},{"floor":28,"key":"REST"}],"circlet_count":0,"master_deck":["hexamod:Strike","hexamod:Strike","hexamod:Strike+1","hexamod:Defend+1","hexamod:Defend","hexamod:Defend","hexamod:Defend","hexamod:Sear+1","hexamod:Float+1","ReplayTheSpireMod:Splinters","hexamod:FirstSeal","hexamod:UnleashSpirits+1","hexamod:SecondSeal","hexamod:SpectersWail+1","hexamod:GhostLash+1","hexamod:FastForward+1","hexamod:Hexaguard+1","hexamod:SixthSeal","hexamod:FourthSeal","hexamod:NightmareGuise+1"],"relics":["hexamod:SpiritBrand","Happy Flower","ReplayTheSpireMod:CursedCoin","Bottled Tornado","Pear","downfall:HeartBlessingRed","downfall:Hecktoplasm","Medical Kit","downfall:RedIOU","downfall:HeartBlessingBlue","downfall:KnowingSkull","Replay:Bottled Snecko"],"acts_visited":["TheCity"],"potions_floor_usage":[16,25,27,30],"damage_taken":[{"damage":0,"enemies":"Small Slimes","floor":2,"turns":3},{"damage":0,"enemies":"downfall:FleeingMerchant","floor":4,"turns":4},{"damage":24,"enemies":"3 Sentries","floor":8,"turns":8},{"damage":15,"enemies":"2 Louse","floor":9,"turns":3},{"damage":12,"enemies":"Replay:BlueRogue","floor":10,"turns":6},{"damage":0,"enemies":"Cultist","floor":12,"turns":3},{"damage":2,"enemies":"downfall:FleeingMerchant","floor":14,"turns":4},{"damage":4,"enemies":"Gremlin Gang","floor":15,"turns":4},{"damage":62,"enemies":"downfall:Defect","floor":16,"turns":7},{"damage":5,"enemies":"Chosen","floor":19,"turns":4},{"damage":4,"enemies":"Spheric Guardian","floor":20,"turns":5},{"damage":4,"enemies":"downfall:FleeingMerchant","floor":21,"turns":4},{"damage":10,"enemies":"downfall:FleeingMerchant","floor":25,"turns":4},{"damage":31,"enemies":"Cultist and Chosen","floor":27,"turns":7},{"damage":69,"enemies":"Slavers","floor":30,"turns":6},{"damage":21,"enemies":"Snake Plant","floor":31,"turns":4}],"seed_played":"-3050702399237247263","potions_obtained":[{"floor":2,"key":"hexamod:EctoCoolerPotion"},{"floor":5,"key":"SmokeBomb"},{"floor":5,"key":"PowerPotion"},{"floor":16,"key":"Energy Potion"},{"floor":19,"key":"AttackPotion"}],"is_trial":false,"path_per_floor":["R","M","?","$","?","R","T","E","M","E","R","M","R","$","M","B",null,"R","M","M","$","?","R","T","$","?","M","R","?","E","M"],"character_chosen":"THE_SPIRIT","items_purchased":["ReplayTheSpireMod:CursedCoin","hexamod:UnleashSpirits","hexamod:Hexaguard","Medical Kit"],"campfire_rested":1,"item_purchase_floors":[4,4,14,25],"current_hp_per_floor":[70,70,70,70,70,70,70,53,45,50,50,57,57,62,65,15,80,80,80,80,76,76,76,76,77,77,53,90,83,21,0,0,0],"gold":106,"neow_bonus":"TWO_FIFTY_GOLD","is_daily":false,"chose_seed":false,"campfire_upgraded":5,"win_rate":0.0,"timestamp":1609415878,"path_taken":["R","M","?","$","?","R","T","E","?","E","R","?","R","$","M","BOSS","R","M","M","$","?","R","T","$","?","M","R","?","E","?"],"items_purchased_type":["Relic","Card","Card","Relic"],"build_version":"2020-12-22","purchased_purges":2,"victory":false,"max_hp_per_floor":[70,70,70,70,70,70,70,70,70,80,80,80,80,80,80,80,80,80,80,80,80,80,80,80,80,80,80,90,90,90,90,90,90],"card_choices":[{"not_picked":["hexamod:BacktrackSmack","hexamod:BurningTouch","hexamod:AdvancingGuard"],"picked":"SKIP","floor":2},{"not_picked":["hexamod:GhostShield","hexamod:RainOfEmbers"],"picked":"hexamod:FirstSeal","floor":4},{"not_picked":["hexamod:TurnItUp","hexamod:GhostLash"],"picked":"hexamod:SecondSeal","floor":8},{"not_picked":["hexamod:SecondSeal","hexamod:HeatShield"],"picked":"hexamod:SpectersWail","floor":9},{"not_picked":["hexamod:ThermalTransfer","hexamod:EmpoweringStance","hexamod:SpectersWail"],"picked":"SKIP","floor":10},{"not_picked":["hexamod:DynamicBlow","hexamod:ThermalTransfer"],"picked":"hexamod:GhostLash","floor":12},{"not_picked":["hexamod:GhostOfSpirePast","hexamod:Again"],"picked":"hexamod:FastForward","floor":14},{"not_picked":["hexamod:RetreatToShadows","hexamod:BurningTouch","hexamod:CatchUp"],"picked":"SKIP","floor":15},{"not_picked":["hexamod:TurnItUp","hexamod:UnleashSpirits"],"picked":"hexamod:SixthSeal","floor":16},{"not_picked":["hexamod:Hexaguard+1","hexamod:CatchUp+1","hexamod:FastForward+1"],"picked":"SKIP","floor":19},{"not_picked":["hexamod:NightmareGuise","hexamod:RadiantFlame"],"picked":"hexamod:FourthSeal","floor":20},{"not_picked":["hexamod:ThermalTransfer","hexamod:ExtraCrispy"],"picked":"hexamod:NightmareGuise+1","floor":21},{"not_picked":["hexamod:SpectersWail","hexamod:StepThrough","hexamod:GhostLash"],"picked":"SKIP","floor":25},{"not_picked":["hexamod:GhostLash","hexamod:FastForward+1","hexamod:RainOfEmbers"],"picked":"SKIP","floor":27},{"not_picked":["hexamod:HeatCrush","hexamod:RainOfEmbers","hexamod:HeatMetal+1"],"picked":"SKIP","floor":30}],"player_experience":928624,"relics_obtained":[{"floor":3,"key":"Happy Flower"},{"floor":7,"key":"Bottled Tornado"},{"floor":8,"key":"Toy Ornithopter"},{"floor":10,"key":"Pear"},{"floor":30,"key":"Replay:Bottled Snecko"}],"event_choices":[{"damage_healed":0,"gold_gain":0,"player_choice":"Got Potions","damage_taken":0,"max_hp_gain":0,"max_hp_loss":0,"event_name":"Lab","floor":5,"gold_loss":0}],"is_beta":false,"boss_relics":[{"not_picked":["hubris:VirtuousBlindfold","hubris:Stopwatch"],"picked":"downfall:Hecktoplasm"}],"items_purged_floors":[4,14],"is_endless":false,"potions_floor_spawned":[2,8,9,15,16,19],"killed_by":"Snake Plant","ascension_level":1}}