{"host":"ow66nzv2xecjoor3","time":1609444520,"event":{"mods":["BaseMod","Bestiary","Block Reminder","Colored Powertips","Curses Come First","Highlight Path","Keyboard Shortcuts","Minty Spire (QoL Compilation)","Permanent Neow","Relic Stats","Robot Space Explorer","StSLib","UnlockEverythingMod"],"gold_per_floor":[116,130,205,219,239,239,269,282,282,316,316,316,286,306,306,405,405,416,220,230,242,256,287,302,335,335,360,376,402,416,433,433,546,546,574,33,51,101,120,155,155,188,212,224,224,39,67,129,129,129,129,129,54,90,90],"floor_reached":56,"playtime":4411,"items_purged":["RobotSpaceExplorer:Strike","RobotSpaceExplorer:Strike"],"score":1442,"play_id":"4c7b71c9-83da-47ac-be57-fb410695645e","local_time":"20201231135520","is_ascension_mode":true,"campfire_choices":[{"data":"RobotSpaceExplorer:ShovelStrike","floor":6.0,"key":"SMITH"},{"data":"RobotSpaceExplorer:Jetpack","floor":12.0,"key":"SMITH"},{"data":"RobotSpaceExplorer:TurboDodge","floor":15.0,"key":"SMITH"},{"data":"RobotSpaceExplorer:ExhaustFan","floor":32,"key":"SMITH"},{"floor":41,"key":"RECALL"},{"floor":45,"key":"REST"},{"floor":49,"key":"REST"},{"floor":52,"key":"REST"}],"circlet_count":0,"master_deck":["RobotSpaceExplorer:Strike","RobotSpaceExplorer:Defend","RobotSpaceExplorer:Defend","RobotSpaceExplorer:Defend","RobotSpaceExplorer:Defend","RobotSpaceExplorer:Scan","RobotSpaceExplorer:MiniLasers","RobotSpaceExplorer:TrailblazerForm","RobotSpaceExplorer:FranticSearch","RobotSpaceExplorer:Jetpack+1","RobotSpaceExplorer:ShovelStrike+1","RobotSpaceExplorer:LuckyStrike","RobotSpaceExplorer:TurboDodge+1","RobotSpaceExplorer:Multitool","RobotSpaceExplorer:ScrapToss","RobotSpaceExplorer:Scanner","Finesse","RobotSpaceExplorer:LuckyStrike","RobotSpaceExplorer:ShovelStrike+1","RobotSpaceExplorer:ExhaustFan+1","RobotSpaceExplorer:TrailblazerForm","RobotSpaceExplorer:PowerCollector","RobotSpaceExplorer:MiniBoosters","RobotSpaceExplorer:DualCore","RobotSpaceExplorer:FranticSearch+1","RobotSpaceExplorer:Accelerator","RobotSpaceExplorer:ScrapToss","RobotSpaceExplorer:DualCore+1","RobotSpaceExplorer:ExhaustFan+1"],"relics":["RobotSpaceExplorer:TurboCore","Unceasing Top","Bottled Lightning","Boot","Sundial","Ginger","CeramicFish","Pear","Fusion Hammer","RobotSpaceExplorer:FoglandsKnife","Orrery","Mango","Mercury Hourglass","Bottled Flame","Ancient Tea Set","Bag of Preparation","Kunai","Pocketwatch","Centennial Puzzle"],"acts_visited":["Exordium","TheCity","TheBeyond","TheEnding"],"potions_floor_usage":[29,33,33,33,33,39,47,48,50,54,55],"damage_taken":[{"damage":0.0,"enemies":"Small Slimes","floor":1.0,"turns":4.0},{"damage":5.0,"enemies":"Jaw Worm","floor":2.0,"turns":5.0},{"damage":0.0,"enemies":"2 Louse","floor":4.0,"turns":4.0},{"damage":2.0,"enemies":"2 Fungi Beasts","floor":5.0,"turns":4.0},{"damage":1.0,"enemies":"Lagavulin","floor":7.0,"turns":16.0},{"damage":4.0,"enemies":"Exordium Wildlife","floor":8.0,"turns":6.0},{"damage":11.0,"enemies":"3 Sentries","floor":10.0,"turns":11.0},{"damage":0.0,"enemies":"Looter","floor":13.0,"turns":4.0},{"damage":0.0,"enemies":"2 Fungi Beasts","floor":14.0,"turns":3.0},{"damage":3.0,"enemies":"Slime Boss","floor":16.0,"turns":13.0},{"damage":0.0,"enemies":"Shell Parasite","floor":18.0,"turns":5.0},{"damage":1.0,"enemies":"2 Thieves","floor":20.0,"turns":5.0},{"damage":0.0,"enemies":"Shelled Parasite and Fungi","floor":21.0,"turns":7.0},{"damage":16.0,"enemies":"Snake Plant","floor":22.0,"turns":5.0},{"damage":0.0,"enemies":"Slavers","floor":23.0,"turns":10.0},{"damage":0.0,"enemies":"Centurion and Healer","floor":24.0,"turns":5.0},{"damage":6.0,"enemies":"Book of Stabbing","floor":25.0,"turns":6.0},{"damage":1,"enemies":"3 Cultists","floor":27,"turns":6},{"damage":0,"enemies":"Cultist and Chosen","floor":28,"turns":7},{"damage":10,"enemies":"Slavers","floor":29,"turns":6},{"damage":0,"enemies":"Centurion and Healer","floor":30,"turns":6},{"damage":4,"enemies":"Sentry and Sphere","floor":31,"turns":6},{"damage":27,"enemies":"Automaton","floor":33,"turns":9},{"damage":10,"enemies":"3 Darklings","floor":35,"turns":11},{"damage":0,"enemies":"3 Shapes","floor":37,"turns":4},{"damage":0,"enemies":"Mind Bloom Boss Battle","floor":38,"turns":8},{"damage":0,"enemies":"Jaw Worm Horde","floor":39,"turns":4},{"damage":3,"enemies":"Nemesis","floor":40,"turns":7},{"damage":0,"enemies":"Giant Head","floor":42,"turns":5},{"damage":0,"enemies":"3 Darklings","floor":44,"turns":3},{"damage":10,"enemies":"Nemesis","floor":47,"turns":6},{"damage":0,"enemies":"2 Orb Walkers","floor":48,"turns":4},{"damage":0,"enemies":"Awakened One","floor":50,"turns":16},{"damage":14,"enemies":"Shield and Spear","floor":54,"turns":6},{"damage":89,"enemies":"The Heart","floor":55,"turns":7}],"seed_played":"-6422777276547862457","potions_obtained":[{"floor":2.0,"key":"SpeedPotion"},{"floor":7.0,"key":"LiquidMemories"},{"floor":8.0,"key":"Fire Potion"},{"floor":10.0,"key":"Fire Potion"},{"floor":14.0,"key":"BlessingOfTheForge"},{"floor":18.0,"key":"AttackPotion"},{"floor":23.0,"key":"DistilledChaos"},{"floor":24.0,"key":"Block Potion"},{"floor":27,"key":"Swift Potion"},{"floor":29,"key":"FearPotion"},{"floor":30,"key":"EntropicBrew"},{"floor":38,"key":"Swift Potion"},{"floor":39,"key":"Regen Potion"},{"floor":48,"key":"Swift Potion"}],"is_trial":false,"path_per_floor":["M","M","?","M","M","R","E","M","T","E","T","R","M","M","R","B",null,"M","$","M","M","M","E","M","E","T","M","M","E","M","M","R","B",null,"M","$","M","?","M","E","R","E","T","M","R","$","E","?","R","B",null,"R","$","E","B",null],"character_chosen":"RobotSpaceExplorer","items_purchased":["Finesse","RobotSpaceExplorer:LuckyStrike","RobotSpaceExplorer:FoglandsKnife","RobotSpaceExplorer:MiniBoosters","Orrery","Fruit Juice","RobotSpaceExplorer:ScrapToss","Bag of Preparation","DistilledChaos"],"campfire_rested":3,"item_purchase_floors":[19,19,36,36,36,36,46,46,53],"current_hp_per_floor":[75,70,59,59,57,57,56,52,52,41,41,41,41,41,41,38,75,75,75,74,74,58,58,58,52,52,51,51,51,51,47,47,20,85,75,75,75,89,94,91,91,91,91,91,104,104,94,104,104,104,104,104,104,90,1],"gold":90,"neow_bonus":"ONE_RANDOM_RARE_CARD","is_daily":false,"chose_seed":false,"campfire_upgraded":4,"win_rate":0.0,"timestamp":1609444520,"path_taken":["M","M","?","M","M","R","E","M","T","E","?","R","M","M","R","BOSS","M","$","M","M","M","E","M","E","T","M","M","E","M","M","R","BOSS","M","$","M","?","M","E","R","E","T","M","R","$","E","?","R","BOSS","R","$","E","BOSS"],"items_purchased_type":["Card","Card","Relic","Card","Relic","Potion","Card","Relic","Potion"],"build_version":"2020-12-22","purchased_purges":2,"victory":true,"max_hp_per_floor":[75,75,75,75,75,75,75,75,75,75,75,75,75,75,75,75,75,75,75,75,75,75,75,75,75,75,75,75,85,85,85,85,85,85,85,85,85,99,104,104,104,104,104,104,104,104,104,104,104,104,104,104,104,104,104],"relic_stats":{"Centennial Puzzle":[3],"counters":[35,233],"Sundial":[32],"CeramicFish":90,"Bag of Preparation":[10],"Ginger":[12],"Kunai":[43],"Boot":[636],"obtain_stats":[{"Pear":29,"CeramicFish":25,"RobotSpaceExplorer:RoboCore":0,"Mango":38,"Bag of Preparation":46,"Ginger":23,"Boot":10,"Ancient Tea Set":43,"RobotSpaceExplorer:TurboCore":17,"Mercury Hourglass":40,"RobotSpaceExplorer:FoglandsKnife":36,"Bottled Flame":42,"Centennial Puzzle":54,"Sundial":11,"Orrery":36,"Fusion Hammer":34,"Bottled Lightning":9,"Kunai":47,"Unceasing Top":7,"Pocketwatch":48},{"Pear":20,"CeramicFish":17,"RobotSpaceExplorer:RoboCore":0,"Mango":26,"Bag of Preparation":30,"Ginger":15,"Boot":7,"Ancient Tea Set":29,"RobotSpaceExplorer:TurboCore":10,"Mercury Hourglass":28,"RobotSpaceExplorer:FoglandsKnife":24,"Bottled Flame":29,"Centennial Puzzle":34,"Sundial":7,"Orrery":24,"Fusion Hammer":23,"Bottled Lightning":6,"Kunai":31,"Unceasing Top":5,"Pocketwatch":32},{"Pear":132,"CeramicFish":113,"RobotSpaceExplorer:RoboCore":0,"Mango":176,"Bag of Preparation":195,"Ginger":102,"Boot":50,"Ancient Tea Set":192,"RobotSpaceExplorer:TurboCore":70,"Mercury Hourglass":187,"RobotSpaceExplorer:FoglandsKnife":164,"Bottled Flame":192,"Centennial Puzzle":226,"Sundial":50,"Orrery":164,"Fusion Hammer":153,"Bottled Lightning":39,"Kunai":200,"Unceasing Top":33,"Pocketwatch":204}],"Unceasing Top":[23],"Mercury Hourglass":[153],"Pocketwatch":[9]},"card_choices":[{"not_picked":["RobotSpaceExplorer:ImprovisedAttack","RobotSpaceExplorer:Counterblock"],"picked":"RobotSpaceExplorer:FranticSearch","floor":1.0},{"not_picked":["RobotSpaceExplorer:MetalStrike","RobotSpaceExplorer:SwiftStep"],"picked":"RobotSpaceExplorer:Jetpack","floor":2.0},{"not_picked":["RobotSpaceExplorer:Counterblock","RobotSpaceExplorer:Blitz"],"picked":"RobotSpaceExplorer:ShovelStrike","floor":4.0},{"not_picked":["RobotSpaceExplorer:ShockKick","RobotSpaceExplorer:JunkDive"],"picked":"RobotSpaceExplorer:LuckyStrike","floor":5.0},{"not_picked":["RobotSpaceExplorer:PlasmaMissile","RobotSpaceExplorer:ShovelStrike"],"picked":"RobotSpaceExplorer:Wormhole","floor":7.0},{"not_picked":["RobotSpaceExplorer:ExhaustFan","RobotSpaceExplorer:SlimeMissile"],"picked":"RobotSpaceExplorer:TurboDodge","floor":8.0},{"not_picked":["RobotSpaceExplorer:FranticSearch","RobotSpaceExplorer:FreezingShield"],"picked":"RobotSpaceExplorer:Multitool","floor":10.0},{"not_picked":["RobotSpaceExplorer:FrostMissile","RobotSpaceExplorer:MiniDrones"],"picked":"RobotSpaceExplorer:ScrapToss","floor":13.0},{"not_picked":["RobotSpaceExplorer:StarLightning","RobotSpaceExplorer:IronShell","RobotSpaceExplorer:Reload"],"picked":"SKIP","floor":14.0},{"not_picked":["RobotSpaceExplorer:Multitool","RobotSpaceExplorer:Accelerator"],"picked":"RobotSpaceExplorer:Scanner","floor":16.0},{"not_picked":["RobotSpaceExplorer:SwiftStep","RobotSpaceExplorer:MetalStrike","RobotSpaceExplorer:Smokescreen"],"picked":"SKIP","floor":18.0},{"not_picked":["RobotSpaceExplorer:SurgingShield","RobotSpaceExplorer:DualCore","RobotSpaceExplorer:ShovelStrike+1"],"picked":"SKIP","floor":20.0},{"not_picked":["RobotSpaceExplorer:Ammunition","RobotSpaceExplorer:DoubleFind","RobotSpaceExplorer:RigExplosive"],"picked":"SKIP","floor":21.0},{"not_picked":["RobotSpaceExplorer:SurgingShield","RobotSpaceExplorer:StunGrenade","RobotSpaceExplorer:MetalStrike"],"picked":"SKIP","floor":22.0},{"not_picked":["RobotSpaceExplorer:Pulsar","RobotSpaceExplorer:Scanner","RobotSpaceExplorer:Counterblock"],"picked":"SKIP","floor":23.0},{"not_picked":["RobotSpaceExplorer:ShockKick","RobotSpaceExplorer:Probe"],"picked":"RobotSpaceExplorer:ShovelStrike+1","floor":24.0},{"not_picked":["RobotSpaceExplorer:MiniDrones","RobotSpaceExplorer:Ammunition+1","RobotSpaceExplorer:SurgingShield"],"picked":"SKIP","floor":25.0},{"not_picked":["RobotSpaceExplorer:MiniDrones","RobotSpaceExplorer:ImprovisedAttack"],"picked":"RobotSpaceExplorer:ExhaustFan","floor":27},{"not_picked":["RobotSpaceExplorer:ToxicBomb","RobotSpaceExplorer:SurgingShield","RobotSpaceExplorer:StarLightning"],"picked":"SKIP","floor":28},{"not_picked":["RobotSpaceExplorer:Reload","RobotSpaceExplorer:Probe","RobotSpaceExplorer:Ammunition"],"picked":"SKIP","floor":29},{"not_picked":["RobotSpaceExplorer:GlueSpray+1","RobotSpaceExplorer:ScrapMissile","RobotSpaceExplorer:SwiftStep"],"picked":"SKIP","floor":30},{"not_picked":["RobotSpaceExplorer:FreezingShield","RobotSpaceExplorer:SelfCleaning","RobotSpaceExplorer:HighVoltage"],"picked":"SKIP","floor":31},{"not_picked":["RobotSpaceExplorer:Blaster","RobotSpaceExplorer:BlastShield"],"picked":"RobotSpaceExplorer:TrailblazerForm","floor":33},{"not_picked":["RobotSpaceExplorer:MetalStrike","RobotSpaceExplorer:SwiftStep+1"],"picked":"RobotSpaceExplorer:PowerCollector","floor":35},{"not_picked":["RobotSpaceExplorer:FreezingShield","RobotSpaceExplorer:SurgingShield"],"picked":"RobotSpaceExplorer:DualCore","floor":36},{"not_picked":["RobotSpaceExplorer:GearShield","RobotSpaceExplorer:SwiftStep+1"],"picked":"RobotSpaceExplorer:FranticSearch+1","floor":36},{"not_picked":["RobotSpaceExplorer:Ammunition","RobotSpaceExplorer:Counterblock"],"picked":"RobotSpaceExplorer:Accelerator","floor":36},{"not_picked":["RobotSpaceExplorer:Counterblock+1","RobotSpaceExplorer:Pulsar+1","RobotSpaceExplorer:SwiftStep+1"],"picked":"SKIP","floor":37},{"not_picked":["RobotSpaceExplorer:StunGrenade+1","RobotSpaceExplorer:Ammunition","RobotSpaceExplorer:Counterblock"],"picked":"SKIP","floor":39},{"not_picked":["RobotSpaceExplorer:ScrapMissile","RobotSpaceExplorer:Reload","RobotSpaceExplorer:MakeshiftVolley"],"picked":"SKIP","floor":40},{"not_picked":["RobotSpaceExplorer:StunGrenade","RobotSpaceExplorer:Probe+1","RobotSpaceExplorer:LaserBurst"],"picked":"SKIP","floor":42},{"not_picked":["RobotSpaceExplorer:GlueShot","RobotSpaceExplorer:IronShell","RobotSpaceExplorer:MiniDrones+1"],"picked":"SKIP","floor":44},{"not_picked":["RobotSpaceExplorer:Calculate","RobotSpaceExplorer:Multitool","RobotSpaceExplorer:Pulsar+1"],"picked":"SKIP","floor":47},{"not_picked":["RobotSpaceExplorer:Reload","RobotSpaceExplorer:FrostMissile+1"],"picked":"RobotSpaceExplorer:DualCore+1","floor":48},{"not_picked":["RobotSpaceExplorer:SwiftStep+1","RobotSpaceExplorer:SlimeMissile"],"picked":"RobotSpaceExplorer:ExhaustFan+1","floor":54}],"player_experience":2685271,"relics_obtained":[{"floor":7.0,"key":"Unceasing Top"},{"floor":9.0,"key":"Bottled Lightning"},{"floor":10.0,"key":"Boot"},{"floor":11.0,"key":"Sundial"},{"floor":23.0,"key":"Ginger"},{"floor":25.0,"key":"CeramicFish"},{"floor":29,"key":"Pear"},{"floor":38,"key":"Mango"},{"floor":40,"key":"Mercury Hourglass"},{"floor":42,"key":"Bottled Flame"},{"floor":43,"key":"Ancient Tea Set"},{"floor":47,"key":"Kunai"},{"floor":48,"key":"Pocketwatch"},{"floor":54,"key":"Centennial Puzzle"}],"event_choices":[{"damage_healed":0.0,"max_hp_gain":0.0,"max_hp_loss":0.0,"gold_gain":75.0,"event_name":"World of Goop","player_choice":"Gather Gold","floor":3.0,"gold_loss":0.0,"damage_taken":11.0},{"damage_healed":0,"gold_gain":0,"player_choice":"Fight","damage_taken":0,"max_hp_gain":0,"max_hp_loss":0,"event_name":"MindBloom","floor":38,"gold_loss":0},{"damage_healed":0,"gold_gain":0,"player_choice":"Fight","damage_taken":0,"max_hp_gain":0,"max_hp_loss":0,"event_name":"Mysterious Sphere","floor":48,"gold_loss":0}],"is_beta":false,"boss_relics":[{"not_picked":["RobotSpaceExplorer:Reprocessor","Philosopher\u0027s Stone"],"picked":"RobotSpaceExplorer:TurboCore"},{"not_picked":["SlaversCollar","Cursed Key"],"picked":"Fusion Hammer"}],"items_purged_floors":[19,36],"is_endless":false,"potions_floor_spawned":[2,7,8,10,14,18,23,24,27,29,30,31,38,39,40,44,48],"ascension_level":1}}