{"host":"7k2a2omxz3voj5ax","time":1609441206,"event":{"mods":["BaseMod","Marisa£¨ìFÓê¡¡Ä§ÀíÉ³£©","Minty Spire (QoL Compilation)","Quick Restart","Spicy Shops","StSLib","Starting Relic: Pandora\u0027s Box","óô»ðÖ¸ÄÏ"],"gold_per_floor":[110,129,139,139,139,174,174,206,206,226,236,270,195,209,209,292,292,310,310,310],"floor_reached":19,"playtime":824,"items_purged":[],"score":428,"play_id":"aaf89ed7-de91-4dc2-bb63-5e04027d40c9","local_time":"20210101040006","is_ascension_mode":true,"campfire_choices":[{"data":"BlazeAway","floor":7,"key":"SMITH"},{"data":"EscapeVelocity","floor":15,"key":"SMITH"}],"circlet_count":0,"master_deck":["AscendersBane","MasterSpark+1","UpSweep","PowerUp","6A","6A","NonDirectionalLaser","ManaConvection","UnstableBomb","WitchLeyline","EscapeVelocity+1","AsteroidBelt+1","BlazeAway+1","GasGiant","Singularity","SatelliteIllusion"],"relics":["BewitchedHakkero","Potion Belt","Singing Bowl","Sundial","CeramicFish"],"acts_visited":["Exordium","TheCity"],"potions_floor_usage":[11,12,16,19],"damage_taken":[{"damage":0,"enemies":"Cultist","floor":1,"turns":2},{"damage":7,"enemies":"Jaw Worm","floor":2,"turns":2},{"damage":4,"enemies":"Small Slimes","floor":3,"turns":3},{"damage":4,"enemies":"Lagavulin","floor":6,"turns":4},{"damage":0,"enemies":"Gremlin Nob","floor":8,"turns":3},{"damage":1,"enemies":"Blue Slaver","floor":10,"turns":2},{"damage":6,"enemies":"Gremlin Gang","floor":11,"turns":3},{"damage":3,"enemies":"3 Sentries","floor":12,"turns":4},{"damage":0,"enemies":"Red Slaver","floor":14,"turns":2},{"damage":15,"enemies":"Hexaghost","floor":16,"turns":7},{"damage":33,"enemies":"2 Thieves","floor":18,"turns":5},{"damage":34,"enemies":"Masked Bandits","floor":19,"turns":3}],"seed_played":"-2478925919525870520","potions_obtained":[{"floor":5,"key":"DuplicationPotion"},{"floor":5,"key":"LiquidBronze"},{"floor":6,"key":"Ancient Potion"},{"floor":8,"key":"SteroidPotion"},{"floor":11,"key":"GamblersBrew"},{"floor":12,"key":"Ancient Potion"},{"floor":16,"key":"Dexterity Potion"},{"floor":18,"key":"DuplicationPotion"}],"is_trial":false,"path_per_floor":["M","M","M","?","?","E","R","E","T","M","M","E","?","M","R","B",null,"M","?"],"character_chosen":"MARISA","items_purchased":[],"campfire_rested":0,"item_purchase_floors":[],"current_hp_per_floor":[63,56,52,31,31,27,27,27,27,26,22,21,21,23,23,8,59,28,0,0],"gold":310,"neow_bonus":"ONE_RANDOM_RARE_CARD","is_daily":false,"chose_seed":false,"campfire_upgraded":2,"win_rate":0.0,"timestamp":1609441206,"path_taken":["M","M","M","?","?","E","R","E","T","?","M","E","?","M","R","BOSS","M","?"],"items_purchased_type":[],"build_version":"2020-12-22","purchased_purges":0,"victory":false,"max_hp_per_floor":[70,70,70,70,70,70,70,70,70,70,72,74,74,76,76,76,76,78,78,78],"card_choices":[{"not_picked":["WitchOfGreed","LuminesStrike"],"picked":"AsteroidBelt","floor":1},{"not_picked":["GalacticHalo","GrandCross","ShootingEcho"],"picked":"SKIP","floor":2},{"not_picked":["GravityBeat","WitchOfGreed","PowerUp"],"picked":"SKIP","floor":3},{"not_picked":["EnergyRecoil","SuperPerseids"],"picked":"BlazeAway","floor":6},{"not_picked":["CasketOfStar","EnergyRecoil"],"picked":"GasGiant","floor":8},{"not_picked":["SuperPerseids","MilkyWay"],"picked":"Singularity","floor":10},{"not_picked":["UnstableBomb","SporeBomb","Orbital"],"picked":"Singing Bowl","floor":11},{"not_picked":["ShootingEcho","SporeBomb","LuminesStrike"],"picked":"Singing Bowl","floor":12},{"not_picked":["LuminesStrike","NonDirectionalLaser","PowerUp"],"picked":"Singing Bowl","floor":14},{"not_picked":["AbsoluteMagnitude","CasketOfStar"],"picked":"SatelliteIllusion","floor":16},{"not_picked":["DragonMeteor","MilkyWay","Orbital+1"],"picked":"Singing Bowl","floor":18}],"player_experience":387649,"relics_obtained":[{"floor":6,"key":"Potion Belt"},{"floor":8,"key":"Singing Bowl"},{"floor":9,"key":"Sundial"},{"floor":12,"key":"CeramicFish"}],"event_choices":[{"damage_healed":0,"gold_gain":0,"player_choice":"Entered Light","damage_taken":21,"max_hp_gain":0,"max_hp_loss":0,"event_name":"Shining Light","floor":4,"gold_loss":0,"cards_upgraded":["AsteroidBelt","MasterSpark"]},{"damage_healed":0,"gold_gain":0,"player_choice":"Got Potions","damage_taken":0,"max_hp_gain":0,"max_hp_loss":0,"event_name":"Lab","floor":5,"gold_loss":0},{"cards_removed":["SporeBomb"],"damage_healed":0,"gold_gain":0,"player_choice":"Card Removal","damage_taken":0,"max_hp_gain":0,"max_hp_loss":0,"event_name":"The Cleric","floor":13,"gold_loss":75},{"damage_healed":0,"gold_gain":0,"player_choice":"Fought Bandits","damage_taken":0,"max_hp_gain":0,"max_hp_loss":0,"event_name":"Masked Bandits","floor":19,"gold_loss":0}],"is_beta":false,"boss_relics":[{"not_picked":["Snecko Eye","SlaversCollar"],"picked":"BewitchedHakkero"}],"items_purged_floors":[],"is_endless":false,"potions_floor_spawned":[6,8,10,11,12,16,18],"killed_by":"Masked Bandits","ascension_level":20}}