{"host":"w8hjdfrntrrvtiu5","time":1609381573,"event":{"mods":["AchievementEnabler","BaseMod","BetterRewards","Conspire","Hubris","Marisa????????","Minty Spire (QoL Compilation)","Shop Mod","StSLib","Td1madao Mod","The Animator","egg","everything is the same but u backflip on backflip"],"gold_per_floor":[117,117,67,67,67,67,101,114,114,142,142,142,142,154,154,252,252,265,265,265,285,66,101,101,56,56,76,101,125,152,152,152,152,152],"floor_reached":33,"playtime":772,"items_purged":[],"score":516,"play_id":"45b6034f-1360-4cf2-a652-80bfdf5c726d","local_time":"20201230212613","is_ascension_mode":true,"campfire_choices":[{"data":"Iron Wave","floor":6,"key":"SMITH"},{"data":"Fiend Fire","floor":11,"key":"SMITH"},{"data":"Havoc","floor":13,"key":"SMITH"},{"data":"Flame Barrier","floor":15,"key":"SMITH"},{"data":"Reaper","floor":24,"key":"SMITH"},{"data":"Thunderclap","floor":32,"key":"SMITH"}],"circlet_count":0,"master_deck":["AscendersBane","Strike_R","Strike_R","Strike_R","Strike_R","Defend_R","Defend_R","Defend_R","Bash+1","Iron Wave+1","Fiend Fire+1","Havoc+1","Hemokinesis","Flame Barrier+1","Reaper+1","Thunderclap+1","Flame Barrier+1","Infernal Blade+1","Inflame","Cleave","Doubt","Burning Pact","Wild Strike+1"],"relics":["Burning Blood","Charon\u0027s Ashes","Oddly Smooth Stone","Kunai","Bronze Scales","Ginger","Cursed Key","Orichalcum","hubris:TenFootPole","Omamori","Pear","Strawberry","Lantern"],"acts_visited":["Exordium","TheCity"],"potions_floor_usage":[7,16,23,28,33],"damage_taken":[{"damage":25,"enemies":"Jaw Worm","floor":1,"turns":5},{"damage":11,"enemies":"3 Sentries","floor":7,"turns":6},{"damage":0,"enemies":"2 Louse","floor":8,"turns":2},{"damage":26,"enemies":"Lagavulin","floor":10,"turns":5},{"damage":2,"enemies":"Cultist","floor":14,"turns":2},{"damage":10,"enemies":"Hexaghost","floor":16,"turns":7},{"damage":6,"enemies":"Spheric Guardian","floor":18,"turns":3},{"damage":5,"enemies":"2 Thieves","floor":21,"turns":3},{"damage":27,"enemies":"conspire:SneckoGhost","floor":23,"turns":4},{"damage":3,"enemies":"Centurion and Healer","floor":27,"turns":5},{"damage":40,"enemies":"Gremlin Leader","floor":28,"turns":5},{"damage":27,"enemies":"conspire:SneckoGhost","floor":30,"turns":5},{"damage":73,"enemies":"conspire:MysteriousRune","floor":33,"turns":7}],"seed_played":"3996902424751499708","potions_obtained":[{"floor":1,"key":"Explosive Potion"},{"floor":8,"key":"Weak Potion"},{"floor":10,"key":"AttackPotion"},{"floor":21,"key":"conspire:TimeTravelPotion"},{"floor":27,"key":"SpeedPotion"},{"floor":28,"key":"DuplicationPotion"}],"is_trial":false,"path_per_floor":["M","?","?","$","?","R","E","M","T","E","R","T","R","M","R","B",null,"M","?","?","M","$","E","R","$","T","M","E","T","E","?","R","B"],"character_chosen":"IRONCLAD","items_purchased":["Orichalcum","Inflame","Cleave"],"campfire_rested":0,"item_purchase_floors":[22,22,25],"current_hp_per_floor":[53,46,46,46,46,46,41,47,47,27,27,27,27,31,31,27,67,67,67,67,68,68,47,47,47,47,61,73,80,59,59,59,0,0],"gold":152,"neow_bonus":"ONE_RARE_RELIC","is_daily":false,"chose_seed":false,"campfire_upgraded":6,"win_rate":0.0,"timestamp":1609381573,"path_taken":["M","?","?","$","?","R","E","?","T","E","R","?","R","M","R","BOSS","M","?","?","?","$","E","R","$","T","M","E","?","E","?","R","BOSS"],"items_purchased_type":["Relic","Card","Card"],"build_version":"2020-12-22","purchased_purges":0,"victory":false,"max_hp_per_floor":[80,80,80,80,80,80,80,80,80,80,80,80,80,80,80,80,80,80,80,80,80,80,80,80,80,80,80,90,97,97,97,97,97,97],"card_choices":[{"not_picked":["hubris:CleavingFinish","Reckless Charge"],"picked":"Iron Wave","floor":1},{"not_picked":["Perfected Strike","Wild Strike"],"picked":"Fiend Fire","floor":7},{"not_picked":["Second Wind","Feel No Pain"],"picked":"Havoc","floor":8},{"not_picked":["Dark Embrace","Iron Wave"],"picked":"Hemokinesis","floor":10},{"not_picked":["Headbutt","Disarm"],"picked":"Flame Barrier","floor":14},{"not_picked":["Corruption","Limit Break"],"picked":"Reaper","floor":16},{"not_picked":["Anger","Entrench"],"picked":"Thunderclap","floor":18},{"not_picked":["Feel No Pain","Thunderclap"],"picked":"Infernal Blade+1","floor":21},{"not_picked":["Clothesline","Searing Blow","Wild Strike"],"picked":"SKIP","floor":23},{"not_picked":["Second Wind","Twin Strike"],"picked":"Burning Pact","floor":27},{"not_picked":["Cleave","Clash+1","Perfected Strike+1"],"picked":"SKIP","floor":28},{"not_picked":["Feed","Entrench"],"picked":"Wild Strike","floor":30}],"player_experience":2387825,"relics_obtained":[{"floor":7,"key":"Oddly Smooth Stone"},{"floor":9,"key":"Kunai"},{"floor":10,"key":"Bronze Scales"},{"floor":12,"key":"Ginger"},{"floor":23,"key":"hubris:TenFootPole"},{"floor":26,"key":"Omamori"},{"floor":28,"key":"Pear"},{"floor":29,"key":"Strawberry"},{"floor":30,"key":"Lantern"}],"event_choices":[{"cards_removed":["Regret"],"damage_healed":0,"gold_gain":0,"player_choice":"Card Removal","damage_taken":7,"max_hp_gain":0,"max_hp_loss":0,"event_name":"Golden Wing","floor":2,"gold_loss":0},{"cards_removed":["Defend_R"],"damage_healed":0,"gold_gain":0,"player_choice":"Card Removal","damage_taken":0,"max_hp_gain":0,"max_hp_loss":0,"event_name":"The Cleric","floor":3,"gold_loss":50},{"damage_healed":0,"gold_gain":0,"player_choice":"Forge","damage_taken":0,"max_hp_gain":0,"max_hp_loss":0,"event_name":"Accursed Blacksmith","floor":5,"gold_loss":0,"cards_upgraded":["Bash"]},{"cards_removed":["Strike_R"],"damage_healed":0,"gold_gain":0,"player_choice":"Elegance","damage_taken":0,"max_hp_gain":0,"max_hp_loss":0,"event_name":"Back to Basics","floor":19,"gold_loss":0},{"damage_healed":0,"gold_gain":0,"player_choice":"Copied","damage_taken":0,"max_hp_gain":0,"max_hp_loss":0,"event_name":"Duplicator","floor":20,"gold_loss":0,"cards_obtained":["Flame Barrier"]},{"damage_healed":0,"gold_gain":0,"player_choice":"Upgraded","damage_taken":0,"max_hp_gain":0,"max_hp_loss":0,"event_name":"Upgrade Shrine","floor":31,"gold_loss":0,"cards_upgraded":["Wild Strike"]}],"is_beta":false,"boss_relics":[{"not_picked":["Empty Cage","Black Star"],"picked":"Cursed Key"}],"items_purged_floors":[],"is_endless":false,"potions_floor_spawned":[1,8,10,14,21,27,28],"killed_by":"conspire:MysteriousRune","ascension_level":12}}