{"host":"a4s27ghlnr83kbqz","time":1609416415,"event":{"mods":["AchievementEnabler","BaseMod","Colored Map","Minty Spire (QoL Compilation)","Permanent Neow","SuperFastMode"],"gold_per_floor":[115,133,149,168,182,182,201,228,254,254,272,290,290,324,324,427,427,441,452,228,240,240,267,267,267,267],"floor_reached":25,"playtime":875,"items_purged":["Strike_G"],"score":344,"play_id":"8ce82f0d-8379-43d0-ba9a-f0f1f2b589e9","local_time":"20201231200655","is_ascension_mode":true,"campfire_choices":[{"data":"Bouncing Flask","floor":6,"key":"SMITH"},{"data":"All Out Attack","floor":10,"key":"SMITH"},{"data":"Catalyst","floor":15,"key":"SMITH"},{"data":"Wraith Form v2","floor":24,"key":"SMITH"}],"circlet_count":0,"master_deck":["Strike_G","Defend_G","Defend_G","Defend_G","Defend_G","Defend_G","Survivor","Neutralize","Bouncing Flask+1","Well Laid Plans","All Out Attack+1","Dodge and Roll","Backflip","Catalyst+1","Adrenaline","Bullet Time","Malaise+1","Calculated Gamble+1","Tools of the Trade+1","Footwork","Acrobatics+1","Wraith Form v2+1"],"relics":["Ring of the Snake","NeowsBlessing","Anchor","Lantern","Prayer Wheel","Tiny Chest","Astrolabe","Centennial Puzzle"],"acts_visited":["Exordium","TheCity"],"potions_floor_usage":[8,14,21],"damage_taken":[{"damage":0,"enemies":"Cultist","floor":1,"turns":1},{"damage":0,"enemies":"Jaw Worm","floor":2,"turns":1},{"damage":0,"enemies":"Small Slimes","floor":3,"turns":1},{"damage":7,"enemies":"3 Louse","floor":4,"turns":4},{"damage":9,"enemies":"Blue Slaver","floor":5,"turns":4},{"damage":4,"enemies":"Exordium Wildlife","floor":7,"turns":4},{"damage":9,"enemies":"3 Sentries","floor":8,"turns":7},{"damage":1,"enemies":"Exordium Thugs","floor":11,"turns":3},{"damage":0,"enemies":"Lots of Slimes","floor":12,"turns":1},{"damage":11,"enemies":"Lagavulin","floor":14,"turns":4},{"damage":2,"enemies":"The Guardian","floor":16,"turns":7},{"damage":0,"enemies":"Chosen","floor":18,"turns":3},{"damage":6,"enemies":"3 Byrds","floor":19,"turns":6},{"damage":14,"enemies":"Cultist and Chosen","floor":21,"turns":7},{"damage":3,"enemies":"Book of Stabbing","floor":23,"turns":5},{"damage":49,"enemies":"3 Cultists","floor":25,"turns":5}],"seed_played":"5984482406025055035","potions_obtained":[{"floor":2,"key":"Fire Potion"},{"floor":3,"key":"Strength Potion"},{"floor":4,"key":"SkillPotion"},{"floor":11,"key":"GamblersBrew"},{"floor":16,"key":"LiquidMemories"},{"floor":23,"key":"LiquidMemories"}],"is_trial":false,"path_per_floor":["M","M","M","M","M","R","M","E","T","R","M","M","?","E","R","B",null,"M","M","$","M","?","E","R","M"],"character_chosen":"THE_SILENT","items_purchased":["Wraith Form v2"],"campfire_rested":0,"item_purchase_floors":[20],"current_hp_per_floor":[63,63,63,56,47,47,43,34,34,34,33,33,21,10,10,8,55,55,49,49,35,35,32,32,0,0],"gold":267,"neow_bonus":"THREE_ENEMY_KILL","is_daily":false,"chose_seed":false,"campfire_upgraded":4,"win_rate":0.0,"timestamp":1609416415,"path_taken":["M","M","M","M","M","R","M","E","T","R","M","?","?","E","R","BOSS","M","M","$","M","?","E","R","M"],"items_purchased_type":["Card"],"build_version":"2020-12-22","purchased_purges":1,"victory":false,"max_hp_per_floor":[70,70,70,70,70,70,70,70,70,70,70,70,70,70,70,70,70,70,70,70,70,70,70,70,70,70],"card_choices":[{"not_picked":["PiercingWail","All Out Attack"],"picked":"Bouncing Flask","floor":1},{"not_picked":["Setup","Prepared"],"picked":"Well Laid Plans","floor":2},{"not_picked":["Concentrate","Slice","Sucker Punch"],"picked":"SKIP","floor":3},{"not_picked":["Slice","Outmaneuver"],"picked":"All Out Attack","floor":4},{"not_picked":["Quick Slash","Caltrops"],"picked":"Dodge and Roll","floor":5},{"not_picked":["Deadly Poison","Dagger Throw"],"picked":"Backflip","floor":7},{"not_picked":["Tactician","Flying Knee","Doppelganger"],"picked":"SKIP","floor":8},{"not_picked":["Accuracy","Poisoned Stab"],"picked":"Catalyst","floor":11},{"not_picked":["Slice","Outmaneuver","Infinite Blades"],"picked":"SKIP","floor":12},{"not_picked":["Storm of Steel","Dagger Throw"],"picked":"Adrenaline","floor":14},{"not_picked":["Grand Finale","Doppelganger"],"picked":"Bullet Time","floor":16},{"not_picked":["Prepared","Choke"],"picked":"Footwork","floor":18},{"not_picked":["Cloak And Dagger","Eviscerate","Quick Slash"],"picked":"SKIP","floor":18},{"not_picked":["Sucker Punch","Dagger Spray"],"picked":"Acrobatics+1","floor":19},{"not_picked":["Dagger Throw","Quick Slash","Blade Dance"],"picked":"SKIP","floor":19},{"not_picked":["Dodge and Roll","Flying Knee","Wraith Form v2"],"picked":"SKIP","floor":21},{"not_picked":["Dagger Spray","Concentrate","Sucker Punch+1"],"picked":"SKIP","floor":21},{"not_picked":["Terror","Eviscerate","Deadly Poison"],"picked":"SKIP","floor":23}],"player_experience":1064689,"relics_obtained":[{"floor":8,"key":"Anchor"},{"floor":9,"key":"Lantern"},{"floor":14,"key":"Tiny Chest"},{"floor":23,"key":"Centennial Puzzle"}],"event_choices":[{"damage_healed":0,"gold_gain":0,"player_choice":"Success","damage_taken":12,"relics_obtained":["Prayer Wheel"],"max_hp_gain":0,"max_hp_loss":0,"event_name":"Scrap Ooze","floor":13,"gold_loss":0},{"damage_healed":0,"gold_gain":0,"player_choice":"Ignored","damage_taken":0,"max_hp_gain":0,"max_hp_loss":0,"event_name":"Vampires","floor":22,"gold_loss":0}],"is_beta":false,"boss_relics":[{"not_picked":["Velvet Choker","HoveringKite"],"picked":"Astrolabe"}],"items_purged_floors":[20],"is_endless":false,"potions_floor_spawned":[2,3,4,11,16,18,19,23],"killed_by":"3 Cultists","ascension_level":9}}