{"host":"jm9833yuloeli2yd","time":1609377614,"event":{"mods":["AchievementEnabler","BaseMod","Better Altar","Better Match","Better Note","Better Sensory Stone","Better Skull","Better Third Choice","Better Vampires","BetterRewards","Colored Map","Colored Powertips","DeckTracker","Marked Mod","Minty Spire (QoL Compilation)","Permanent Neow","Quick Restart","StSLib","SuperFastMode"],"gold_per_floor":[114,126,138,11,27,27,46,46,46,56,69,104,104,104,104],"floor_reached":14,"playtime":281,"items_purged":[],"score":188,"play_id":"408b3e35-8446-494f-a297-b8ab8f2acd22","local_time":"20201230202014","is_ascension_mode":true,"campfire_choices":[{"floor":6.0,"key":"REST"},{"data":"Rip and Tear","floor":8.0,"key":"SMITH"}],"circlet_count":0,"master_deck":["AscendersBane","Strike_B","Strike_B","Strike_B","Strike_B","Defend_B","Defend_B","Defend_B","Defend_B","Zap","Dualcast","Turbo","Rip and Tear+1","Hologram","Ball Lightning","Ball Lightning","FTL","Glacier","Genetic Algorithm","Machine Learning","Beam Cell+1","Chill"],"relics":["Cracked Core","Orichalcum","Smiling Mask"],"acts_visited":["Exordium"],"potions_floor_usage":[14],"damage_taken":[{"damage":16.0,"enemies":"Small Slimes","floor":1.0,"turns":3.0},{"damage":7.0,"enemies":"Jaw Worm","floor":2.0,"turns":2.0},{"damage":6.0,"enemies":"2 Louse","floor":3.0,"turns":2.0},{"damage":15.0,"enemies":"Large Slime","floor":5.0,"turns":5.0},{"damage":1.0,"enemies":"2 Fungi Beasts","floor":7.0,"turns":3.0},{"damage":13.0,"enemies":"Red Slaver","floor":10.0,"turns":3.0},{"damage":9.0,"enemies":"Exordium Thugs","floor":11.0,"turns":4.0},{"damage":4.0,"enemies":"3 Sentries","floor":12.0,"turns":6.0},{"damage":16,"enemies":"Gremlin Nob","floor":14,"turns":3}],"seed_played":"-4441935967697052297","potions_obtained":[{"floor":3.0,"key":"Dexterity Potion"},{"floor":7.0,"key":"Fire Potion"},{"floor":10.0,"key":"Ancient Potion"}],"is_trial":false,"path_per_floor":["M","M","M","$","M","R","M","R","T","M","M","E","?","E"],"character_chosen":"DEFECT","items_purchased":["Rip and Tear","Hologram","FTL","Glacier"],"campfire_rested":1,"item_purchase_floors":[0,0,4,4],"current_hp_per_floor":[41,34,28,28,13,34,33,33,33,20,11,7,7,0,0],"gold":104,"neow_bonus":"","is_daily":false,"chose_seed":false,"campfire_upgraded":1,"win_rate":0.0,"timestamp":1609377614,"path_taken":["M","M","M","$","M","R","M","R","T","M","M","E","?","E"],"items_purchased_type":["Card","Card","Card","Card"],"build_version":"2020-12-22","purchased_purges":0,"victory":false,"max_hp_per_floor":[71,71,71,71,71,71,71,71,71,71,71,71,71,71,71],"card_choices":[{"not_picked":["Consume","Genetic Algorithm"],"picked":"Ball Lightning","floor":1.0},{"not_picked":["Hello World","Redo","Barrage"],"picked":"SKIP","floor":2.0},{"not_picked":["Leap","Gash"],"picked":"Ball Lightning","floor":3.0},{"not_picked":["Leap","Rebound"],"picked":"Genetic Algorithm","floor":5.0},{"not_picked":["Genetic Algorithm","Reprogram"],"picked":"Machine Learning","floor":7.0},{"not_picked":["Sweeping Beam","Rip and Tear"],"picked":"Beam Cell","floor":10.0},{"not_picked":["Rebound","Streamline","Stack"],"picked":"SKIP","floor":11.0},{"not_picked":["Conserve Battery","Seek"],"picked":"Chill","floor":12.0}],"player_experience":1200588,"relics_obtained":[{"floor":9.0,"key":"Orichalcum"},{"floor":12.0,"key":"Smiling Mask"}],"event_choices":[{"damage_healed":0.0,"max_hp_gain":0.0,"max_hp_loss":0.0,"gold_gain":0.0,"event_name":"Living Wall","player_choice":"Grow","floor":13.0,"gold_loss":0.0,"damage_taken":0.0,"cards_upgraded":["Beam Cell"]}],"is_beta":false,"boss_relics":[],"items_purged_floors":[],"is_endless":false,"potions_floor_spawned":[3,7,10],"killed_by":"Gremlin Nob","ascension_level":20}}