{"host":"i5n40fjkmb02ym6x","time":1609413217,"event":{"mods":["AchievementEnabler","BaseMod","Colored Map","Colored Powertips","Googly Eyes","Infinite Spire","Minty Spire (QoL Compilation)","Quick Restart","StSLib","The Cursed"],"gold_per_floor":[116,116,134,60,74,109,109,139,139,155,175,175,210,230,230,330,330,345,345,355,355,201,233,76,76,76],"floor_reached":25,"playtime":1125,"items_purged":[],"score":281,"play_id":"0b8183b7-7f37-4ec4-934f-57d7bd41a7fb","local_time":"20201231191337","is_ascension_mode":false,"campfire_choices":[{"data":"TheCursedMod:ReleasedKnowledge","floor":7,"key":"SMITH"},{"floor":12,"key":"REST"},{"data":"TheCursedMod:ManaBullet","floor":15,"key":"SMITH"}],"circlet_count":0,"master_deck":["TheCursedMod:Strike_TheCursed","TheCursedMod:Strike_TheCursed","TheCursedMod:Strike_TheCursed","TheCursedMod:Strike_TheCursed","TheCursedMod:Defend_TheCursed","TheCursedMod:Defend_TheCursed","TheCursedMod:Defend_TheCursed","TheCursedMod:CursedWand+1","TheCursedMod:CleanUpWorkshop","TheCursedMod:Dregs","TheCursedMod:LuckyCharm","TheCursedMod:SpitefulStrike","TheCursedMod:AbyssShockwave","TheCursedMod:ManaBullet+1","TheCursedMod:CursedAmulet","TheCursedMod:ReleasedKnowledge+1","TheCursedMod:CircleOfBlood","TheCursedMod:CursedBlade+1","TheCursedMod:CircleOfFlame","CurseOfTheBell","TheCursedMod:HellfireBreathing+1"],"relics":["TheCursedMod:BlackMagic101","Molten Egg 2","Odd Mushroom","Shuriken","Oddly Smooth Stone","Calling Bell","Lantern","Pantograph","Dead Branch","infinitespire:Eraser","Strange Spoon","Juzu Bracelet","Sling"],"acts_visited":["Exordium","TheCity"],"potions_floor_usage":[6,13,13,16,23],"damage_taken":[{"damage":0,"enemies":"Small Slimes","floor":1,"turns":3},{"damage":0,"enemies":"Cultist","floor":3,"turns":3},{"damage":3,"enemies":"2 Louse","floor":5,"turns":2},{"damage":9,"enemies":"Gremlin Nob","floor":6,"turns":4},{"damage":14,"enemies":"The Mushroom Lair","floor":8,"turns":6},{"damage":16,"enemies":"Exordium Thugs","floor":10,"turns":6},{"damage":0,"enemies":"Gremlin Gang","floor":11,"turns":2},{"damage":9,"enemies":"3 Sentries","floor":13,"turns":4},{"damage":0,"enemies":"3 Louse","floor":14,"turns":2},{"damage":0,"enemies":"Slime Boss","floor":16,"turns":7},{"damage":18,"enemies":"Spheric Guardian","floor":18,"turns":6},{"damage":3,"enemies":"Shell Parasite","floor":20,"turns":4},{"damage":51,"enemies":"Gremlin Leader","floor":23,"turns":7},{"damage":23,"enemies":"Book of Stabbing","floor":25,"turns":2}],"seed_played":"-4383827907627691235","potions_obtained":[{"floor":3,"key":"CultistPotion"},{"floor":5,"key":"Swift Potion"},{"floor":6,"key":"Dexterity Potion"},{"floor":10,"key":"AttackPotion"},{"floor":14,"key":"SkillPotion"},{"floor":16,"key":"FairyPotion"},{"floor":18,"key":"Weak Potion"}],"is_trial":false,"path_per_floor":["M","?","M","$","M","E","R","?","T","M","M","R","E","M","R","B",null,"M","AVR","M","?","$","E","$","E"],"character_chosen":"THE_CURSED","items_purchased":["TheCursedMod:ManaBullet","Strange Spoon","Sling"],"campfire_rested":1,"item_purchase_floors":[4,22,24],"current_hp_per_floor":[75,75,75,75,72,63,63,49,49,37,41,63,62,66,66,75,75,57,57,56,56,56,9,9,0,0],"gold":76,"neow_bonus":"TRANSFORM_CARD","is_daily":false,"chose_seed":false,"campfire_upgraded":2,"win_rate":0.0,"timestamp":1609413217,"path_taken":["M","?","?","?","M","E","R","?","T","M","M","R","E","M","R","BOSS","M","AVR","M","?","?","E","$","E"],"items_purchased_type":["Card","Relic","Relic"],"build_version":"2020-12-22","purchased_purges":0,"victory":false,"max_hp_per_floor":[75,75,75,75,75,75,75,75,75,75,75,75,75,75,75,75,75,75,75,75,75,75,75,75,75,75],"card_choices":[{"not_picked":["TheCursedMod:CircleOfAmplification","TheCursedMod:CursedSpellbook"],"picked":"TheCursedMod:SpitefulStrike","floor":1},{"not_picked":["TheCursedMod:CircleOfWindfury","TheCursedMod:SpreadPlague"],"picked":"TheCursedMod:AbyssShockwave","floor":3},{"not_picked":["TheCursedMod:PrepareRite","TheCursedMod:CursedArmor"],"picked":"TheCursedMod:CursedAmulet","floor":5},{"not_picked":["TheCursedMod:SaltUponWound","TheCursedMod:ManaBullet+1"],"picked":"TheCursedMod:ReleasedKnowledge","floor":6},{"not_picked":["TheCursedMod:SpitefulPlan","TheCursedMod:CursedArmor"],"picked":"TheCursedMod:CircleOfBlood","floor":8},{"not_picked":["TheCursedMod:FleshFromBone","TheCursedMod:CircleOfFocus","TheCursedMod:Wield+1"],"picked":"SKIP","floor":10},{"not_picked":["TheCursedMod:SmokeScreen","TheCursedMod:ReleasedKnowledge","TheCursedMod:CursedRelics+1"],"picked":"SKIP","floor":11},{"not_picked":["TheCursedMod:SmokeScreen","TheCursedMod:ReleasedKnowledge","TheCursedMod:CursedRelics+1"],"picked":"SKIP","floor":11},{"not_picked":["TheCursedMod:RavingStaff+1","TheCursedMod:RapidMovement"],"picked":"TheCursedMod:CursedBlade+1","floor":13},{"not_picked":["TheCursedMod:CursedAmulet","TheCursedMod:Mangle+1","TheCursedMod:CursedShiv+1"],"picked":"SKIP","floor":14},{"not_picked":["TheCursedMod:CircleOfAmplification","TheCursedMod:CursedSpellbook"],"picked":"TheCursedMod:CircleOfFlame","floor":18},{"not_picked":["TheCursedMod:WearCloak","TheCursedMod:SaltUponWound"],"picked":"TheCursedMod:HellfireBreathing+1","floor":20},{"not_picked":["TheCursedMod:DoubleShield","TheCursedMod:CursedMace+1","TheCursedMod:FleshFromBone"],"picked":"SKIP","floor":23}],"player_experience":61049,"relics_obtained":[{"floor":6,"key":"Molten Egg 2"},{"floor":8,"key":"Odd Mushroom"},{"floor":9,"key":"Shuriken"},{"floor":13,"key":"Oddly Smooth Stone"},{"floor":19,"key":"Lantern"},{"floor":19,"key":"Pantograph"},{"floor":19,"key":"Dead Branch"},{"floor":23,"key":"Juzu Bracelet"}],"event_choices":[{"damage_healed":0,"gold_gain":0,"player_choice":"Forge","damage_taken":0,"max_hp_gain":0,"max_hp_loss":0,"event_name":"Accursed Blacksmith","floor":2,"gold_loss":0,"cards_upgraded":["TheCursedMod:CursedWand"]},{"damage_healed":0,"gold_gain":0,"player_choice":"Fought Mushrooms","damage_taken":0,"max_hp_gain":0,"max_hp_loss":0,"event_name":"Mushrooms","floor":8,"gold_loss":0},{"damage_healed":0,"gold_gain":0,"player_choice":"Gave Potion","damage_taken":0,"relics_obtained":["infinitespire:Eraser"],"max_hp_gain":0,"max_hp_loss":0,"event_name":"WeMeetAgain","floor":21,"gold_loss":0}],"is_beta":false,"boss_relics":[{"not_picked":["Empty Cage","Runic Dome","Runic Pyramid"]}],"items_purged_floors":[],"is_endless":false,"potions_floor_spawned":[3,5,6,10,14,16,18,20],"killed_by":"Book of Stabbing","ascension_level":0}}