{"host":"i0avyit1s6jb1siw","time":1609416529,"event":{"mods":["BaseMod","DeckTracker","Dota2Spire","Highlight Path","Minty Spire (QoL Compilation)","Quick Restart","Replay The Spire","StSLib","SuperFastMode"],"gold_per_floor":[113,113,38,55,73,73,108,108,108,8,8,8],"floor_reached":11,"playtime":202,"items_purged":["Defend_G","Strike_G"],"score":142,"play_id":"a64477bd-5d88-41bf-90c8-aa54682e485e","local_time":"20201231130849","is_ascension_mode":true,"campfire_choices":[{"data":"Midas Touch","floor":6,"key":"SMITH"},{"data":"Flechettes","floor":8,"key":"SMITH"}],"circlet_count":0,"master_deck":["AscendersBane","Strike_G","Strike_G","Strike_G","Strike_G","Defend_G","Defend_G","Defend_G","Defend_G","Defend_G","Survivor","Neutralize","Vigilance","Midas Touch+1","Blade Dance","Flechettes+1"],"relics":["Ring of the Snake","Matryoshka","Snake Skull"],"acts_visited":["Exordium"],"potions_floor_usage":[11],"damage_taken":[{"damage":0,"enemies":"Cultist","floor":1,"turns":2},{"damage":5,"enemies":"2 Louse","floor":4,"turns":4},{"damage":1,"enemies":"Small Slimes","floor":5,"turns":5},{"damage":8,"enemies":"Gremlin Nob","floor":7,"turns":3},{"damage":52,"enemies":"3 Sentries","floor":11,"turns":8}],"seed_played":"6688627033108166445","potions_obtained":[{"floor":1,"key":"Poison Potion"},{"floor":7,"key":"Dota2Spire:Clarity"}],"is_trial":false,"path_per_floor":["M","?","$","M","M","R","E","R","T","$","E"],"character_chosen":"THE_SILENT","items_purchased":[],"campfire_rested":0,"item_purchase_floors":[],"current_hp_per_floor":[59,66,66,61,60,60,52,52,52,52,0,0],"gold":8,"neow_bonus":"RANDOM_COLORLESS_2","is_daily":false,"chose_seed":false,"campfire_upgraded":2,"win_rate":0.0,"timestamp":1609416529,"path_taken":["M","?","$","M","?","R","E","R","T","$","E"],"items_purchased_type":[],"build_version":"2020-12-22","purchased_purges":2,"victory":false,"max_hp_per_floor":[66,66,66,66,66,66,66,66,66,66,66,66],"card_choices":[{"not_picked":["Poisoned Strike","Violence"],"picked":"Midas Touch","floor":0},{"not_picked":["Sucker Punch","Prepared"],"picked":"Blade Dance","floor":1},{"not_picked":["Sucker Punch","Draining Mist"],"picked":"Flechettes","floor":4},{"not_picked":["Heel Hook","Outmaneuver","Slice"],"picked":"SKIP","floor":5},{"not_picked":["ReplayTheSpireMod:Shiv Toss","All Out Attack","Flying Knee"],"picked":"SKIP","floor":7}],"player_experience":2148866,"relics_obtained":[{"floor":7,"key":"Matryoshka"},{"floor":9,"key":"Snake Skull"}],"event_choices":[{"damage_healed":7,"gold_gain":0,"player_choice":"Full Heal","damage_taken":0,"max_hp_gain":0,"max_hp_loss":0,"event_name":"Wheel of Change","floor":2,"gold_loss":0}],"is_beta":false,"boss_relics":[],"items_purged_floors":[3,10],"is_endless":false,"potions_floor_spawned":[1,7],"killed_by":"3 Sentries","ascension_level":20}}