{"host":"u3jctbsl7uavviuy","time":1609401610,"event":{"mods":["BaseMod","BetterRewards","GungeonMod","HololiveMod","Luminous","Marisa（F雨　魔理沙）","Minty Spire (QoL Compilation)","Relic Stats","Replay The Spire","Shop Mod","Spicy Shops","StSLib","TestMod","The Animator","The Cursed","The Gatherer","The Servant 0.9.4","WarShipGirlsR/战舰少女R mod","vexMod","篝火指南"],"gold_per_floor":[118,39,39,51,51,82,100,135,135,161,180,209,209,287,287,363,363,380,295,295,312,312,343,343,356,407,407,439,489,508,40,40,114,114,127,127,140,153,177,202,202,231,231,247,259,259,274,284,284,284],"floor_reached":51,"playtime":1988,"items_purged":["Defend_R","Defend_R","Pain"],"score":1933,"play_id":"a1c20f45-5200-47f0-a996-4da4453709d9","local_time":"20201231170010","is_ascension_mode":true,"campfire_choices":[{"data":"Seeing Red","floor":15.0,"key":"SMITH"},{"data":"Limit Break","floor":24.0,"key":"SMITH"},{"data":"Heavy Blade","floor":32.0,"key":"SMITH"},{"data":"Double Tap","floor":49,"key":"SMITH"}],"circlet_count":0,"master_deck":["AscendersBane","Strike_R","Strike_R","Strike_R","Strike_R","Strike_R","Defend_R","Defend_R","Bash","Metallicize","Flex","Clash","Inflame+1","Battle Trance","Rage+1","Clash","Double Tap+1","Heavy Blade+1","Dropkick+1","Thunderclap","Seeing Red+1","Limit Break+1","Hallucinations","Clumsy","Rage+1","Infernal Blade+1","Inflame+1","Exhume+1","True Grit+1","Berserk+1","Pummel"],"relics":["Burning Blood","testmod-TestBox","MerchantsRug","DemoMod:PinkGuonStone","Singing Bowl","Tiny Chest","Bag of Preparation","Frozen Egg 2","ReplayTheSpireMod:Spearhead","Mirror","ReplayTheSpireMod:Shallot","White Beast Statue","DemoMod:AgedBell","testmod-Motorcycle","Iron Hammer","Replay:Ancient Bell","DemoMod:ClearGuonStone","DemoMod:SerJunkan","DemoMod:Antibody","Art of War","MutagenicStrength","DemoMod:Junk","DemoMod:LamentConfigurum","testmod-EqualTreatment","Bag of Marbles","Lee\u0027s Waffle","Replay:Bottled Eggs","Pen Nib","vexMod:HeadHunter","Quantum Egg","vexMod:FocusSash","testmod-HeartOfStrike","Gambling Chip"],"acts_visited":["Exordium","TheCity","TheBeyond"],"potions_floor_usage":[47,48,50],"damage_taken":[{"damage":0.0,"enemies":"Cultist","floor":1.0,"turns":3.0},{"damage":0.0,"enemies":"Small Slimes","floor":4.0,"turns":4.0},{"damage":8.0,"enemies":"3 Sentries","floor":6.0,"turns":6.0},{"damage":0.0,"enemies":"2 Louse","floor":7.0,"turns":3.0},{"damage":6.0,"enemies":"Lagavulin","floor":8.0,"turns":4.0},{"damage":7.0,"enemies":"3 Sentries","floor":10.0,"turns":4.0},{"damage":1.0,"enemies":"Blue Slaver","floor":11.0,"turns":3.0},{"damage":6.0,"enemies":"Replay:BlueRogue","floor":12.0,"turns":4.0},{"damage":6.0,"enemies":"Slime Boss","floor":16.0,"turns":7.0},{"damage":10.0,"enemies":"Shell Parasite","floor":18.0,"turns":2.0},{"damage":23.0,"enemies":"Chosen","floor":21.0,"turns":6.0},{"damage":51.0,"enemies":"Gremlin Leader","floor":23.0,"turns":5.0},{"damage":11.0,"enemies":"Snake Plant","floor":25.0,"turns":3.0},{"damage":5.0,"enemies":"Replay:Snechameleon","floor":28.0,"turns":5.0},{"damage":6.0,"enemies":"Shelled Parasite and Fungi","floor":30.0,"turns":2.0},{"damage":11.0,"enemies":"Collector","floor":33.0,"turns":5.0},{"damage":24.0,"enemies":"3 Shapes","floor":35.0,"turns":2.0},{"damage":0.0,"enemies":"3 Darklings","floor":37.0,"turns":1.0},{"damage":44.0,"enemies":"Sphere and 2 Shapes","floor":38.0,"turns":3.0},{"damage":27.0,"enemies":"Giant Head","floor":40.0,"turns":7.0},{"damage":11.0,"enemies":"Nemesis","floor":42.0,"turns":3.0},{"damage":0.0,"enemies":"Jaw Worm Horde","floor":44.0,"turns":1.0},{"damage":44.0,"enemies":"Transient","floor":45.0,"turns":6.0},{"damage":10,"enemies":"Spire Growth","floor":47,"turns":3},{"damage":0,"enemies":"3 Darklings","floor":48,"turns":2},{"damage":50,"enemies":"Donu and Deca","floor":50,"turns":6}],"seed_played":"251547351358568950","potions_obtained":[{"floor":1.0,"key":"BloodPotion"},{"floor":7.0,"key":"GamblersBrew"},{"floor":10.0,"key":"Dexterity Potion"},{"floor":11.0,"key":"Venom Potion"},{"floor":12.0,"key":"BloodPotion"},{"floor":16.0,"key":"Energy Potion"},{"floor":18.0,"key":"GamblersBrew"},{"floor":21.0,"key":"DemoMod:LeadSkinPotion"},{"floor":23.0,"key":"Fire Potion"},{"floor":25.0,"key":"Block Potion"},{"floor":28.0,"key":"DemoMod:BlankPotion"},{"floor":30.0,"key":"Energy Potion"},{"floor":33.0,"key":"SteroidPotion"},{"floor":35.0,"key":"DistilledChaos"},{"floor":40.0,"key":"SteroidPotion"},{"floor":42.0,"key":"SpeedPotion"},{"floor":44.0,"key":"testmod-SpacePotion"},{"floor":45.0,"key":"EssenceOfSteel"},{"floor":47,"key":"BloodPotion"},{"floor":48,"key":"Block Potion"}],"is_trial":false,"path_per_floor":["M","$","?","M","?","E","M","E","T","E","M","E","?","T","R","B",null,"M","?","?","M","?","E","R","M","T","T","E","?","M","$","R","B",null,"M","?","M","M","T","E","?","E","T","M","M","T","M","M","R","B",null],"character_chosen":"IRONCLAD","items_purchased":["MerchantsRug","Metallicize","DemoMod:PinkGuonStone","Singing Bowl","Tiny Chest","Bag of Preparation","Frozen Egg 2","Flex","Clash","Inflame+1","Battle Trance","Feel No Pain+1","Rage","Double Tap","Lee\u0027s Waffle","Replay:Bottled Eggs"],"campfire_rested":0,"item_purchase_floors":[0,0,0,0,0,0,0,0,0,0,0,0,0,2,31,31],"current_hp_per_floor":[33,33,15,37,37,37,43,45,45,46,53,53,62,62,62,62,92,88,88,88,94,94,59,59,56,56,56,57,57,63,105,105,105,105,91,91,99,63,63,42,42,39,39,45,11,11,9,63,63,25],"gold":284,"neow_bonus":"","is_daily":false,"chose_seed":false,"campfire_upgraded":4,"win_rate":0.0,"timestamp":1609401610,"path_taken":["M","$","?","M","?","E","M","E","T","E","M","E","?","?","R","BOSS","M","?","?","M","?","E","R","M","T","?","E","?","?","$","R","BOSS","M","?","M","M","?","E","?","E","T","?","?","?","?","M","R","BOSS"],"items_purchased_type":["Relic","Card","Relic","Relic","Relic","Relic","Relic","Card","Card","Card","Card","Card","Card","Card","Relic","Relic"],"build_version":"2020-12-22","purchased_purges":3,"victory":true,"max_hp_per_floor":[82,82,82,82,82,84,84,86,86,88,90,90,90,90,90,90,92,92,92,92,94,94,96,96,98,98,98,98,98,98,105,105,105,105,107,107,109,111,111,111,111,113,113,113,115,115,117,119,119,119],"relic_stats":{"Lee\u0027s Waffle":42,"Singing Bowl":30,"counters":[139,548],"Gambling Chip":[4],"Tiny Chest":4,"Pen Nib":[6],"Bag of Preparation":[52],"Art of War":[2],"obtain_stats":[{"Replay:Accelerometer":9,"testmod-HeartOfStrike":43,"vexMod:MemoryStick":12,"DemoMod:AgedBell":10,"Whetstone":49,"Sling":0,"testmod-Prudence":17,"Sundial":28,"vexMod:EndlessSickness":34,"DemoMod:LamentConfigurum":0,"Fusion Hammer":34,"MerchantsRug":0,"testmod-TestBox":0,"Pear":45,"Blue Candle":0,"Eternal Feather":0,"Pen Nib":25,"Replay:Ancient Bell":17,"vexMod:GhostlyGear":0,"DemoMod:MeatBun":53,"MutagenicStrength":22,"DemoMod:SerJunkan":26,"Lantern":29,"Regal Pillow":7,"Singing Bowl":0,"Magic Flower":0,"testmod-EqualTreatment":27,"Blue Doll":31,"King of Hearts":0,"Bag of Preparation":0,"Burning Blood":0,"testmod-CasingShield":32,"Pet Ghost":40,"Replay:Rubber Ducky":19,"Toolbox":37,"testmod-DeterminationOfClimber":34,"Chemical X":0,"Replay:Bottled Eggs":21,"Lee\u0027s Waffle":31,"DemoMod:Antibody":17,"DemoMod:PinkGuonStone":49,"Omamori":0,"Frozen Egg 2":0,"testmod-ConstraintPeriapt":6,"MawBank":40,"testmod-Hope":43,"Orrery":20,"Garlic":30,"Art of War":19,"Bottled Lightning":8,"ReplayTheSpireMod:Lightbulb":11,"Toy Ornithopter":27,"DemoMod:GreenGuonStone":28,"Ice Cream":38,"Divine Protection":23,"Tiny House":34,"Calipers":13,"Vajra":23,"testmod-IWantAll":0,"DemoMod:GlassGuonStoneRelic":8,"Centennial Puzzle":44,"DollysMirror":0,"Honey Jar":17,"Prayer Wheel":10,"Iron Hammer":14,"DemoMod:ClearGuonStone":17,"testmod-ChristmasGift":0,"Happy Flower":40,"Oddly Smooth Stone":53,"Charon\u0027s Ashes":26,"War Paint":26,"testmod-RealStoneCalender":47,"Replay:Baseball":32,"ReplayTheSpireMod:Spearhead":43,"ReplayTheSpireMod:Shallot":8,"Shuriken":0,"testmod-Acrobat":8,"Onion Ring":6,"Molten Egg 2":0,"Grinning Jar":53,"Mirror":9,"Incense Burner":25,"testmod-Nyarlathotep":47,"Replay:Mystery Machine":6,"DemoMod:WhiteGuonStone":27,"Empty Cage":31,"testmod-BouquetWithThorns":46,"testmod-Charity":39,"ClockworkSouvenir":39,"Replay:Bandana":11,"testmod-Alchemist":14,"testmod-Motorcycle":0,"Gambling Chip":46,"Tiny Chest":0,"testmod-ArcanaOfDestiny":30,"DemoMod:Junk":31,"ReplayTheSpireMod:Ninjato":42,"Quantum Egg":42,"Replay:WaspNest":24,"vexMod:FocusSash":42,"testmod-Justice":0,"testmod-IndustrialRevolution":0,"Medical Kit":0,"White Beast Statue":49,"vexMod:Dragonfruit":25,"Anchor":0,"vexMod:BarristanHead":6,"testmod-AssaultLearning":47,"vexMod:HeadHunter":40,"Another Sword":0,"Bag of Marbles":12,"Snack Pack":23,"Membership Card":32,"DemoMod:RingOfEthereal":10},{"Replay:Accelerometer":91,"testmod-HeartOfStrike":134,"vexMod:MemoryStick":6,"DemoMod:AgedBell":119,"Whetstone":23,"Sling":56,"testmod-Prudence":65,"Sundial":72,"vexMod:EndlessSickness":43,"DemoMod:LamentConfigurum":56,"Fusion Hammer":75,"MerchantsRug":113,"testmod-TestBox":0,"Pear":50,"Blue Candle":86,"Eternal Feather":56,"Pen Nib":13,"Replay:Ancient Bell":122,"vexMod:GhostlyGear":56,"DemoMod:MeatBun":54,"MutagenicStrength":68,"DemoMod:SerJunkan":71,"Lantern":42,"Regal Pillow":60,"Singing Bowl":113,"Magic Flower":86,"testmod-EqualTreatment":126,"Blue Doll":16,"King of Hearts":56,"Bag of Preparation":113,"Burning Blood":0,"testmod-CasingShield":16,"Pet Ghost":108,"Replay:Rubber Ducky":10,"Toolbox":105,"testmod-DeterminationOfClimber":103,"Chemical X":0,"Replay:Bottled Eggs":68,"Lee\u0027s Waffle":128,"DemoMod:Antibody":122,"DemoMod:PinkGuonStone":83,"Omamori":56,"Frozen Egg 2":0,"testmod-ConstraintPeriapt":28,"MawBank":19,"testmod-Hope":20,"Orrery":35,"Garlic":42,"Art of War":123,"Bottled Lightning":5,"ReplayTheSpireMod:Lightbulb":92,"Toy Ornithopter":40,"DemoMod:GreenGuonStone":72,"Ice Cream":106,"Divine Protection":69,"Tiny House":17,"Calipers":63,"Vajra":12,"testmod-IWantAll":0,"DemoMod:GlassGuonStoneRelic":5,"Centennial Puzzle":110,"DollysMirror":86,"Honey Jar":33,"Prayer Wheel":91,"Iron Hammer":121,"DemoMod:ClearGuonStone":122,"testmod-ChristmasGift":86,"Happy Flower":46,"Oddly Smooth Stone":54,"Charon\u0027s Ashes":13,"War Paint":100,"testmod-RealStoneCalender":22,"Replay:Baseball":16,"ReplayTheSpireMod:Spearhead":109,"ReplayTheSpireMod:Shallot":118,"Shuriken":86,"testmod-Acrobat":29,"Onion Ring":4,"Molten Egg 2":24,"Grinning Jar":84,"Mirror":60,"Incense Burner":71,"testmod-Nyarlathotep":83,"Replay:Mystery Machine":90,"DemoMod:WhiteGuonStone":101,"Empty Cage":42,"testmod-BouquetWithThorns":83,"testmod-Charity":18,"ClockworkSouvenir":18,"Replay:Bandana":62,"testmod-Alchemist":93,"testmod-Motorcycle":0,"Gambling Chip":136,"Tiny Chest":113,"testmod-ArcanaOfDestiny":101,"DemoMod:Junk":74,"ReplayTheSpireMod:Ninjato":20,"Quantum Egg":134,"Replay:WaspNest":38,"vexMod:FocusSash":134,"testmod-Justice":86,"testmod-IndustrialRevolution":86,"Medical Kit":86,"White Beast Statue":23,"vexMod:Dragonfruit":100,"Anchor":24,"vexMod:BarristanHead":28,"testmod-AssaultLearning":52,"vexMod:HeadHunter":133,"Another Sword":0,"Bag of Marbles":32,"Snack Pack":98,"Membership Card":16,"DemoMod:RingOfEthereal":61},{"Replay:Accelerometer":385,"testmod-HeartOfStrike":530,"vexMod:MemoryStick":25,"DemoMod:AgedBell":472,"Whetstone":96,"Sling":232,"testmod-Prudence":270,"Sundial":308,"vexMod:EndlessSickness":180,"DemoMod:LamentConfigurum":232,"Fusion Hammer":323,"MerchantsRug":448,"testmod-TestBox":0,"Pear":207,"Blue Candle":366,"Eternal Feather":232,"Pen Nib":56,"Replay:Ancient Bell":486,"vexMod:GhostlyGear":232,"DemoMod:MeatBun":222,"MutagenicStrength":292,"DemoMod:SerJunkan":305,"Lantern":173,"Regal Pillow":244,"Singing Bowl":448,"Magic Flower":366,"testmod-EqualTreatment":502,"Blue Doll":65,"King of Hearts":232,"Bag of Preparation":448,"Burning Blood":0,"testmod-CasingShield":65,"Pet Ghost":434,"Replay:Rubber Ducky":40,"Toolbox":428,"testmod-DeterminationOfClimber":425,"Chemical X":0,"Replay:Bottled Eggs":292,"Lee\u0027s Waffle":509,"DemoMod:Antibody":486,"DemoMod:PinkGuonStone":352,"Omamori":232,"Frozen Egg 2":0,"testmod-ConstraintPeriapt":107,"MawBank":82,"testmod-Hope":86,"Orrery":139,"Garlic":173,"Art of War":488,"Bottled Lightning":22,"ReplayTheSpireMod:Lightbulb":390,"Toy Ornithopter":164,"DemoMod:GreenGuonStone":306,"Ice Cream":430,"Divine Protection":295,"Tiny House":71,"Calipers":258,"Vajra":51,"testmod-IWantAll":0,"DemoMod:GlassGuonStoneRelic":22,"Centennial Puzzle":438,"DollysMirror":366,"Honey Jar":132,"Prayer Wheel":385,"Iron Hammer":479,"DemoMod:ClearGuonStone":486,"testmod-ChristmasGift":366,"Happy Flower":190,"Oddly Smooth Stone":222,"Charon\u0027s Ashes":56,"War Paint":418,"testmod-RealStoneCalender":91,"Replay:Baseball":65,"ReplayTheSpireMod:Spearhead":437,"ReplayTheSpireMod:Shallot":468,"Shuriken":366,"testmod-Acrobat":113,"Onion Ring":17,"Molten Egg 2":98,"Grinning Jar":358,"Mirror":244,"Incense Burner":305,"testmod-Nyarlathotep":352,"Replay:Mystery Machine":379,"DemoMod:WhiteGuonStone":421,"Empty Cage":173,"testmod-BouquetWithThorns":352,"testmod-Charity":78,"ClockworkSouvenir":78,"Replay:Bandana":255,"testmod-Alchemist":392,"testmod-Motorcycle":0,"Gambling Chip":537,"Tiny Chest":448,"testmod-ArcanaOfDestiny":421,"DemoMod:Junk":315,"ReplayTheSpireMod:Ninjato":86,"Quantum Egg":530,"Replay:WaspNest":151,"vexMod:FocusSash":530,"testmod-Justice":366,"testmod-IndustrialRevolution":366,"Medical Kit":366,"White Beast Statue":96,"vexMod:Dragonfruit":418,"Anchor":98,"vexMod:BarristanHead":109,"testmod-AssaultLearning":214,"vexMod:HeadHunter":527,"Another Sword":0,"Bag of Marbles":125,"Snack Pack":411,"Membership Card":65,"DemoMod:RingOfEthereal":249}],"Burning Blood":680},"card_choices":[{"not_picked":["Pommel Strike","Body Slam"],"picked":"Clash","floor":1.0},{"not_picked":["Life Link+1","Sword Boomerang"],"picked":"Heavy Blade","floor":4.0},{"not_picked":["Sword Boomerang","Eclipse","Iron Wave"],"picked":"Singing Bowl","floor":6.0},{"not_picked":["Perfected Strike","Body Slam"],"picked":"Thunderclap","floor":7.0},{"not_picked":["ReplayTheSpireMod:Stacked","Spot Weakness","Pommel Strike"],"picked":"Singing Bowl","floor":8.0},{"not_picked":["Clash","Whirlwind","Intimidate"],"picked":"Singing Bowl","floor":10.0},{"not_picked":["DemoMod:BlackBlade","ReplayTheSpireMod:LeadingStrike","Thunderclap"],"picked":"Singing Bowl","floor":11.0},{"not_picked":["Hemogenesis","True Grit"],"picked":"Seeing Red","floor":12.0},{"not_picked":["Demon Form+1","Exhume"],"picked":"Limit Break","floor":16.0},{"not_picked":["Hololive_RevenueRecovery","Sickly"],"picked":"Hallucinations","floor":17.0},{"not_picked":["Pain","Looming Evil","Languid"],"picked":"Singing Bowl","floor":17.0},{"not_picked":["Regret","Replay:Hysterical Blindness"],"picked":"Clumsy","floor":17.0},{"not_picked":["Heavy Blade","Disarm"],"picked":"Rage","floor":18.0},{"not_picked":["Pommel Strike","Feed","Perfected Strike"],"picked":"Singing Bowl","floor":21.0},{"not_picked":["Armaments","Seeing Red","Anger+1"],"picked":"Singing Bowl","floor":23.0},{"not_picked":["Life Link+1","Clash","Run Through"],"picked":"Singing Bowl","floor":25.0},{"not_picked":["Fiend Fire","Cleave"],"picked":"Infernal Blade+1","floor":28.0},{"not_picked":["Seeing Red","Body Slam"],"picked":"Inflame+1","floor":30.0},{"not_picked":["Fiend Fire","Demon Form+1"],"picked":"Exhume","floor":33.0},{"not_picked":["Iron Wave","Thunderclap","Shrug It Off"],"picked":"Singing Bowl","floor":35.0},{"not_picked":["Intimidate","Replay:Undeath\u0027s Touch","Wild Strike"],"picked":"Singing Bowl","floor":37.0},{"not_picked":["Clash","Flex","Body Slam"],"picked":"Singing Bowl","floor":38.0},{"not_picked":["Reckless Charge+1","Flex"],"picked":"True Grit+1","floor":40.0},{"not_picked":["Feed","Juggernaut"],"picked":"Berserk","floor":42.0},{"not_picked":["Clash+1","Body Slam+1","Headbutt"],"picked":"Singing Bowl","floor":42.0},{"not_picked":["Abandon","Rage+1"],"picked":"Pummel","floor":44.0},{"not_picked":["Ghostly Armor","Iron Wave+1","ReplayReversal"],"picked":"Singing Bowl","floor":45.0},{"not_picked":["Warcry","Hemokinesis+1","Corruption+1"],"picked":"Singing Bowl","floor":47},{"not_picked":["Shockwave","Headbutt","Life Link+1"],"picked":"Singing Bowl","floor":48}],"player_experience":402919,"relics_obtained":[{"floor":6.0,"key":"Mirror"},{"floor":8.0,"key":"ReplayTheSpireMod:Shallot"},{"floor":9.0,"key":"White Beast Statue"},{"floor":10.0,"key":"DemoMod:AgedBell"},{"floor":12.0,"key":"testmod-Motorcycle"},{"floor":14.0,"key":"Iron Hammer"},{"floor":23.0,"key":"DemoMod:Junk"},{"floor":26.0,"key":"DemoMod:LamentConfigurum"},{"floor":27.0,"key":"testmod-EqualTreatment"},{"floor":28.0,"key":"Bag of Marbles"},{"floor":39.0,"key":"Pen Nib"},{"floor":40.0,"key":"vexMod:HeadHunter"},{"floor":42.0,"key":"vexMod:FocusSash"},{"floor":43.0,"key":"testmod-HeartOfStrike"},{"floor":46.0,"key":"Gambling Chip"}],"event_choices":[{"damage_healed":0.0,"max_hp_gain":0.0,"max_hp_loss":0.0,"gold_gain":0.0,"event_name":"Scrap Ooze","player_choice":"Success","floor":3.0,"gold_loss":0.0,"damage_taken":18.0,"relics_obtained":["ReplayTheSpireMod:Spearhead"]},{"damage_healed":0.0,"max_hp_gain":0.0,"max_hp_loss":0.0,"gold_gain":0.0,"event_name":"Addict","player_choice":"Obtained Relic","floor":19.0,"gold_loss":85.0,"damage_taken":0.0,"relics_obtained":["Art of War"]},{"damage_healed":0.0,"max_hp_gain":0.0,"max_hp_loss":0.0,"gold_gain":0.0,"event_name":"Drug Dealer","player_choice":"Inject Mutagens","floor":20.0,"gold_loss":0.0,"damage_taken":0.0,"relics_obtained":["MutagenicStrength"]},{"damage_healed":0.0,"max_hp_gain":0.0,"max_hp_loss":0.0,"gold_gain":0.0,"event_name":"Match and Keep!","player_choice":"0 cards matched","floor":22.0,"gold_loss":0.0,"damage_taken":0.0,"cards_obtained":[]},{"damage_healed":0.0,"max_hp_gain":0.0,"max_hp_loss":0.0,"gold_gain":50.0,"event_name":"Nest","player_choice":"Stole From Cult","floor":29.0,"gold_loss":0.0,"damage_taken":0.0},{"damage_healed":0.0,"max_hp_gain":0.0,"max_hp_loss":0.0,"gold_gain":0.0,"event_name":"Upgrade Shrine","player_choice":"Upgraded","floor":41.0,"gold_loss":0.0,"damage_taken":0.0,"cards_upgraded":["Exhume"]}],"is_beta":false,"boss_relics":[{"not_picked":["testmod-CardMagician","testmod-PortableAltar"],"picked":"Replay:Ancient Bell"},{"not_picked":["Nunchaku","DemoMod:PoisonVial"],"picked":"DemoMod:ClearGuonStone"},{"not_picked":["testmod-Justice","vexMod:BerryBomb"],"picked":"DemoMod:SerJunkan"},{"not_picked":["DemoMod:VorpalBullet","vexMod:PlasmaPancake"],"picked":"DemoMod:Antibody"},{"not_picked":["Hololive_TopUpMoneyS","testmod-EnergyCheck","Runic Pyramid"]}],"items_purged_floors":[0,0,31],"is_endless":false,"potions_floor_spawned":[1,7,10,11,12,16,18,21,23,25,28,30,33,35,37,38,40,42,44,45,47,48],"ascension_level":17}}