{"host":"i09pxcjttd31eh4q","time":1609437193,"event":{"mods":["AchievementEnabler","BaseMod","Colored Map","Keyboard Shortcuts","Minty Spire (QoL Compilation)","StSLib","SuperFastMode"],"gold_per_floor":[112,187,187,187,112,148,148,148,229,272,272,48,48,84,84,174,174,197,197,97,121,142,142,192,211,211,226,226,226],"floor_reached":28,"playtime":519,"items_purged":["Strike_G","Strike_G"],"score":564,"play_id":"542fff0e-56be-444b-8e64-56200da67daf","local_time":"20210101025313","is_ascension_mode":true,"campfire_choices":[{"data":"Neutralize","floor":7.0,"key":"SMITH"},{"data":"Deadly Poison","floor":11.0,"key":"SMITH"},{"data":"Poisoned Stab","floor":13.0,"key":"SMITH"},{"data":"Dagger Spray","floor":15.0,"key":"SMITH"},{"floor":23.0,"key":"REST"}],"circlet_count":0,"master_deck":["AscendersBane","Strike_G","Strike_G","Defend_G","Defend_G","Defend_G","Defend_G","Defend_G","Survivor","Neutralize+1","Dagger Spray+1","Deadly Poison+1","Poisoned Stab+1","Escape Plan","Grand Finale","Well Laid Plans","Prepared"],"relics":["Ring of the Snake","NeowsBlessing","Golden Idol","Bronze Scales","StrikeDummy","Omamori","PreservedInsect","Happy Flower","Calling Bell","Art of War","Sundial","The Specimen","Strawberry"],"acts_visited":["Exordium","TheCity"],"potions_floor_usage":[28],"damage_taken":[{"damage":0.0,"enemies":"Small Slimes","floor":1.0,"turns":1.0},{"damage":0.0,"enemies":"Lagavulin","floor":6.0,"turns":1.0},{"damage":0.0,"enemies":"Gremlin Nob","floor":10.0,"turns":1.0},{"damage":12.0,"enemies":"Lagavulin","floor":14.0,"turns":4.0},{"damage":6.0,"enemies":"Hexaghost","floor":16.0,"turns":7.0},{"damage":9.0,"enemies":"2 Thieves","floor":18.0,"turns":4.0},{"damage":24.0,"enemies":"Spheric Guardian","floor":21.0,"turns":6.0},{"damage":26.0,"enemies":"Snecko","floor":22.0,"turns":5.0},{"damage":3.0,"enemies":"3 Cultists","floor":25.0,"turns":3.0},{"damage":9.0,"enemies":"Centurion and Healer","floor":27.0,"turns":2.0},{"damage":27,"enemies":"Cultist and Chosen","floor":28,"turns":4}],"seed_played":"5709017792424301711","potions_obtained":[{"floor":10.0,"key":"Weak Potion"},{"floor":14.0,"key":"EntropicBrew"},{"floor":16.0,"key":"SteroidPotion"},{"floor":18.0,"key":"GamblersBrew"},{"floor":25.0,"key":"Ancient Potion"}],"is_trial":false,"path_per_floor":["M","?","?","?","$","E","R","?","T","E","R","$","R","E","R","B",null,"M","?","$","M","M","R","?","M","T","M","M"],"character_chosen":"THE_SILENT","items_purchased":["PreservedInsect","Poisoned Stab"],"campfire_rested":1,"item_purchase_floors":[12,12],"current_hp_per_floor":[59,48,41,41,41,41,41,46,46,46,46,46,46,34,34,28,56,61,61,61,37,11,30,30,27,34,25,0,0],"gold":226,"neow_bonus":"THREE_ENEMY_KILL","is_daily":false,"chose_seed":false,"campfire_upgraded":4,"win_rate":0.0,"timestamp":1609437193,"path_taken":["M","?","?","?","$","E","R","?","T","E","R","$","R","E","R","BOSS","M","?","$","M","M","R","?","M","T","M","M"],"items_purchased_type":["Relic","Card"],"build_version":"2020-12-22","purchased_purges":2,"victory":false,"max_hp_per_floor":[66,66,66,60,60,60,60,65,65,65,65,65,65,65,65,65,65,65,65,65,65,65,65,65,65,72,72,72,72],"card_choices":[{"not_picked":["PiercingWail","All Out Attack"],"picked":"Dagger Spray","floor":1.0},{"not_picked":["Skewer","Sucker Punch","Setup"],"picked":"SKIP","floor":6.0},{"not_picked":["Poisoned Stab","Masterful Stab"],"picked":"Deadly Poison","floor":10.0},{"not_picked":["Die Die Die","Cloak And Dagger"],"picked":"Escape Plan","floor":14.0},{"not_picked":["Doppelganger","Bullet Time"],"picked":"Grand Finale","floor":16.0},{"not_picked":["Quick Slash","Underhanded Strike","PiercingWail"],"picked":"SKIP","floor":18.0},{"not_picked":["Blade Dance","Predator","Underhanded Strike"],"picked":"SKIP","floor":21.0},{"not_picked":["Well Laid Plans","Outmaneuver"],"picked":"Prepared","floor":22.0},{"not_picked":["Setup","Sucker Punch","Cloak And Dagger"],"picked":"SKIP","floor":25.0},{"not_picked":["PiercingWail","Slice","Bane"],"picked":"SKIP","floor":27.0}],"player_experience":809349,"relics_obtained":[{"floor":6.0,"key":"Bronze Scales"},{"floor":9.0,"key":"StrikeDummy"},{"floor":10.0,"key":"Omamori"},{"floor":14.0,"key":"Happy Flower"},{"floor":17.0,"key":"Art of War"},{"floor":17.0,"key":"Sundial"},{"floor":17.0,"key":"The Specimen"},{"floor":26.0,"key":"Strawberry"}],"event_choices":[{"damage_healed":0.0,"max_hp_gain":0.0,"max_hp_loss":0.0,"gold_gain":75.0,"event_name":"World of Goop","player_choice":"Gather Gold","floor":2.0,"gold_loss":0.0,"damage_taken":11.0},{"cards_removed":["Strike_G"],"damage_healed":0.0,"max_hp_gain":0.0,"max_hp_loss":0.0,"gold_gain":0.0,"event_name":"Golden Wing","player_choice":"Card Removal","floor":3.0,"gold_loss":0.0,"damage_taken":7.0},{"damage_healed":0.0,"max_hp_gain":0.0,"max_hp_loss":6.0,"gold_gain":0.0,"event_name":"Golden Idol","player_choice":"Lose Max HP","floor":4.0,"gold_loss":0.0,"damage_taken":0.0,"relics_obtained":["Golden Idol"]},{"damage_healed":0.0,"max_hp_gain":5.0,"max_hp_loss":0.0,"gold_gain":0.0,"event_name":"Big Fish","player_choice":"Donut","floor":8.0,"gold_loss":0.0,"damage_taken":0.0},{"damage_healed":0.0,"max_hp_gain":0.0,"max_hp_loss":0.0,"gold_gain":0.0,"event_name":"The Library","player_choice":"Read","floor":19.0,"gold_loss":0.0,"damage_taken":0.0,"cards_obtained":["Well Laid Plans"]},{"damage_healed":0.0,"max_hp_gain":0.0,"max_hp_loss":0.0,"gold_gain":50.0,"event_name":"Nest","player_choice":"Stole From Cult","floor":24.0,"gold_loss":0.0,"damage_taken":0.0}],"is_beta":false,"boss_relics":[{"not_picked":["SacredBark","SlaversCollar"],"picked":"Calling Bell"}],"items_purged_floors":[5,20],"is_endless":false,"potions_floor_spawned":[10,14,16,18,25],"killed_by":"Cultist and Chosen","ascension_level":20}}