{"host":"BK","time":1609378969,"event":{"mods":["BaseMod","Highlight Path","Minty Spire (QoL Compilation)","StSLib"],"gold_per_floor":[117,117,132,53,67,67,92,92,117,117,127,141,152,171,171,245,245,261,261,90,90,90,90,61,61,61],"floor_reached":25,"playtime":4226,"items_purged":["Strike_G"],"score":406,"play_id":"52b2adc3-568d-47d3-a5f8-d21e54185538","local_time":"20201230184249","is_ascension_mode":true,"campfire_choices":[{"data":"Flying Knee","floor":6.0,"key":"SMITH"},{"data":"Predator","floor":8.0,"key":"SMITH"},{"data":"Caltrops","floor":10.0,"key":"SMITH"},{"floor":15.0,"key":"REST"},{"data":"Night Terror","floor":23.0,"key":"SMITH"}],"circlet_count":0,"master_deck":["AscendersBane","Strike_G","Strike_G","Strike_G","Strike_G","Defend_G","Defend_G","Defend_G","Defend_G","Defend_G","Survivor","Neutralize","Sucker Punch","Night Terror+1","Flying Knee+1","Caltrops+1","Predator+1","PiercingWail","Noxious Fumes","Blur","Crippling Poison","Wraith Form v2","Acrobatics","RitualDagger","Dash"],"relics":["Ring of the Snake","Potion Belt","Omamori","Runic Pyramid","Bronze Scales"],"acts_visited":["Exordium","TheCity"],"potions_floor_usage":[25],"damage_taken":[{"damage":0.0,"enemies":"2 Louse","floor":1.0,"turns":6.0},{"damage":4.0,"enemies":"Cultist","floor":3.0,"turns":5.0},{"damage":3.0,"enemies":"Small Slimes","floor":5.0,"turns":4.0},{"damage":34.0,"enemies":"3 Sentries","floor":7.0,"turns":9.0},{"damage":16.0,"enemies":"Exordium Wildlife","floor":11.0,"turns":4.0},{"damage":0.0,"enemies":"Large Slime","floor":12.0,"turns":4.0},{"damage":0.0,"enemies":"Looter","floor":13.0,"turns":3.0},{"damage":3.0,"enemies":"Blue Slaver","floor":14.0,"turns":4.0},{"damage":16.0,"enemies":"The Guardian","floor":16.0,"turns":15.0},{"damage":4.0,"enemies":"Chosen","floor":18.0,"turns":6.0},{"damage":7.0,"enemies":"2 Thieves","floor":24.0,"turns":4.0},{"damage":54,"enemies":"Slavers","floor":25,"turns":4}],"seed_played":"-714070138185237414","potions_obtained":[{"floor":1.0,"key":"GamblersBrew"},{"floor":5.0,"key":"Block Potion"},{"floor":11.0,"key":"CunningPotion"},{"floor":14.0,"key":"EssenceOfSteel"}],"is_trial":false,"path_per_floor":["M","?","M","$","M","R","E","R","T","R","M","M","M","M","R","B",null,"M","?","$","?","$","R","M","E"],"character_chosen":"THE_SILENT","items_purchased":["Caltrops","Dash","Block Potion"],"campfire_rested":1,"item_purchase_floors":[4,20,20],"current_hp_per_floor":[65,65,61,61,58,58,24,24,24,24,8,8,8,5,26,10,57,53,47,47,47,47,47,40,0,0],"gold":61,"neow_bonus":"TEN_PERCENT_HP_BONUS","is_daily":false,"chose_seed":false,"campfire_upgraded":4,"win_rate":0.0,"timestamp":1609378969,"path_taken":["M","?","M","$","M","R","E","R","T","R","M","?","M","M","R","BOSS","M","?","$","?","?","R","M","E"],"items_purchased_type":["Card","Card","Potion"],"build_version":"2020-12-18","purchased_purges":1,"victory":false,"max_hp_per_floor":[72,72,72,72,72,72,72,72,72,72,72,72,72,72,72,72,72,72,72,72,72,72,72,72,72,72],"card_choices":[{"not_picked":["Terror","Blade Dance"],"picked":"Sucker Punch","floor":1.0},{"not_picked":["Bane","Underhanded Strike"],"picked":"Flying Knee","floor":3.0},{"not_picked":["Bane","Deflect","Dodge and Roll"],"picked":"SKIP","floor":5.0},{"not_picked":["Tactician","Bane"],"picked":"Predator","floor":7.0},{"not_picked":["Poisoned Stab","Reflex"],"picked":"PiercingWail","floor":11.0},{"not_picked":["Concentrate","Dodge and Roll"],"picked":"Noxious Fumes","floor":12.0},{"not_picked":["Setup","Accuracy"],"picked":"Blur","floor":13.0},{"not_picked":["Dodge and Roll","Backflip"],"picked":"Crippling Poison","floor":14.0},{"not_picked":["Venomology","Die Die Die"],"picked":"Wraith Form v2","floor":16.0},{"not_picked":["Backflip","Bane"],"picked":"Acrobatics","floor":18.0},{"not_picked":["Flying Knee+1","Blade Dance","PiercingWail"],"picked":"SKIP","floor":24.0}],"player_experience":2479868,"relics_obtained":[{"floor":7.0,"key":"Potion Belt"},{"floor":9.0,"key":"Omamori"}],"event_choices":[{"damage_healed":0.0,"max_hp_gain":0.0,"max_hp_loss":0.0,"gold_gain":0.0,"event_name":"Match and Keep!","player_choice":"1 cards matched","floor":2.0,"gold_loss":0.0,"damage_taken":0.0,"cards_obtained":["Night Terror"]},{"damage_healed":0.0,"max_hp_gain":0.0,"max_hp_loss":0.0,"gold_gain":0.0,"event_name":"Nest","player_choice":"Joined the Cult","floor":19.0,"gold_loss":0.0,"damage_taken":6.0,"cards_obtained":["RitualDagger"]},{"damage_healed":0.0,"max_hp_gain":0.0,"max_hp_loss":0.0,"gold_gain":0.0,"event_name":"Addict","player_choice":"Stole Relic","floor":21.0,"gold_loss":0.0,"damage_taken":0.0,"relics_obtained":["Bronze Scales"],"cards_obtained":["Shame"]}],"is_beta":true,"boss_relics":[{"not_picked":["Sozu","Coffee Dripper"],"picked":"Runic Pyramid"}],"items_purged_floors":[20],"is_endless":false,"potions_floor_spawned":[1,5,11,14],"killed_by":"Slavers","ascension_level":20}}