{"host":"2461dio7vetlq1z3","time":1609431267,"event":{"mods":["2.2 Compatiblity","AchievementEnabler","Aspiration","BaseMod","Better Third Choice","Friendly Minions","Hermit","Minty Spire (QoL Compilation)","Relic Stats","Spicy Shops","StSLib","Waifu the Spire"],"gold_per_floor":[112,128,128,148,164,194,194,225,225,241,241,255,255,282,282,386,386,397,416,30,30,30,64,64,96,144,144,162,162,182,216,216,216,216],"floor_reached":33,"playtime":1544,"items_purged":["Burn","hermit:Strike_Hermit"],"score":520,"play_id":"2a697ea6-296c-48be-afa8-23654e23b033","local_time":"20201231171427","is_ascension_mode":true,"campfire_choices":[{"data":"hermit:Adapt","floor":7,"key":"SMITH"},{"data":"hermit:Adapt","floor":11,"key":"SMITH"},{"data":"hermit:WideOpen","floor":15,"key":"SMITH"},{"data":"hermit:CursedWeapon","floor":24,"key":"SMITH"},{"floor":27,"key":"REST"},{"floor":32,"key":"REST"}],"circlet_count":0,"master_deck":["AscendersBane","hermit:Strike_Hermit","hermit:Strike_Hermit","hermit:Strike_Hermit","hermit:Defend_Hermit","hermit:Defend_Hermit","hermit:Defend_Hermit","hermit:Defend_Hermit","hermit:Snapshot","hermit:Covet","hermit:Adapt+1","hermit:Ricochet","hermit:NoHoldsBarred","hermit:WideOpen+1","hermit:HighCaliber","hermit:Brawl","hermit:Adapt+1","hermit:Roulette","hermit:Deadeye","hermit:WideOpen","hermit:Dissolve","hermit:Deadeye+1","hermit:Adapt","hermit:CursedWeapon+1","hermit:Vantage+1","Spot Weakness","Power Through","hermit:RoundhouseKick","Battle Trance"],"relics":["hermit:Momento","Smiling Mask","aspiration:HiddenCompartment","Omamori","aspiration:IroncladSkillbook","Akabeko","aspiration:ChemicalBlood","Toy Ornithopter","Lantern","aspiration:RitualStick","The Courier"],"acts_visited":["Exordium","TheCity"],"potions_floor_usage":[8,14,25,25,25,31,33,33],"damage_taken":[{"damage":7,"enemies":"Jaw Worm","floor":1,"turns":3},{"damage":0,"enemies":"2 Louse","floor":2,"turns":3},{"damage":0,"enemies":"Cultist","floor":4,"turns":3},{"damage":6,"enemies":"Looter","floor":5,"turns":2},{"damage":5,"enemies":"3 Sentries","floor":6,"turns":9},{"damage":25,"enemies":"Lagavulin","floor":8,"turns":6},{"damage":3,"enemies":"3 Louse","floor":10,"turns":3},{"damage":5,"enemies":"Large Slime","floor":12,"turns":7},{"damage":16,"enemies":"Gremlin Nob","floor":14,"turns":3},{"damage":1,"enemies":"The Guardian","floor":16,"turns":8},{"damage":28,"enemies":"2 Thieves","floor":18,"turns":4},{"damage":2,"enemies":"Chosen","floor":19,"turns":5},{"damage":31,"enemies":"Book of Stabbing","floor":23,"turns":7},{"damage":39,"enemies":"Gremlin Leader","floor":25,"turns":10},{"damage":4,"enemies":"Snecko","floor":28,"turns":3},{"damage":8,"enemies":"Centurion and Healer","floor":30,"turns":3},{"damage":19,"enemies":"Slavers","floor":31,"turns":6},{"damage":43,"enemies":"Automaton","floor":33,"turns":6}],"seed_played":"-1974944527330284165","potions_obtained":[{"floor":2,"key":"Strength Potion"},{"floor":5,"key":"Ancient Potion"},{"floor":6,"key":"Dexterity Potion"},{"floor":8,"key":"Weak Potion"},{"floor":12,"key":"hermit:BlackBile"},{"floor":16,"key":"Explosive Potion"},{"floor":18,"key":"Swift Potion"},{"floor":23,"key":"EssenceOfSteel"},{"floor":30,"key":"Block Potion"}],"is_trial":false,"path_per_floor":["M","M","?","M","M","E","R","E","T","M","R","M","?","E","R","B",null,"M","M","$","?","?","E","R","E","T","R","M","?","M","E","R","B"],"character_chosen":"HERMIT","items_purchased":["hermit:Adapt","hermit:CursedWeapon"],"campfire_rested":2,"item_purchase_floors":[20,20],"current_hp_per_floor":[61,61,69,69,63,58,58,33,33,30,30,25,25,9,9,8,58,34,36,36,36,75,48,48,13,13,35,35,20,16,6,28,0,0],"gold":216,"neow_bonus":"ONE_RANDOM_RARE_CARD","is_daily":false,"chose_seed":false,"campfire_upgraded":4,"win_rate":0.0,"timestamp":1609431267,"path_taken":["M","M","?","M","M","E","R","E","T","M","R","M","?","E","R","BOSS","M","M","$","?","?","E","R","E","T","R","?","?","M","E","R","BOSS"],"items_purchased_type":["Card","Card"],"build_version":"2020-12-22","purchased_purges":2,"victory":false,"max_hp_per_floor":[75,75,75,75,75,75,75,75,75,75,75,75,75,75,75,75,75,75,75,75,75,75,75,75,75,75,75,75,75,75,75,75,75,75],"relic_stats":{"counters":[18,91],"Smiling Mask":75,"obtain_stats":[{"Lantern":26,"The Courier":31,"Omamori":14,"Smiling Mask":6,"aspiration:HiddenCompartment":8,"hermit:Momento":0,"aspiration:IroncladSkillbook":17,"Akabeko":21,"Toy Ornithopter":25,"aspiration:RitualStick":29,"aspiration:ChemicalBlood":23},{"Lantern":14,"The Courier":17,"Omamori":9,"Smiling Mask":5,"aspiration:HiddenCompartment":6,"hermit:Momento":0,"aspiration:IroncladSkillbook":10,"Akabeko":12,"Toy Ornithopter":14,"aspiration:RitualStick":15,"aspiration:ChemicalBlood":13},{"Lantern":73,"The Courier":85,"Omamori":39,"Smiling Mask":20,"aspiration:HiddenCompartment":26,"hermit:Momento":0,"aspiration:IroncladSkillbook":47,"Akabeko":56,"Toy Ornithopter":73,"aspiration:RitualStick":76,"aspiration:ChemicalBlood":63}],"Toy Ornithopter":15,"aspiration:RitualStick":[0]},"card_choices":[{"not_picked":["hermit:Dive","hermit:Midnight"],"picked":"hermit:Ricochet","floor":1},{"not_picked":["hermit:LowProfile","hermit:LuckOfTheDraw"],"picked":"hermit:NoHoldsBarred","floor":2},{"not_picked":["hermit:ItchyTrigger","hermit:Coalescence"],"picked":"hermit:WideOpen","floor":4},{"not_picked":["hermit:FlashPowder","hermit:Grudge"],"picked":"hermit:HighCaliber","floor":5},{"not_picked":["hermit:Feint","hermit:Malice"],"picked":"hermit:Brawl","floor":6},{"not_picked":["hermit:Coalescence","hermit:DeadMansHand"],"picked":"hermit:Adapt","floor":8},{"not_picked":["hermit:WideOpen","hermit:TakeCover"],"picked":"hermit:Roulette","floor":10},{"not_picked":["hermit:Showdown","hermit:Roulette"],"picked":"hermit:Deadeye","floor":12},{"not_picked":["hermit:Feint","hermit:BigShot"],"picked":"hermit:WideOpen","floor":14},{"not_picked":["hermit:Roughhouse","hermit:Reprieve"],"picked":"hermit:Dissolve","floor":16},{"not_picked":["Flex","hermit:BigShot","hermit:Glare","Warcry"],"picked":"SKIP","floor":18},{"not_picked":["Anger","Clothesline","hermit:Roulette"],"picked":"hermit:Deadeye+1","floor":19},{"not_picked":["hermit:HighNoon","hermit:Dive","hermit:Purgatory"],"picked":"hermit:Vantage+1","floor":23},{"not_picked":["hermit:Showdown","Warcry","Sword Boomerang"],"picked":"Spot Weakness","floor":25},{"not_picked":["Flame Barrier","Thunderclap","hermit:Showdown+1"],"picked":"Power Through","floor":28},{"not_picked":["Rupture","Armaments+1","hermit:Midnight"],"picked":"hermit:RoundhouseKick","floor":30},{"not_picked":["Rampage","Combust","hermit:Dive+1"],"picked":"Battle Trance","floor":31}],"player_experience":1044922,"relics_obtained":[{"floor":6,"key":"Smiling Mask"},{"floor":8,"key":"aspiration:HiddenCompartment"},{"floor":14,"key":"Omamori"},{"floor":23,"key":"aspiration:ChemicalBlood"},{"floor":25,"key":"Toy Ornithopter"},{"floor":26,"key":"Lantern"},{"floor":31,"key":"The Courier"}],"event_choices":[{"damage_healed":25,"gold_gain":0,"player_choice":"Embrace Burn","damage_taken":0,"max_hp_gain":0,"max_hp_loss":75,"event_name":"betterThird:BetterShining","floor":13,"gold_loss":0},{"damage_healed":0,"gold_gain":0,"player_choice":"Stole Relic","damage_taken":0,"relics_obtained":["Akabeko"],"max_hp_gain":0,"max_hp_loss":0,"event_name":"Addict","floor":21,"gold_loss":0,"cards_obtained":["Shame"]},{"damage_healed":39,"gold_gain":0,"player_choice":"Full Heal","damage_taken":0,"max_hp_gain":0,"max_hp_loss":0,"event_name":"Wheel of Change","floor":22,"gold_loss":0}],"is_beta":false,"boss_relics":[{"not_picked":["Sozu","aspiration:PoetsPen_weak"],"picked":"aspiration:IroncladSkillbook"}],"items_purged_floors":[20,20],"is_endless":false,"potions_floor_spawned":[2,5,6,8,12,16,18,23,30],"killed_by":"Automaton","ascension_level":12}}