{"host":"cm56dopeulr50jn0","time":1609376269,"event":{"mods":["BaseMod","Bestiary","Better Match","Better Third Choice","Downfall","Minty Spire (QoL Compilation)","Relic Stats","StSLib"],"gold_per_floor":[17,30,44,59,44,44,44,29,56,56,88,13,45,56,56,161,161,179,199,209,119,131,131,131,56,90,90,122,7,22,57,57,161,161,174,194,243,260,279,279,279,293,326,176,192,192,224,224,224,224,224,258,31,31,31,31,31],"floor_reached":55,"playtime":5149,"items_purged":["hexamod:Strike","hexamod:Strike","hexamod:Strike"],"score":1155,"play_id":"134ca57a-9ef7-4e8b-b95a-47a289ebd20e","local_time":"20201230165749","is_ascension_mode":true,"campfire_choices":[{"data":"hexamod:VolcanoVisage","floor":6,"key":"SMITH"},{"data":"hexamod:SoulSteal","floor":10,"key":"SMITH"},{"data":"hexamod:RainOfEmbers","floor":15,"key":"SMITH"},{"data":"hexamod:HeatShield","floor":23,"key":"SMITH"},{"data":"hexamod:HeatShield","floor":25,"key":"SMITH"},{"data":"hexamod:VolcanoVisage","floor":27,"key":"SMITH"},{"floor":32,"key":"RECALL"},{"data":"expansioncontent:DefensiveStance","floor":44,"key":"SMITH"},{"data":"hexamod:GhostflameBarrier","floor":46,"key":"SMITH"},{"data":"hexamod:ShieldOfDarkness","floor":49,"key":"SMITH"},{"data":"Apotheosis","floor":54,"key":"SMITH"}],"circlet_count":0,"master_deck":["hexamod:Strike","hexamod:Defend","hexamod:Defend","hexamod:Defend","hexamod:Sear","hexamod:Float","hexamod:VolcanoVisage+1","hexamod:RainOfEmbers+1","hexamod:ExtraCrispy","hexamod:ShieldOfDarkness+1","hexamod:Firestarter","hexamod:SoulSteal+1","hexamod:FlamesFromBeyond","hexamod:InspiringFlames","hexamod:NightmareGuise","hexamod:NightmareStrike+1","hexamod:Hexaguard","hexamod:VolcanoVisage+1","hexamod:GhostflameBarrier+1","hexamod:HeatShield+1","hexamod:HeatShield+1","hexamod:GhostflameBarrier","hexamod:TimeOfNeed","hexamod:Hexaguard","hexamod:Hexaguard+1","hexamod:FlamesFromBeyond+1","hexamod:ThermalTransfer","expansioncontent:DefensiveStance+1","hexamod:RetreatToShadows","hexamod:FirstSeal","hexamod:Hexaguard+1","hexamod:SuperheatedStrike+1","hexamod:SpectralSpark+1","hexamod:FlamesFromBeyond","Apotheosis+1"],"relics":["hexamod:SpiritBrand","HornCleat","Eternal Feather","Thread and Needle","FossilizedHelix","SlaversCollar","downfall:HeartBlessingBlue","hexamod:BolsterEngine","Toy Ornithopter","Incense Burner","Busted Crown","Mercury Hourglass","Bird Faced Urn","downfall:HeartBlessingRed","downfall:HeartBlessingGreen","Lantern","Shuriken"],"acts_visited":["Exordium","TheCity","TheBeyond","TheEnding"],"potions_floor_usage":[26,26,37,43,47,55,55,55],"damage_taken":[{"damage":0,"enemies":"Cultist","floor":1,"turns":3},{"damage":1,"enemies":"Jaw Worm","floor":2,"turns":3},{"damage":3,"enemies":"2 Louse","floor":3,"turns":4},{"damage":17,"enemies":"Exordium Thugs","floor":4,"turns":6},{"damage":0,"enemies":"downfall:FleeingMerchant","floor":5,"turns":4},{"damage":0,"enemies":"downfall:FleeingMerchant","floor":8,"turns":4},{"damage":0,"enemies":"3 Sentries","floor":9,"turns":4},{"damage":9,"enemies":"Lagavulin","floor":11,"turns":6},{"damage":0,"enemies":"Gremlin Nob","floor":13,"turns":3},{"damage":0,"enemies":"3 Louse","floor":14,"turns":4},{"damage":38,"enemies":"downfall:Defect","floor":16,"turns":9},{"damage":0,"enemies":"3 Byrds","floor":18,"turns":4},{"damage":0,"enemies":"Shell Parasite","floor":19,"turns":6},{"damage":0,"enemies":"Snecko","floor":20,"turns":4},{"damage":0,"enemies":"downfall:FleeingMerchant","floor":21,"turns":4},{"damage":0,"enemies":"Centurion and Healer","floor":22,"turns":6},{"damage":6,"enemies":"Gremlin Leader","floor":26,"turns":7},{"damage":0,"enemies":"Slavers","floor":28,"turns":6},{"damage":0,"enemies":"downfall:FleeingMerchant","floor":29,"turns":4},{"damage":0,"enemies":"Chosen and Byrds","floor":30,"turns":3},{"damage":0,"enemies":"Book of Stabbing","floor":31,"turns":6},{"damage":13,"enemies":"downfall:Silent","floor":33,"turns":10},{"damage":41,"enemies":"3 Darklings","floor":35,"turns":6},{"damage":0,"enemies":"Orb Walker","floor":36,"turns":3},{"damage":0,"enemies":"downfall:FleeingMerchant","floor":37,"turns":4},{"damage":0,"enemies":"3 Darklings","floor":38,"turns":6},{"damage":19,"enemies":"Spire Growth","floor":39,"turns":7},{"damage":7,"enemies":"4 Shapes","floor":42,"turns":8},{"damage":0,"enemies":"Giant Head","floor":43,"turns":12},{"damage":3,"enemies":"Transient","floor":45,"turns":5},{"damage":22,"enemies":"Reptomancer","floor":47,"turns":5},{"damage":0,"enemies":"downfall:Watcher","floor":50,"turns":7},{"damage":0,"enemies":"downfall:CharBossMerchant","floor":52,"turns":10},{"damage":94,"enemies":"downfall:NeowBoss","floor":55,"turns":29}],"seed_played":"-5731913588524519025","potions_obtained":[{"floor":1,"key":"SteroidPotion"},{"floor":9,"key":"Regen Potion"},{"floor":11,"key":"SpeedPotion"},{"floor":28,"key":"sneckomod:MuddlingPotion"},{"floor":30,"key":"hexamod:InfernoChargePotion"},{"floor":42,"key":"hexamod:DoubleChargePotion"},{"floor":43,"key":"Dexterity Potion"}],"is_trial":false,"path_per_floor":["M","M","M","M","$","R","T","$","E","R","E","?","E","M","R","B",null,"M","M","M","$","M","R","T","R","E","R","E","$","M","E","R","B",null,"M","M","$","M","M","$","T","M","E","R","M","R","E","?","R","B",null,"E","$","R","B"],"character_chosen":"THE_SPIRIT","items_purchased":["hexamod:ThermalTransfer","expansioncontent:DefensiveStance","hexamod:RetreatToShadows","Apotheosis","SkillPotion"],"campfire_rested":0,"item_purchase_floors":[37,37,37,53,53],"current_hp_per_floor":[70,69,66,49,49,49,49,49,49,58,49,49,49,49,61,23,70,70,70,70,70,70,70,70,80,74,80,80,80,80,80,80,67,80,39,39,58,58,46,46,46,46,58,76,77,80,67,67,80,80,80,80,80,80,0,0,0],"gold":31,"neow_bonus":"THREE_RARE_CARDS","is_daily":false,"chose_seed":false,"campfire_upgraded":10,"win_rate":0.0,"timestamp":1609376269,"path_taken":["M","M","M","M","$","R","T","?","E","R","E","?","E","M","R","BOSS","M","M","M","$","M","R","T","R","E","R","E","$","M","E","R","BOSS","M","M","$","M","M","$","T","M","E","R","M","R","E","?","R","BOSS","E","$","R","BOSS"],"items_purchased_type":["Card","Card","Card","Card","Potion"],"build_version":"2020-12-22","purchased_purges":3,"victory":false,"max_hp_per_floor":[70,70,70,70,70,70,70,70,70,70,70,70,70,70,70,70,70,70,70,70,70,70,70,70,80,80,80,80,80,80,80,80,80,80,80,80,80,80,80,80,80,80,80,80,80,80,80,80,80,80,80,80,80,80,80,80,80],"relic_stats":{"Busted Crown":20,"counters":[34,212],"Shuriken":[1],"Bird Faced Urn":[6],"Eternal Feather":61,"obtain_stats":[{"Lantern":47,"downfall:HeartBlessingRed":44,"Eternal Feather":9,"Thread and Needle":11,"downfall:HeartBlessingGreen":44,"Incense Burner":31,"Mercury Hourglass":41,"SlaversCollar":17,"HornCleat":7,"Busted Crown":34,"downfall:HeartBlessingBlue":25,"Shuriken":52,"Bird Faced Urn":43,"hexamod:BolsterEngine":26,"hexamod:SpiritBrand":0,"FossilizedHelix":13,"Toy Ornithopter":28},{"Lantern":31,"downfall:HeartBlessingRed":29,"Eternal Feather":7,"Thread and Needle":8,"downfall:HeartBlessingGreen":29,"Incense Burner":21,"Mercury Hourglass":27,"SlaversCollar":11,"HornCleat":5,"Busted Crown":22,"downfall:HeartBlessingBlue":16,"Shuriken":33,"Bird Faced Urn":29,"hexamod:BolsterEngine":17,"hexamod:SpiritBrand":0,"FossilizedHelix":9,"Toy Ornithopter":18},{"Lantern":166,"downfall:HeartBlessingRed":156,"Eternal Feather":28,"Thread and Needle":34,"downfall:HeartBlessingGreen":156,"Incense Burner":100,"Mercury Hourglass":136,"SlaversCollar":50,"HornCleat":20,"Busted Crown":110,"downfall:HeartBlessingBlue":74,"Shuriken":183,"Bird Faced Urn":156,"hexamod:BolsterEngine":81,"hexamod:SpiritBrand":0,"FossilizedHelix":37,"Toy Ornithopter":87}],"Toy Ornithopter":10,"Mercury Hourglass":[191]},"card_choices":[{"not_picked":["hexamod:ApocalypseNow","hexamod:TimeOfNeed"],"picked":"hexamod:VolcanoVisage","floor":0},{"not_picked":["hexamod:Rewind","hexamod:AdvancingGuard"],"picked":"hexamod:RainOfEmbers","floor":1},{"not_picked":["hexamod:ShieldOfDarkness","hexamod:Firestarter"],"picked":"hexamod:ExtraCrispy","floor":2},{"not_picked":["hexamod:FastForward","hexamod:HauntingEcho"],"picked":"hexamod:ShieldOfDarkness","floor":3},{"not_picked":["hexamod:FastForward","hexamod:HauntingEcho"],"picked":"hexamod:Firestarter","floor":4},{"not_picked":["hexamod:NecessarySacrifice","hexamod:BacktrackSmack"],"picked":"hexamod:SoulSteal","floor":5},{"not_picked":["hexamod:RainOfEmbers","hexamod:SoulSteal"],"picked":"hexamod:FlamesFromBeyond","floor":8},{"not_picked":["hexamod:ThermalTransfer","hexamod:GhostShield"],"picked":"hexamod:InspiringFlames","floor":9},{"not_picked":["hexamod:HauntingEcho","hexamod:EmpoweringStance"],"picked":"hexamod:NightmareGuise","floor":11},{"not_picked":["hexamod:BacktrackSmack+1","hexamod:GhostLash+1"],"picked":"hexamod:NightmareStrike+1","floor":12},{"not_picked":["hexamod:NightmareGuise","hexamod:ShieldOfDarkness"],"picked":"hexamod:Hexaguard","floor":13},{"not_picked":["hexamod:InspiringFlames","hexamod:BacktrackSmack","hexamod:GhostShield"],"picked":"SKIP","floor":14},{"not_picked":["hexamod:CrushingStance","hexamod:GhostflameInferno"],"picked":"hexamod:VolcanoVisage","floor":16},{"not_picked":["hexamod:HauntingEcho","hexamod:SoulSteal"],"picked":"hexamod:GhostflameBarrier","floor":18},{"not_picked":["hexamod:BacktrackSmack","hexamod:ShieldOfDarkness+1"],"picked":"hexamod:HeatShield","floor":19},{"not_picked":["hexamod:StepThrough","hexamod:AdvancingGuard","hexamod:SpectersWail"],"picked":"SKIP","floor":20},{"not_picked":["hexamod:Hexaguard","hexamod:ThermalTransfer","hexamod:Haunt"],"picked":"SKIP","floor":21},{"not_picked":["hexamod:SecondSeal","hexamod:GhostShield"],"picked":"hexamod:HeatShield","floor":22},{"not_picked":["hexamod:AdvancingGuard+1","hexamod:FastForward+1","hexamod:SkipABeat"],"picked":"SKIP","floor":26},{"not_picked":["hexamod:SpectralAdrenaline","hexamod:GhostLash"],"picked":"hexamod:GhostflameBarrier","floor":28},{"not_picked":["hexamod:GhostOfSpireFuture","hexamod:FirstSeal","hexamod:Hexaguard"],"picked":"SKIP","floor":29},{"not_picked":["hexamod:ThermalTransfer","hexamod:SwordOfDarkness","hexamod:NightmareGuise+1"],"picked":"SKIP","floor":30},{"not_picked":["hexamod:ApocalypseNow","hexamod:BacktrackSmack","hexamod:SpectersWail"],"picked":"SKIP","floor":31},{"not_picked":["hexamod:EmpoweringStance","hexamod:GhostflameInferno"],"picked":"hexamod:TimeOfNeed","floor":33},{"not_picked":[],"picked":"hexamod:Hexaguard","floor":35},{"not_picked":[],"picked":"hexamod:Hexaguard+1","floor":36},{"not_picked":[],"picked":"hexamod:FlamesFromBeyond+1","floor":37},{"not_picked":[],"picked":"hexamod:FirstSeal","floor":38},{"not_picked":[],"picked":"hexamod:Hexaguard+1","floor":39},{"not_picked":["hexamod:Hexaguard"],"picked":"SKIP","floor":42},{"not_picked":[],"picked":"hexamod:SuperheatedStrike+1","floor":43},{"not_picked":[],"picked":"hexamod:SpectralSpark+1","floor":45},{"not_picked":[],"picked":"hexamod:FlamesFromBeyond","floor":47},{"not_picked":["hexamod:EtherealExpedition"],"picked":"SKIP","floor":52}],"player_experience":1403957,"relics_obtained":[{"floor":7,"key":"HornCleat"},{"floor":9,"key":"Eternal Feather"},{"floor":11,"key":"Thread and Needle"},{"floor":13,"key":"FossilizedHelix"},{"floor":26,"key":"hexamod:BolsterEngine"},{"floor":28,"key":"Toy Ornithopter"},{"floor":31,"key":"Incense Burner"},{"floor":41,"key":"Mercury Hourglass"},{"floor":43,"key":"Bird Faced Urn"},{"floor":47,"key":"Lantern"},{"floor":52,"key":"Shuriken"}],"event_choices":[{"damage_healed":0,"gold_gain":0,"player_choice":"2","damage_taken":0,"max_hp_gain":0,"max_hp_loss":0,"event_name":"betterMatch:BetterMatch","floor":12,"gold_loss":0,"cards_obtained":["betterMatch:CommonCard"]},{"cards_removed":["hexamod:Defend"],"damage_healed":0,"gold_gain":0,"player_choice":"Card Removal","damage_taken":0,"max_hp_gain":0,"max_hp_loss":0,"event_name":"Wheel of Change","floor":48,"gold_loss":0}],"is_beta":false,"boss_relics":[{"not_picked":["Empty Cage","Runic Dome"],"picked":"SlaversCollar"},{"not_picked":["Snecko Eye","SacredBark"],"picked":"Busted Crown"}],"items_purged_floors":[21,29,37],"is_endless":false,"potions_floor_spawned":[1,9,11,14,20,28,30,31,36,42,43,45],"killed_by":"downfall:NeowBoss","ascension_level":2}}