{"host":"1z4hbl9vfqrhg136","time":1609452583,"event":{"mods":["BaseMod","Minty Spire (QoL Compilation)"],"gold_per_floor":[115,131,46,57,73,104,104,138,138,158,168,93,93,122,122,122,122],"floor_reached":16,"playtime":1615,"items_purged":[],"score":244,"play_id":"741f4f6c-6c2b-463f-b77a-449916bbd1c3","local_time":"20201231220943","is_ascension_mode":true,"campfire_choices":[{"data":"Thunderclap","floor":7,"key":"SMITH"},{"floor":13,"key":"REST"},{"data":"Uppercut","floor":15,"key":"SMITH"}],"circlet_count":0,"master_deck":["AscendersBane","Strike_R","Strike_R","Strike_R","Strike_R","Defend_R","Defend_R","Defend_R","Defend_R","Bash","Reaper","Second Wind","Thunderclap+1","Uppercut+1","Metallicize","Metallicize","Feel No Pain","Shrug It Off","Hemokinesis+1"],"relics":["Burning Blood","Mercury Hourglass","MealTicket","Molten Egg 2","Unceasing Top"],"acts_visited":["Exordium"],"potions_floor_usage":[8,11,14],"damage_taken":[{"damage":16,"enemies":"2 Louse","floor":1,"turns":3},{"damage":9,"enemies":"Jaw Worm","floor":2,"turns":4},{"damage":10,"enemies":"Small Slimes","floor":4,"turns":3},{"damage":19,"enemies":"Blue Slaver","floor":5,"turns":5},{"damage":45,"enemies":"Gremlin Nob","floor":6,"turns":5},{"damage":22,"enemies":"Lagavulin","floor":8,"turns":8},{"damage":4,"enemies":"2 Fungi Beasts","floor":10,"turns":4},{"damage":6,"enemies":"Looter","floor":11,"turns":3},{"damage":26,"enemies":"Gremlin Nob","floor":14,"turns":4},{"damage":44,"enemies":"The Guardian","floor":16,"turns":11}],"seed_played":"1117787420624621758","potions_obtained":[{"floor":2,"key":"Swift Potion"},{"floor":6,"key":"Block Potion"},{"floor":8,"key":"Energy Potion"}],"is_trial":false,"path_per_floor":["M","M","$","M","M","E","R","E","T","M","M","?","R","E","R","B"],"character_chosen":"IRONCLAD","items_purchased":["Uppercut"],"campfire_rested":1,"item_purchase_floors":[3],"current_hp_per_floor":[66,63,63,70,57,24,24,8,8,18,18,18,40,24,24,0,0],"gold":122,"neow_bonus":"ONE_RANDOM_RARE_CARD","is_daily":false,"chose_seed":false,"campfire_upgraded":2,"win_rate":0.0,"timestamp":1609452583,"path_taken":["M","M","$","M","M","E","R","E","T","M","M","?","R","E","R","BOSS"],"items_purchased_type":["Card"],"build_version":"2020-12-22","purchased_purges":0,"victory":false,"max_hp_per_floor":[75,75,75,75,75,75,75,75,75,75,75,75,75,75,75,75,75],"card_choices":[{"not_picked":["Body Slam","Havoc"],"picked":"Second Wind","floor":1},{"not_picked":["Anger","Clash"],"picked":"Thunderclap","floor":2},{"not_picked":["Spot Weakness","Ghostly Armor"],"picked":"Metallicize","floor":4},{"not_picked":["Clash","Shockwave","Rage"],"picked":"SKIP","floor":5},{"not_picked":["Anger","Uppercut"],"picked":"Metallicize","floor":6},{"not_picked":["Shockwave","Rampage","Entrench"],"picked":"SKIP","floor":8},{"not_picked":["Headbutt+1","Shrug It Off"],"picked":"Feel No Pain","floor":10},{"not_picked":["Intimidate","Perfected Strike+1"],"picked":"Shrug It Off","floor":11},{"not_picked":["Armaments","Battle Trance"],"picked":"Hemokinesis+1","floor":14}],"player_experience":1866118,"relics_obtained":[{"floor":6,"key":"Mercury Hourglass"},{"floor":8,"key":"MealTicket"},{"floor":9,"key":"Molten Egg 2"},{"floor":14,"key":"Unceasing Top"}],"event_choices":[{"cards_removed":["Strike_R"],"damage_healed":0,"gold_gain":0,"player_choice":"Card Removal","damage_taken":0,"max_hp_gain":0,"max_hp_loss":0,"event_name":"The Cleric","floor":12,"gold_loss":75}],"is_beta":false,"boss_relics":[],"items_purged_floors":[],"is_endless":false,"potions_floor_spawned":[2,6,8,10],"killed_by":"The Guardian","ascension_level":20}}