{"host":"0cnf9zf1gia27zti","time":1609382133,"event":{"mods":["BaseMod","BetterRewards","Card Forge","Colored Map","Colored Powertips","Conspire","Downfall","Googly Eyes","Minty Spire (QoL Compilation)","Practice Mode","Quick Restart","Replay The Spire","Shade Mod","Spicy Shops","StSLib"],"gold_per_floor":[132,39,189,189,246,321,396,501,501,588,639,672,14,74,74,302,302,362,419,334,384,384,384,468,468,518,614,674,113,113,7,7,229,229,280,316,105,105,105,195,279,312,312,360,405,486,55,145,145,145,145],"floor_reached":52,"playtime":5122,"items_purged":["Spreading Infection","Pain","Gash","Self Repair+1"],"score":2172,"play_id":"0fc5b961-a985-45d4-8ef1-d1198e06c5e0","local_time":"20201231023533","daily_mods":["SealedDeck","Colorless Cards","Heirloom","downfall:Lament","DeadlyEvents","Elite Swarm","Midas"],"is_ascension_mode":true,"campfire_choices":[{"floor":15,"key":"REST"},{"floor":23,"key":"REST"},{"floor":25,"key":"REST"},{"floor":30,"key":"REST"},{"floor":32,"key":"DIG"},{"floor":49,"key":"REST"}],"circlet_count":0,"master_deck":["AscendersBane","Coolheaded","Steam+1","Defragment","Replay:SS_hec_2","Redo+1","Cold Snap+1","Cold Snap","Cold Snap+1","Cold Snap","Dramatic Entrance","Steam","Loop","Cold Snap","Echo Form+1","Multi-Cast+1","Thinking Ahead","Panache","Panache","Defragment+1","Mayhem+1","Reinforced Body","Barrage+1","Midas Touch+1","Blizzard+1","Reinforced Body+1","Meteor Strike+1","Echo Form+1","Panic Button","Crystallizer+1","Mayhem+1","ReplayUltimateDefense+1","expansioncontent:BronzeBeam+1","Bandage Up+1","Panic Button+1","Core Surge+1","Crystallizer+1","Electrodynamics+1","Echo Form+1","Loop+1","Crystallizer+1","Rainbow+1","Machine Learning+1"],"relics":["Cracked Core","Hammer of Thor","Seething Fire","Anvil of the Gods","NeowsBlessing","Ring of Chaos","replay:Trail_Library","champ:DeflectingBracers","Quantum Egg","Matryoshka","TungstenRod","ReplayTheSpireMod:TigerMarble","Molten Egg 2","Replay:PocketPolymizer","Golden Egg","ReplayTheSpireMod:CursedCoin","Gremlin Food","Tiny Chest","conspire:Flyswatter","Replay:Ringing Soul","HornCleat","Smiling Mask","Replay:Accelerometer","Prayer Wheel","Frozen Egg 2","conspire:TopHat","ReplayTheSpireMod:ShopPack","Mercury Hourglass","Ring of Chaos","Chemical X","Gambling Chip","Potion Belt","Replay:Bottled Snecko","Meat on the Bone","Divine Protection","Lee\u0027s Waffle","PrismaticShard","Lizard Tail"],"acts_visited":["Exordium","TheCity","TheBeyond"],"potions_floor_usage":[8,8,16,24,24,28,44,50,50,50,50,50,51,51,51,51],"damage_taken":[{"damage":0,"enemies":"Small Slimes","floor":1,"turns":1},{"damage":0,"enemies":"Cultist","floor":5,"turns":1},{"damage":0,"enemies":"Gremlin Nob","floor":6,"turns":1},{"damage":6,"enemies":"3 Sentries","floor":7,"turns":6},{"damage":0,"enemies":"Gremlin Nob","floor":8,"turns":5},{"damage":0,"enemies":"Lagavulin","floor":10,"turns":5},{"damage":7,"enemies":"Jaw Worm","floor":11,"turns":3},{"damage":8,"enemies":"Exordium Thugs","floor":12,"turns":4},{"damage":0,"enemies":"Large Slime","floor":14,"turns":4},{"damage":0,"enemies":"Fading Forest","floor":16,"turns":13},{"damage":8,"enemies":"Chosen","floor":18,"turns":7},{"damage":0,"enemies":"Spheric Guardian","floor":19,"turns":3},{"damage":4,"enemies":"Book of Stabbing","floor":24,"turns":4},{"damage":22,"enemies":"Slavers","floor":27,"turns":5},{"damage":0,"enemies":"Cultist and Chosen","floor":28,"turns":5},{"damage":0,"enemies":"Champ","floor":33,"turns":11},{"damage":30,"enemies":"3 Darklings","floor":35,"turns":5},{"damage":6,"enemies":"3 Shapes","floor":36,"turns":3},{"damage":14,"enemies":"R_Hoarder","floor":40,"turns":8},{"damage":20,"enemies":"Nemesis","floor":41,"turns":7},{"damage":0,"enemies":"Maw","floor":42,"turns":6},{"damage":59,"enemies":"Transient","floor":44,"turns":6},{"damage":8,"enemies":"Jaw Worm Horde","floor":45,"turns":3},{"damage":15,"enemies":"R_Hoarder","floor":46,"turns":6},{"damage":43,"enemies":"Reptomancer","floor":48,"turns":8},{"damage":46,"enemies":"Time Eater","floor":50,"turns":10},{"damage":16,"enemies":"Replay:Hell Engine","floor":51,"turns":11}],"seed_played":"-9197034438329298425","potions_obtained":[{"floor":1,"key":"Fire Potion"},{"floor":4,"key":"DuplicationPotion"},{"floor":4,"key":"EssenceOfSteel"},{"floor":10,"key":"DistilledChaos"},{"floor":12,"key":"BlessingOfTheForge"},{"floor":18,"key":"Energy Potion"},{"floor":27,"key":"Toxic Potion"},{"floor":35,"key":"Cursed Concoction"},{"floor":41,"key":"champ:CounterPotion"},{"floor":44,"key":"Milkshake"},{"floor":48,"key":"FearPotion"}],"is_trial":true,"path_per_floor":["M","$","?","?","M","E","E","E","T","E","M","M","$","M","R","B",null,"M","M","?","?","T","R","E","R","T","E","M","$","R","$","R_BF","B",null,"M","M","$","?","T","E","E","M","T","M","M","E","$","E","R","B","B",null],"character_chosen":"DEFECT","items_purchased":["Steam","Loop","Mayhem","Reinforced Body","Golden Egg","ReplayTheSpireMod:CursedCoin","Gremlin Food","Barrage+1","Frozen Egg 2","Mayhem+1","conspire:TopHat","ReplayTheSpireMod:ShopPack","Panic Button","Chemical X","Crystallizer+1","Lee\u0027s Waffle","PrismaticShard","FocusPotion","Strength Potion"],"campfire_rested":5,"item_purchase_floors":[2,2,13,13,13,13,13,13,29,29,29,29,31,37,37,47,47,47,47],"current_hp_per_floor":[64,64,64,64,64,64,58,58,58,58,51,43,43,49,70,70,71,63,63,63,63,63,74,70,74,74,55,58,61,83,86,86,89,89,65,59,62,62,62,63,58,70,70,38,45,57,114,86,117,71,67],"gold":145,"neow_bonus":"","is_daily":false,"chose_seed":false,"campfire_upgraded":0,"win_rate":0.0,"timestamp":1609382133,"path_taken":["M","$","?","?","?","E","?","E","T","E","?","M","$","M","R","BOSS","M","M","?","?","?","R","E","R","T","E","M","$","R","$","R_BF","BOSS","M","M","$","?","?","E","?","?","T","M","M","E","$","E","R","BOSS","BOSS"],"items_purchased_type":["Card","Card","Card","Card","Relic","Relic","Relic","Card","Relic","Card","Relic","Relic","Card","Relic","Card","Relic","Relic","Potion","Potion"],"build_version":"2020-12-22","purchased_purges":4,"victory":true,"max_hp_per_floor":[71,71,71,71,71,71,71,71,71,71,71,71,71,71,71,71,71,71,71,71,71,71,74,74,74,74,77,80,83,83,86,86,89,89,89,89,92,92,92,95,98,98,98,101,104,107,114,117,117,117,117],"card_choices":[{"not_picked":["expansioncontent:DefensiveMode","Darkness"],"picked":"Dramatic Entrance","floor":1},{"not_picked":["Ball Lightning","Enlightenment"],"picked":"Cold Snap","floor":5},{"not_picked":["ReplayTheSpireMod:Omega Cannon","Creative AI"],"picked":"Echo Form","floor":6},{"not_picked":["Reboot","The Bomb"],"picked":"Multi-Cast","floor":7},{"not_picked":["expansioncontent:Corrupt","ReplayUltimateDefense"],"picked":"Thinking Ahead","floor":8},{"not_picked":["expansioncontent:QuickStudy","Poisoned Strike+1"],"picked":"Panache","floor":10},{"not_picked":["conspire:SharedLibrary","Rebound+1"],"picked":"Cold Snap+1","floor":11},{"not_picked":["Cold Snap+1","Streamline+1"],"picked":"Panache","floor":12},{"not_picked":["Aggregate","expansioncontent:DefensiveStance","Cold Snap+1"],"picked":"SKIP","floor":14},{"not_picked":["Aggregate","expansioncontent:DefensiveStance","Cold Snap+1"],"picked":"SKIP","floor":14},{"not_picked":["Metamorphosis","Rainbow"],"picked":"Midas Touch","floor":16},{"not_picked":["Replay:SS_hec_4+1","Streamline+1","Steam"],"picked":"SKIP","floor":18},{"not_picked":["ReplayTheSpireMod:System Scan","expansioncontent:LastStand+1"],"picked":"Blizzard+1","floor":19},{"not_picked":["expansioncontent:StudyTheSpire","expansioncontent:QuickStudy","Transmutation"],"picked":"SKIP","floor":24},{"not_picked":["Crow Ritual","expansioncontent:DashGenerateEvil+1"],"picked":"Meteor Strike+1","floor":27},{"not_picked":["Steam","Coolheaded+1"],"picked":"Panic Button","floor":28},{"not_picked":["expansioncontent:SlimeTackle+1","Sweeping Beam+1"],"picked":"Cold Snap+1","floor":28},{"not_picked":["expansioncontent:Corrupt","Thinking Ahead"],"picked":"ReplayUltimateDefense","floor":29},{"not_picked":["expansioncontent:DefensiveStance","expansioncontent:GoopSpray"],"picked":"expansioncontent:BronzeBeam","floor":29},{"not_picked":["Replay:SS_hec_1","PanicButton"],"picked":"Bandage Up","floor":29},{"not_picked":["Midas Touch","Sadistic Nature+1"],"picked":"Core Surge+1","floor":33},{"not_picked":["expansioncontent:GoopSpray","Rebound+1","Turbo"],"picked":"SKIP","floor":35},{"not_picked":["Coolheaded","Rebound+1","expansioncontent:FaceSlap+1"],"picked":"SKIP","floor":35},{"not_picked":["Leap","All For One+1","Barrage+1"],"picked":"SKIP","floor":36},{"not_picked":["Rebound+1","Replay:SS_fish_1+1","Go for the Eyes+1"],"picked":"SKIP","floor":36},{"not_picked":["Creative AI+1","Secret Weapon"],"picked":"Electrodynamics+1","floor":40},{"not_picked":["Thunder Strike+1","HandOfGreed+1"],"picked":"Echo Form+1","floor":41},{"not_picked":["expansioncontent:BronzeBeam+1","Lockon+1","ReplayTheSpireMod:Reroute Power"],"picked":"SKIP","floor":42},{"not_picked":["Streamline+1","Conserve Battery","expansioncontent:AwakenDeath+1"],"picked":"SKIP","floor":42},{"not_picked":["Lockon+1","Conserve Battery"],"picked":"Loop+1","floor":44},{"not_picked":["PanicButton","Conserve Battery","Rebound+1"],"picked":"SKIP","floor":44},{"not_picked":["Cold Snap+1","expansioncontent:CaCaw+1"],"picked":"Crystallizer+1","floor":45},{"not_picked":["Beam Cell+1","Hologram","Doom and Gloom+1"],"picked":"SKIP","floor":45},{"not_picked":["All For One+1","Chrysalis"],"picked":"Rainbow","floor":46},{"not_picked":["MasterReality+1","hexamod:EmpoweringStance+1"],"picked":"Machine Learning+1","floor":48}],"player_experience":2809921,"relics_obtained":[{"floor":6,"key":"Quantum Egg"},{"floor":7,"key":"Matryoshka"},{"floor":8,"key":"TungstenRod"},{"floor":9,"key":"ReplayTheSpireMod:TigerMarble"},{"floor":9,"key":"Molten Egg 2"},{"floor":10,"key":"Replay:PocketPolymizer"},{"floor":22,"key":"conspire:Flyswatter"},{"floor":22,"key":"Replay:Ringing Soul"},{"floor":24,"key":"HornCleat"},{"floor":26,"key":"Smiling Mask"},{"floor":27,"key":"Replay:Accelerometer"},{"floor":32,"key":"Mercury Hourglass"},{"floor":39,"key":"Gambling Chip"},{"floor":40,"key":"Potion Belt"},{"floor":41,"key":"Replay:Bottled Snecko"},{"floor":43,"key":"Meat on the Bone"},{"floor":46,"key":"Divine Protection"},{"floor":48,"key":"Lizard Tail"}],"event_choices":[{"damage_healed":0,"gold_gain":150,"player_choice":"AGREE","damage_taken":0,"max_hp_gain":0,"max_hp_loss":0,"event_name":"Liars Game","floor":3,"gold_loss":0,"cards_obtained":["Doubt"]},{"damage_healed":0,"gold_gain":0,"player_choice":"Got Potions","damage_taken":0,"max_hp_gain":0,"max_hp_loss":0,"event_name":"Lab","floor":4,"gold_loss":0},{"damage_healed":0,"gold_gain":0,"player_choice":"Obtained Relic","damage_taken":0,"relics_obtained":["Tiny Chest"],"max_hp_gain":0,"max_hp_loss":0,"event_name":"Addict","floor":20,"gold_loss":85},{"damage_healed":0,"gold_gain":50,"player_choice":"Stole From Cult","damage_taken":0,"max_hp_gain":0,"max_hp_loss":0,"event_name":"Nest","floor":21,"gold_loss":0}],"is_beta":false,"boss_relics":[{"not_picked":["Abe\u0027s Treasure","Coffee Dripper","Snecko Heart"]},{"not_picked":["Replay:Grab Bag","Calling Bell"],"picked":"Ring of Chaos"}],"items_purged_floors":[13,29,31,47],"is_endless":false,"potions_floor_spawned":[1,10,12,14,16,18,27,35,41,44,48],"ascension_level":20}}