{"host":"f5pfdf07lxwkzoqo","time":1609439602,"event":{"mods":["Act Like it!","Aspiration","BaseMod","BetterRewards","Colored Powertips","Conspire","Downfall","Duelist Mod","GifTheSpireLib","GungeonMod","Hallownest","Highlight Path","Hubris","Jorbs\u0027s Wanderer Trilogy","Minty Spire (QoL Compilation)","Rare Cards Sparkle","StSLib","The Animator"],"gold_per_floor":[110,110,163,338,348,373,373,373,373],"floor_reached":8,"playtime":946,"items_purged":[],"score":54,"play_id":"5e1ce4f7-b986-4c87-9b67-90796eae24dc","local_time":"20201231183322","is_ascension_mode":false,"campfire_choices":[{"floor":7,"key":"REST"}],"circlet_count":0,"master_deck":["animator:Strike_Katanagatari","animator:Defend_Katanagatari","animator:Strike","animator:Defend","animator:Defend","animator:Defend","animator:Azekura","animator:Emonzaemon","hubris:Wrath","animator:NagisaMomoe","animator:Evileye","animator:SuzuneAmano","animator:Shichika","Doubt","animator:Tyuule","animator:UneriGinkaku"],"relics":["animator:LivingPicture","animator:TheMissingPiece","animator:PurgingStone","DemoMod:MemoryAlloy","Orichalcum"],"acts_visited":["Exordium"],"potions_floor_usage":[6],"damage_taken":[{"damage":0,"enemies":"2 Louse","floor":1,"turns":3},{"damage":14,"enemies":"conspire:MimicChest","floor":3,"turns":7},{"damage":2,"enemies":"conspire:RoseBush","floor":5,"turns":4},{"damage":44,"enemies":"Lagavulin","floor":6,"turns":9},{"damage":37,"enemies":"Gremlin Nob","floor":8,"turns":3}],"seed_played":"6914272460612609747","potions_obtained":[{"floor":3,"key":"ColorlessPotion"},{"floor":5,"key":"SteroidPotion"}],"is_trial":false,"path_per_floor":["M","?","?","?","M","E","R","E"],"character_chosen":"THE_ANIMATOR","items_purchased":[],"campfire_rested":1,"item_purchase_floors":[],"current_hp_per_floor":[66,66,52,52,50,7,27,0,0],"gold":373,"neow_bonus":"TRANSFORM_TWO_CARDS","is_daily":false,"chose_seed":false,"campfire_upgraded":0,"win_rate":0.0,"timestamp":1609439602,"path_taken":["M","?","?","?","M","E","R","E"],"items_purchased_type":[],"build_version":"2020-12-22","purchased_purges":0,"victory":false,"max_hp_per_floor":[66,66,66,66,66,67,67,67,67],"card_choices":[{"not_picked":["animator:Ara","animator:Ciel"],"picked":"animator:SuzuneAmano","floor":1},{"not_picked":["animator:Hakurou","animator:Demiurge"],"picked":"animator:Shichika","floor":3},{"not_picked":["animator:Scar","animator:ChaikaBohdan"],"picked":"animator:Tyuule","floor":5},{"not_picked":["animator:Gluttony","animator:Azekura"],"picked":"animator:UneriGinkaku","floor":6}],"player_experience":501344,"relics_obtained":[{"floor":3,"key":"DemoMod:MemoryAlloy"},{"floor":6,"key":"Orichalcum"}],"event_choices":[{"damage_healed":0,"gold_gain":0,"player_choice":"Leave","damage_taken":0,"max_hp_gain":0,"max_hp_loss":0,"event_name":"The Cleric","floor":2,"gold_loss":0},{"damage_healed":0,"gold_gain":175,"player_choice":"AGREE","damage_taken":0,"max_hp_gain":0,"max_hp_loss":0,"event_name":"Liars Game","floor":4,"gold_loss":0,"cards_obtained":["Doubt"]}],"is_beta":false,"boss_relics":[],"items_purged_floors":[],"is_endless":false,"potions_floor_spawned":[3,5],"killed_by":"Gremlin Nob","ascension_level":0}}