{"host":"dcj2yvrgcvh5dl2s","time":1609387060,"event":{"mods":["BaseMod","Better Note","Block Reminder","Colored Powertips","DeckTracker","Minty Spire (QoL Compilation)","Quick Restart","Rare Cards Sparkle","Relic Stats","StSLib"],"gold_per_floor":[111,31,31,306,325,366,366,516,563,602,158,183,221,240,240,330,330,344,359,378,401,9,48,48,48,48],"floor_reached":25,"playtime":740,"items_purged":["Doubt","Regret"],"score":505,"play_id":"cfe640eb-754f-4fb3-a212-1a850dd66581","local_time":"20201231135740","is_ascension_mode":true,"campfire_choices":[{"data":"True Grit","floor":7,"key":"SMITH"},{"floor":15,"key":"REST"},{"floor":24,"key":"REST"}],"circlet_count":0,"master_deck":["AscendersBane","Strike_R","Strike_R","Strike_R","Strike_R","Strike_R","Defend_R","Defend_R","Defend_R","Defend_R","Bash","Feel No Pain","Carnage","True Grit+1","Exhume","Uppercut","Immolate","Infernal Blade","Seeing Red","Sword Boomerang","Reaper","Thunderclap+1","Finesse","Heavy Blade","Feel No Pain","Inflame"],"relics":["Burning Blood","NeowsBlessing","Golden Idol","Bottled Tornado","Red Skull","Pen Nib","Paper Frog","Pantograph","Busted Crown","Membership Card","Regal Pillow","Darkstone Periapt"],"acts_visited":["Exordium","TheCity"],"potions_floor_usage":[14,16,20,23,23],"damage_taken":[{"damage":0,"enemies":"Jaw Worm","floor":1,"turns":1},{"damage":0,"enemies":"Small Slimes","floor":5,"turns":1},{"damage":0,"enemies":"Gremlin Nob","floor":6,"turns":1},{"damage":27,"enemies":"3 Sentries","floor":10,"turns":13},{"damage":9,"enemies":"Cultist","floor":12,"turns":3},{"damage":25,"enemies":"Lagavulin","floor":13,"turns":5},{"damage":0,"enemies":"Looter","floor":14,"turns":2},{"damage":58,"enemies":"Hexaghost","floor":16,"turns":10},{"damage":28,"enemies":"2 Thieves","floor":18,"turns":4},{"damage":13,"enemies":"Chosen","floor":19,"turns":5},{"damage":33,"enemies":"Centurion and Healer","floor":20,"turns":8},{"damage":17,"enemies":"Chosen and Byrds","floor":21,"turns":5},{"damage":79,"enemies":"Slavers","floor":23,"turns":5},{"damage":52,"enemies":"Book of Stabbing","floor":25,"turns":4}],"seed_played":"-7193458876464867429","potions_obtained":[{"floor":10,"key":"BlessingOfTheForge"},{"floor":12,"key":"Swift Potion"},{"floor":18,"key":"Weak Potion"},{"floor":19,"key":"Regen Potion"},{"floor":21,"key":"Dexterity Potion"}],"is_trial":false,"path_per_floor":["M","$","?","?","M","E","R","?","T","E","$","M","E","M","R","B",null,"M","M","M","M","$","E","R","E"],"character_chosen":"IRONCLAD","items_purchased":["Carnage","Immolate","Paper Frog","Membership Card","Regal Pillow","Finesse","Heavy Blade","Feel No Pain"],"campfire_rested":2,"item_purchase_floors":[2,11,11,22,22,22,22,22],"current_hp_per_floor":[74,74,48,48,54,60,60,60,60,39,39,36,17,23,45,18,61,39,44,51,49,49,15,52,0,0],"gold":48,"neow_bonus":"THREE_ENEMY_KILL","is_daily":false,"chose_seed":false,"campfire_upgraded":1,"win_rate":0.0,"timestamp":1609387060,"path_taken":["M","$","?","?","?","E","R","?","T","E","?","M","E","?","R","BOSS","M","M","M","?","$","E","R","E"],"items_purchased_type":["Card","Card","Relic","Relic","Relic","Card","Card","Card"],"build_version":"2020-12-22","purchased_purges":2,"victory":false,"max_hp_per_floor":[75,75,75,75,75,75,75,75,75,75,75,75,75,75,75,75,75,75,75,75,75,75,75,75,75,75],"relic_stats":{"Darkstone Periapt":0,"Regal Pillow":15,"Busted Crown":10,"counters":[14,67],"Golden Idol":78,"Pantograph":25,"Pen Nib":[9],"obtain_stats":[{"Darkstone Periapt":23,"Regal Pillow":22,"Busted Crown":17,"NeowsBlessing":0,"Golden Idol":3,"Pantograph":13,"Pen Nib":10,"Membership Card":22,"Bottled Tornado":6,"Burning Blood":0,"Red Skull":9,"Paper Frog":11},{"Darkstone Periapt":13,"Regal Pillow":12,"Busted Crown":8,"NeowsBlessing":0,"Golden Idol":1,"Pantograph":6,"Pen Nib":4,"Membership Card":12,"Bottled Tornado":3,"Burning Blood":0,"Red Skull":3,"Paper Frog":4},{"Darkstone Periapt":63,"Regal Pillow":58,"Busted Crown":36,"NeowsBlessing":0,"Golden Idol":1,"Pantograph":24,"Pen Nib":16,"Membership Card":58,"Bottled Tornado":3,"Burning Blood":0,"Red Skull":3,"Paper Frog":16}],"Burning Blood":78},"card_choices":[{"not_picked":["Cleave","Twin Strike"],"picked":"Feel No Pain","floor":1},{"not_picked":["Warcry","Perfected Strike"],"picked":"True Grit","floor":5},{"not_picked":["Dark Embrace","Cleave"],"picked":"Exhume","floor":6},{"not_picked":["Clash","Heavy Blade"],"picked":"Uppercut","floor":10},{"not_picked":["Inflame","Perfected Strike"],"picked":"Infernal Blade","floor":12},{"not_picked":["Burning Pact","Ghostly Armor"],"picked":"Seeing Red","floor":13},{"not_picked":["Combust","Metallicize"],"picked":"Sword Boomerang","floor":14},{"not_picked":["Impervious","Berserk"],"picked":"Reaper","floor":16},{"not_picked":["Rampage"],"picked":"SKIP","floor":18},{"not_picked":["Blood for Blood"],"picked":"SKIP","floor":19},{"not_picked":[],"picked":"Thunderclap+1","floor":20},{"not_picked":["Armaments"],"picked":"SKIP","floor":21},{"not_picked":[],"picked":"Inflame","floor":23}],"player_experience":2119046,"relics_obtained":[{"floor":6,"key":"Bottled Tornado"},{"floor":9,"key":"Red Skull"},{"floor":10,"key":"Pen Nib"},{"floor":13,"key":"Pantograph"},{"floor":23,"key":"Darkstone Periapt"}],"event_choices":[{"damage_healed":0,"gold_gain":0,"player_choice":"Take Damage","damage_taken":26,"relics_obtained":["Golden Idol"],"max_hp_gain":0,"max_hp_loss":0,"event_name":"Golden Idol","floor":3,"gold_loss":0},{"damage_healed":0,"gold_gain":275,"player_choice":"Desecrate","damage_taken":0,"max_hp_gain":0,"max_hp_loss":0,"event_name":"Golden Shrine","floor":4,"gold_loss":0,"cards_obtained":["Regret"]},{"damage_healed":0,"gold_gain":150,"player_choice":"AGREE","damage_taken":0,"max_hp_gain":0,"max_hp_loss":0,"event_name":"Liars Game","floor":8,"gold_loss":0,"cards_obtained":["Doubt"]}],"is_beta":false,"boss_relics":[{"not_picked":["SacredBark","Black Star"],"picked":"Busted Crown"}],"items_purged_floors":[11,22],"is_endless":false,"potions_floor_spawned":[10,12,13,18,19,21],"killed_by":"Book of Stabbing","ascension_level":18}}