{"host":"yn17ruofed46ymbq","time":1609404021,"event":{"mods":["AchievementEnabler","BaseMod","Colored Map","Colored Powertips","DeckTracker","Highlight Path","Keyboard Shortcuts","Minty Spire (QoL Compilation)","Permanent Neow","Quick Restart","Rare Cards Sparkle","Relic Stats","SuperFastMode"],"gold_per_floor":[109,129,54,68,68,68,87,119,200,200,216,216,216,235,235,331,331,345,10,10,22,22,22],"floor_reached":22,"playtime":557,"items_purged":["Strike_R","Strike_R"],"score":251,"play_id":"4aae0c20-a4cd-40d3-ac9f-1a0057c02a70","local_time":"20201231174021","is_ascension_mode":true,"campfire_choices":[{"data":"Limit Break","floor":6.0,"key":"SMITH"},{"floor":10.0,"key":"REST"},{"floor":13.0,"key":"REST"},{"data":"Rage","floor":15.0,"key":"SMITH"}],"circlet_count":0,"master_deck":["Strike_R","Strike_R","Defend_R","Defend_R","Defend_R","Defend_R","Bash","Limit Break+1","Sword Boomerang","Entrench","Thunderclap","Inflame+1","Blood for Blood","Rage+1","Spot Weakness","Demon Form","Rupture","Hemokinesis"],"relics":["Burning Blood","StoneCalendar","Bottled Tornado","SacredBark","Anchor"],"acts_visited":["Exordium","TheCity"],"potions_floor_usage":[18,21],"damage_taken":[{"damage":14.0,"enemies":"2 Louse","floor":1.0,"turns":5.0},{"damage":6.0,"enemies":"Cultist","floor":2.0,"turns":3.0},{"damage":10.0,"enemies":"Jaw Worm","floor":4.0,"turns":6.0},{"damage":10.0,"enemies":"2 Fungi Beasts","floor":7.0,"turns":3.0},{"damage":30.0,"enemies":"Lagavulin","floor":8.0,"turns":7.0},{"damage":27.0,"enemies":"Exordium Thugs","floor":11.0,"turns":3.0},{"damage":5.0,"enemies":"Blue Slaver","floor":14.0,"turns":3.0},{"damage":33.0,"enemies":"Hexaghost","floor":16.0,"turns":6.0},{"damage":34,"enemies":"3 Byrds","floor":18,"turns":6},{"damage":17,"enemies":"Shell Parasite","floor":21,"turns":4},{"damage":32,"enemies":"Snecko","floor":22,"turns":4}],"seed_played":"-395735926768258119","potions_obtained":[{"floor":2.0,"key":"SpeedPotion"},{"floor":4.0,"key":"Strength Potion"},{"floor":8.0,"key":"Strength Potion"},{"floor":11.0,"key":"SpeedPotion"},{"floor":18,"key":"BlessingOfTheForge"},{"floor":20,"key":"DuplicationPotion"}],"is_trial":false,"path_per_floor":["M","M","$","M","?","R","M","E","T","R","M","?","R","M","R","B",null,"M","$","?","M","M"],"character_chosen":"IRONCLAD","items_purchased":["Hemokinesis","Anchor"],"campfire_rested":2,"item_purchase_floors":[19,19],"current_hp_per_floor":[64,64,64,60,60,60,56,32,32,56,35,35,59,60,60,33,68,40,40,40,29,0,0],"gold":22,"neow_bonus":"ONE_RANDOM_RARE_CARD","is_daily":false,"chose_seed":false,"campfire_upgraded":2,"win_rate":0.0,"timestamp":1609404021,"path_taken":["M","M","$","M","?","R","M","E","T","R","?","?","R","M","R","BOSS","M","$","?","M","M"],"items_purchased_type":["Card","Relic"],"build_version":"2020-12-22","purchased_purges":2,"victory":false,"max_hp_per_floor":[80,80,80,80,80,80,80,80,80,80,80,80,80,80,80,80,80,80,80,80,80,80,80],"relic_stats":{"counters":[11,50],"StoneCalendar":[0],"obtain_stats":[{"Anchor":19,"SacredBark":17,"StoneCalendar":8,"Bottled Tornado":9,"Burning Blood":0},{"Anchor":9,"SacredBark":8,"StoneCalendar":5,"Bottled Tornado":5,"Burning Blood":0},{"Anchor":42,"SacredBark":36,"StoneCalendar":24,"Bottled Tornado":24,"Burning Blood":0}],"Burning Blood":60},"card_choices":[{"not_picked":["Warcry","Intimidate"],"picked":"Sword Boomerang","floor":1.0},{"not_picked":["Havoc","Sword Boomerang"],"picked":"Entrench","floor":2.0},{"not_picked":["Rampage","Pummel"],"picked":"Thunderclap","floor":4.0},{"not_picked":["Rampage","Headbutt"],"picked":"Inflame","floor":7.0},{"not_picked":["Fire Breathing","Seeing Red"],"picked":"Blood for Blood","floor":8.0},{"not_picked":["Entrench","Burning Pact"],"picked":"Rage","floor":11.0},{"not_picked":["Cleave","Pommel Strike"],"picked":"Spot Weakness","floor":14.0},{"not_picked":["Immolate","Exhume"],"picked":"Demon Form","floor":16.0},{"not_picked":["Thunderclap","Cleave"],"picked":"Rupture","floor":18},{"not_picked":["Twin Strike","Rupture","Pommel Strike"],"picked":"SKIP","floor":21}],"player_experience":438824,"relics_obtained":[{"floor":8.0,"key":"StoneCalendar"},{"floor":9.0,"key":"Bottled Tornado"}],"event_choices":[{"cards_removed":["Strike_R"],"damage_healed":0.0,"max_hp_gain":0.0,"max_hp_loss":0.0,"gold_gain":0.0,"event_name":"Purifier","player_choice":"Purged","floor":5.0,"gold_loss":0.0,"damage_taken":0.0},{"damage_healed":0.0,"max_hp_gain":0.0,"max_hp_loss":0.0,"gold_gain":0.0,"event_name":"Living Wall","player_choice":"Grow","floor":12.0,"gold_loss":0.0,"damage_taken":0.0,"cards_upgraded":["Inflame"]},{"damage_healed":0,"gold_gain":0,"player_choice":"Got Potions","damage_taken":0,"max_hp_gain":0,"max_hp_loss":0,"event_name":"Lab","floor":20,"gold_loss":0}],"is_beta":false,"boss_relics":[{"not_picked":["Snecko Eye","Coffee Dripper"],"picked":"SacredBark"}],"items_purged_floors":[3,19],"is_endless":false,"potions_floor_spawned":[2,4,8,11,18],"killed_by":"Snecko","ascension_level":7}}