{"host":"t75twhtg6c476ygg","time":1609428597,"event":{"mods":["AchievementEnabler","BaseMod","Colored Powertips","Minty Spire (QoL Compilation)","Quick Restart","Relic Stats","StSLib","SuperFastMode"],"gold_per_floor":[114,129,129,144,144,174,189,189,214,214,214,229,229,244,244,344,344,359,22,22,37,52,82,112,127,127,142,142,157,82,97,97,197,197,212,212,136,151,151,181,231,261,261,291,306,321,26,26,26,26],"floor_reached":51,"playtime":1867,"items_purged":["Pain"],"score":904,"play_id":"9e2cd9d9-840c-460a-bc10-7af9bb441d26","local_time":"20201231152957","daily_mods":["Heirloom","Time Dilation","Lethality"],"is_ascension_mode":false,"campfire_choices":[{"data":"Zap","floor":8.0,"key":"SMITH"},{"data":"Conserve Battery","floor":13.0,"key":"SMITH"},{"data":"Dualcast","floor":15.0,"key":"SMITH"},{"data":"Storm","floor":28.0,"key":"SMITH"},{"data":"Genetic Algorithm","floor":32.0,"key":"SMITH"},{"data":"Biased Cognition","floor":49,"key":"SMITH"}],"circlet_count":0,"master_deck":["Strike_B","Strike_B","Strike_B","Defend_B","Defend_B","Defend_B","Zap+1","Dualcast+1","Conserve Battery+1","All For One","Storm+1","Genetic Algorithm+1","Doom and Gloom","Electrodynamics","Loop+1","Heatsinks+1","Biased Cognition+1","Fusion","Defragment","Beam Cell"],"relics":["FrozenCore","WingedGreaves","Oddly Smooth Stone","Akabeko","Cables","WarpedTongs","Black Star","Vajra","Red Mask","Mummified Hand","Bag of Marbles","Mercury Hourglass","Lantern","Singing Bowl","Omamori","Symbiotic Virus","Dead Branch","Turnip","Strawberry","HornCleat","Orichalcum","Nunchaku","Shuriken"],"acts_visited":["Exordium","TheCity","TheBeyond"],"potions_floor_usage":[50,50,50],"damage_taken":[{"damage":0.0,"enemies":"Cultist","floor":1.0,"turns":2.0},{"damage":0.0,"enemies":"2 Louse","floor":2.0,"turns":1.0},{"damage":9.0,"enemies":"Jaw Worm","floor":4.0,"turns":2.0},{"damage":7.0,"enemies":"3 Sentries","floor":6.0,"turns":9.0},{"damage":15.0,"enemies":"Exordium Thugs","floor":7.0,"turns":4.0},{"damage":3.0,"enemies":"Blue Slaver","floor":12.0,"turns":2.0},{"damage":1.0,"enemies":"Exordium Wildlife","floor":14.0,"turns":2.0},{"damage":28.0,"enemies":"Hexaghost","floor":16.0,"turns":9.0},{"damage":68.0,"enemies":"3 Byrds","floor":18.0,"turns":5.0},{"damage":24.0,"enemies":"Masked Bandits","floor":21.0,"turns":4.0},{"damage":9.0,"enemies":"Spheric Guardian","floor":22.0,"turns":4.0},{"damage":11.0,"enemies":"Slavers","floor":23.0,"turns":4.0},{"damage":22.0,"enemies":"Book of Stabbing","floor":24.0,"turns":3.0},{"damage":0.0,"enemies":"Centurion and Healer","floor":25.0,"turns":1.0},{"damage":0.0,"enemies":"Cultist and Chosen","floor":27.0,"turns":3.0},{"damage":6.0,"enemies":"Chosen and Byrds","floor":29.0,"turns":3.0},{"damage":0.0,"enemies":"Snake Plant","floor":31.0,"turns":2.0},{"damage":37.0,"enemies":"Automaton","floor":33.0,"turns":8.0},{"damage":3,"enemies":"3 Darklings","floor":35,"turns":2},{"damage":13,"enemies":"Orb Walker","floor":38,"turns":2},{"damage":13,"enemies":"Reptomancer","floor":40,"turns":4},{"damage":9,"enemies":"Mind Bloom Boss Battle","floor":41,"turns":4},{"damage":32,"enemies":"Giant Head","floor":42,"turns":7},{"damage":12,"enemies":"Reptomancer","floor":44,"turns":3},{"damage":0,"enemies":"Sphere and 2 Shapes","floor":45,"turns":2},{"damage":15,"enemies":"Writhing Mass","floor":46,"turns":3},{"damage":0,"enemies":"Maw","floor":48,"turns":3},{"damage":37,"enemies":"Donu and Deca","floor":50,"turns":7}],"seed_played":"-5051420239723459148","potions_obtained":[{"floor":1.0,"key":"SkillPotion"},{"floor":6.0,"key":"Energy Potion"},{"floor":7.0,"key":"LiquidBronze"},{"floor":14.0,"key":"PowerPotion"},{"floor":22.0,"key":"PotionOfCapacity"},{"floor":24.0,"key":"ColorlessPotion"},{"floor":33.0,"key":"Explosive Potion"},{"floor":38,"key":"FearPotion"}],"is_trial":false,"path_per_floor":["M","M","?","M","$","E","M","R","T","T","?","M","R","M","R","B",null,"M","$","?","?","M","E","E","M","T","M","R","M","?","M","R","B",null,"M","?","$","M","?","E","?","E","T","E","M","M","$","M","R","B",null],"character_chosen":"DEFECT","items_purchased":["Vajra","Storm","Genetic Algorithm","Defragment","Shuriken","Beam Cell"],"campfire_rested":0,"item_purchase_floors":[19,19,19,37,47,47],"current_hp_per_floor":[75,75,75,66,66,59,44,44,44,44,44,41,41,40,40,12,75,72,72,72,48,39,28,53,53,53,53,53,47,47,49,49,12,77,74,74,74,63,63,52,45,22,22,78,80,67,67,67,67,30],"gold":26,"neow_bonus":"","is_daily":true,"chose_seed":false,"campfire_upgraded":6,"win_rate":0.0,"timestamp":1609428597,"path_taken":["M","?","?","M","$","E","?","R","T","?","?","?","R","M","R","BOSS","M","$","?","?","M","E","E","M","T","M","R","?","?","M","R","BOSS","M","?","$","M","?","E","?","E","T","E","?","M","$","M","R","BOSS"],"items_purchased_type":["Relic","Card","Card","Card","Relic","Card"],"build_version":"2020-12-22","purchased_purges":1,"victory":true,"max_hp_per_floor":[75,75,75,75,75,75,75,75,75,75,75,75,75,75,75,75,75,75,75,75,75,75,75,75,75,75,75,75,75,75,77,77,77,77,77,77,77,79,75,77,79,88,88,90,92,94,94,94,94,94],"relic_stats":{"Singing Bowl":16,"counters":[28,103],"Dead Branch":[10],"Orichalcum":[12],"FrozenCore":[8],"Cables":[74,53,9,12,0],"WarpedTongs":[83],"Mercury Hourglass":[226],"Nunchaku":[2],"Mummified Hand":[85],"Shuriken":[3],"Turnip":[3],"Black Star":5,"obtain_stats":[{"Lantern":24,"Singing Bowl":26,"Dead Branch":41,"Oddly Smooth Stone":6,"Vajra":19,"Omamori":40,"Orichalcum":44,"Akabeko":9,"Cables":10,"WarpedTongs":11,"Mercury Hourglass":24,"FrozenCore":34,"Nunchaku":44,"HornCleat":43,"Mummified Hand":23,"Shuriken":47,"Strawberry":42,"WingedGreaves":0,"Turnip":42,"Black Star":17,"Red Mask":21,"Bag of Marbles":23,"Cracked Core":0,"Symbiotic Virus":40},{"Lantern":13,"Singing Bowl":14,"Dead Branch":22,"Oddly Smooth Stone":4,"Vajra":9,"Omamori":21,"Orichalcum":24,"Akabeko":5,"Cables":5,"WarpedTongs":5,"Mercury Hourglass":13,"FrozenCore":18,"Nunchaku":24,"HornCleat":23,"Mummified Hand":12,"Shuriken":26,"Strawberry":23,"WingedGreaves":0,"Turnip":23,"Black Star":8,"Red Mask":10,"Bag of Marbles":12,"Cracked Core":0,"Symbiotic Virus":21},{"Lantern":51,"Singing Bowl":52,"Dead Branch":79,"Oddly Smooth Stone":14,"Vajra":36,"Omamori":75,"Orichalcum":89,"Akabeko":18,"Cables":18,"WarpedTongs":18,"Mercury Hourglass":51,"FrozenCore":68,"Nunchaku":89,"HornCleat":86,"Mummified Hand":48,"Shuriken":93,"Strawberry":86,"WingedGreaves":0,"Turnip":86,"Black Star":31,"Red Mask":40,"Bag of Marbles":48,"Cracked Core":0,"Symbiotic Virus":75}]},"card_choices":[{"not_picked":["Sweeping Beam","Skim","Turbo"],"picked":"SKIP","floor":1.0},{"not_picked":["Darkness","Go for the Eyes","Aggregate"],"picked":"SKIP","floor":2.0},{"not_picked":["Undo","Auto Shields"],"picked":"Cold Snap","floor":4.0},{"not_picked":["Sweeping Beam","Hologram","Double Energy"],"picked":"SKIP","floor":6.0},{"not_picked":["Stack","Chaos"],"picked":"Conserve Battery","floor":7.0},{"not_picked":["Melter","Rebound","Go for the Eyes"],"picked":"SKIP","floor":12.0},{"not_picked":["Conserve Battery","Multi-Cast","Coolheaded"],"picked":"SKIP","floor":14.0},{"not_picked":["Meteor Strike","Hyperbeam"],"picked":"All For One","floor":16.0},{"not_picked":["Leap","Go for the Eyes","Undo"],"picked":"SKIP","floor":18.0},{"not_picked":["Steam","Sunder"],"picked":"Doom and Gloom","floor":22.0},{"not_picked":["Aggregate+1","Barrage"],"picked":"Electrodynamics","floor":23.0},{"not_picked":["Tempest","Genetic Algorithm","Consume"],"picked":"SKIP","floor":24.0},{"not_picked":["Blizzard+1","Reprogram","Hologram+1"],"picked":"SKIP","floor":25.0},{"not_picked":["Beam Cell","Cold Snap"],"picked":"Loop+1","floor":27.0},{"not_picked":["Rebound+1","Reprogram"],"picked":"Heatsinks+1","floor":29.0},{"not_picked":["BootSequence+1","Redo","FTL"],"picked":"Singing Bowl","floor":31.0},{"not_picked":["Machine Learning","Reboot"],"picked":"Biased Cognition","floor":33.0},{"not_picked":["Undo+1","Coolheaded"],"picked":"Fusion","floor":35},{"not_picked":["BootSequence","Auto Shields","Hologram"],"picked":"Singing Bowl","floor":38},{"not_picked":["Sweeping Beam","Tempest","Conserve Battery+1"],"picked":"Singing Bowl","floor":40},{"not_picked":["Redo","Heatsinks","Scrape"],"picked":"Singing Bowl","floor":41},{"not_picked":["Rebound+1","Seek","Ball Lightning+1"],"picked":"Singing Bowl","floor":42},{"not_picked":["Recycle+1","Reinforced Body","Double Energy"],"picked":"Singing Bowl","floor":44},{"not_picked":["Gash","BootSequence+1","Stack+1"],"picked":"Singing Bowl","floor":45},{"not_picked":["Streamline+1","Compile Driver+1","Double Energy+1"],"picked":"Singing Bowl","floor":46},{"not_picked":["Steam","Compile Driver+1","Auto Shields+1"],"picked":"SKIP","floor":48}],"player_experience":205790,"relics_obtained":[{"floor":6.0,"key":"Oddly Smooth Stone"},{"floor":9.0,"key":"Akabeko"},{"floor":10.0,"key":"Cables"},{"floor":21.0,"key":"Red Mask"},{"floor":23.0,"key":"Mummified Hand"},{"floor":23.0,"key":"Bag of Marbles"},{"floor":24.0,"key":"Mercury Hourglass"},{"floor":24.0,"key":"Lantern"},{"floor":26.0,"key":"Singing Bowl"},{"floor":40,"key":"Omamori"},{"floor":40,"key":"Symbiotic Virus"},{"floor":41,"key":"Dead Branch"},{"floor":42,"key":"Turnip"},{"floor":42,"key":"Strawberry"},{"floor":43,"key":"HornCleat"},{"floor":44,"key":"Orichalcum"},{"floor":44,"key":"Nunchaku"}],"event_choices":[{"cards_removed":["Strike_B"],"damage_healed":0.0,"max_hp_gain":0.0,"max_hp_loss":0.0,"gold_gain":0.0,"event_name":"Bonfire Elementals","player_choice":"Offered Basic","floor":3.0,"gold_loss":0.0,"damage_taken":0.0},{"damage_healed":0.0,"max_hp_gain":0.0,"max_hp_loss":0.0,"gold_gain":0.0,"event_name":"Accursed Blacksmith","player_choice":"Rummage","floor":11.0,"gold_loss":0.0,"damage_taken":0.0,"relics_obtained":["WarpedTongs"],"cards_obtained":["Pain"]},{"damage_healed":0.0,"max_hp_gain":0.0,"max_hp_loss":0.0,"gold_gain":0.0,"event_name":"Vampires","player_choice":"Ignored","floor":20.0,"gold_loss":0.0,"damage_taken":0.0},{"damage_healed":0.0,"max_hp_gain":0.0,"max_hp_loss":0.0,"gold_gain":0.0,"event_name":"Masked Bandits","player_choice":"Fought Bandits","floor":21.0,"gold_loss":0.0,"damage_taken":0.0},{"cards_removed":["Defend_B"],"damage_healed":0.0,"max_hp_gain":0.0,"max_hp_loss":0.0,"gold_gain":0.0,"event_name":"Beggar","player_choice":"Gave Gold","floor":30.0,"gold_loss":75.0,"damage_taken":0.0},{"cards_removed":["Cold Snap"],"damage_healed":0,"gold_gain":0,"player_choice":"Removed Attack","damage_taken":0,"max_hp_gain":0,"max_hp_loss":0,"event_name":"Falling","floor":36,"gold_loss":0},{"damage_healed":0,"gold_gain":0,"player_choice":"Max HP","damage_taken":0,"max_hp_gain":0,"max_hp_loss":4,"event_name":"Winding Halls","floor":39,"gold_loss":0},{"damage_healed":0,"gold_gain":0,"player_choice":"Fight","damage_taken":0,"max_hp_gain":0,"max_hp_loss":0,"event_name":"MindBloom","floor":41,"gold_loss":0}],"is_beta":false,"boss_relics":[{"not_picked":["Inserter","Sozu"],"picked":"Black Star"},{"not_picked":["Coffee Dripper","Empty Cage"],"picked":"FrozenCore"}],"items_purged_floors":[19],"is_endless":false,"potions_floor_spawned":[1,6,7,14,22,24,27,33,38,40,41,46],"ascension_level":0}}