{"host":"iy58fyt9wsbv4cf1","time":1609455276,"event":{"mods":["BaseMod","Better Altar","Better Match","Better Skull","Better Third Choice","BetterRewards","Conspire","Custom Start","Defuse TimeMaze Blight","Hubris","Infinite Spire","Minty Spire (QoL Compilation)","Permanent Neow","Quick Restart","Spicy Shops","StSLib"],"gold_per_floor":[116,116,133,133,149,184,184,184,184,199,124,145,184,208,208,339,339,358,382,382,396,417,455,554,554,632,632,666,666,300,316,316,440,440,465,525,541,554,554,594,614,630,630,645,669,669,669,694,694,694],"floor_reached":51,"playtime":1589,"items_purged":["Defend_R","Rage"],"score":983,"play_id":"85e5e39d-b7df-45c3-b035-c8b3050ecdab","local_time":"20201231175436","is_ascension_mode":false,"campfire_choices":[{"data":"Limit Break","floor":15.0,"key":"SMITH"},{"data":"Inflame+1","floor":29.0,"key":"SMITH"},{"data":"Heavy Blade","floor":32.0,"key":"SMITH"},{"data":"Heavy Blade+1","floor":47,"key":"SMITH"},{"data":"Heavy Blade+2","floor":49,"key":"SMITH"}],"circlet_count":0,"master_deck":["Limit Break+1","Inflame+2","Heavy Blade+3","Battle Trance+1","Impervious+1","Metallicize","Offering+1"],"relics":["Burning Blood","Lee\u0027s Waffle","conspire:InfiniteJournal","Strawberry","Toxic Egg 2","Golden Idol","Anchor","hubris:SphereOfDissonance","hubris:Potato","MutagenicStrength","Bag of Preparation","Vajra","PrismaticShard","hubris:VirtuousBlindfold","CaptainsWheel","Toy Ornithopter","hubris:MysteriousPyramids"],"acts_visited":["Exordium","TheCity","TheBeyond"],"potions_floor_usage":[],"damage_taken":[{"damage":6.0,"enemies":"2 Louse","floor":1.0,"turns":5.0},{"damage":15.0,"enemies":"Small Slimes","floor":3.0,"turns":4.0},{"damage":1.0,"enemies":"Cultist","floor":5.0,"turns":3.0},{"damage":32.0,"enemies":"3 Sentries","floor":6.0,"turns":8.0},{"damage":0.0,"enemies":"2 Fungi Beasts","floor":10.0,"turns":3.0},{"damage":5.0,"enemies":"Looter","floor":12.0,"turns":3.0},{"damage":14.0,"enemies":"Gremlin Nob","floor":13.0,"turns":3.0},{"damage":2.0,"enemies":"Blue Slaver","floor":14.0,"turns":2.0},{"damage":34.0,"enemies":"Hexaghost","floor":16.0,"turns":6.0},{"damage":17.0,"enemies":"2 Thieves","floor":18.0,"turns":5.0},{"damage":11.0,"enemies":"Shell Parasite","floor":19.0,"turns":3.0},{"damage":11.0,"enemies":"Centurion and Healer","floor":21.0,"turns":4.0},{"damage":20.0,"enemies":"Snecko","floor":22.0,"turns":4.0},{"damage":22.0,"enemies":"Nightmare","floor":23.0,"turns":5.0},{"damage":1.0,"enemies":"conspire:Head Lice","floor":28.0,"turns":3.0},{"damage":6.0,"enemies":"Sentry and Sphere","floor":31.0,"turns":3.0},{"damage":15.0,"enemies":"conspire:MysteriousRune","floor":33.0,"turns":3.0},{"damage":0.0,"enemies":"3 Darklings","floor":35.0,"turns":2.0},{"damage":0.0,"enemies":"2 Orb Walkers","floor":36.0,"turns":1.0},{"damage":0.0,"enemies":"3 Shapes","floor":37.0,"turns":2.0},{"damage":0.0,"enemies":"Transient","floor":38.0,"turns":3.0},{"damage":0.0,"enemies":"Nightmare","floor":40.0,"turns":1.0},{"damage":0,"enemies":"4 Shapes","floor":41,"turns":2},{"damage":0,"enemies":"Jaw Worm Horde","floor":42,"turns":2},{"damage":1,"enemies":"Sphere and 2 Shapes","floor":44,"turns":2},{"damage":0,"enemies":"Transient","floor":45,"turns":2},{"damage":0,"enemies":"Jaw Worm Horde","floor":48,"turns":2},{"damage":0,"enemies":"hubris:GrandSnecko","floor":50,"turns":1}],"seed_played":"8827645825542588308","potions_obtained":[{"floor":6.0,"key":"Fire Potion"},{"floor":10.0,"key":"Swift Potion"},{"floor":13.0,"key":"LiquidBronze"},{"floor":14.0,"key":"ColorlessPotion"},{"floor":16.0,"key":"Ancient Potion"},{"floor":22.0,"key":"EssenceOfSteel"},{"floor":23.0,"key":"PowerPotion"},{"floor":28.0,"key":"Swift Potion"},{"floor":38.0,"key":"Swift Potion"}],"is_trial":false,"path_per_floor":["M","?","M","?","M","E","?","?","T","M","$","M","E","M","R","B",null,"M","M","?","M","M","NM","?","?","T","?","E","R","$","M","R","B",null,"M","?","M","M","?","NM","M","M","T","M","M","?","R","M","R","B",null],"character_chosen":"IRONCLAD","items_purchased":["Limit Break","Inflame","Lee\u0027s Waffle","conspire:InfiniteJournal","Strawberry","Vajra","PrismaticShard","Metallicize"],"campfire_rested":0,"item_purchase_floors":[0,0,0,0,0,30,30,30],"current_hp_per_floor":[94,94,85,85,90,64,64,41,41,47,47,48,40,44,44,16,94,83,78,78,73,59,43,43,43,43,43,48,48,48,48,48,39,94,94,94,94,94,94,94,94,94,94,94,94,89,89,89,89,89],"gold":694,"neow_bonus":"","is_daily":false,"chose_seed":false,"campfire_upgraded":5,"win_rate":0.0,"timestamp":1609455276,"path_taken":["M","?","M","?","M","E","?","?","T","M","$","M","E","M","R","BOSS","M","M","?","?","M","NM","?","?","T","?","E","R","?","M","R","BOSS","M","?","M","M","?","NM","M","M","T","?","?","?","R","M","R","BOSS"],"items_purchased_type":["Card","Card","Relic","Relic","Relic","Relic","Relic","Card"],"build_version":"2020-12-22","purchased_purges":2,"victory":true,"max_hp_per_floor":[94,94,94,94,94,94,94,94,94,94,94,94,94,94,94,94,94,94,94,94,94,94,94,94,94,94,94,94,94,94,94,94,94,94,94,94,94,94,94,94,94,94,94,94,94,89,89,89,89,89],"card_choices":[{"not_picked":["Pommel Strike","Iron Wave"],"picked":"Heavy Blade","floor":1.0},{"not_picked":["Pommel Strike","Iron Wave"],"picked":"Rage","floor":3.0},{"not_picked":["Rampage","Pommel Strike","Iron Wave"],"picked":"SKIP","floor":5.0},{"not_picked":["Limit Break+1","Warcry+1"],"picked":"Battle Trance+1","floor":6.0},{"not_picked":["Iron Wave","conspire:Charge","Armaments+1"],"picked":"SKIP","floor":10.0},{"not_picked":["Disarm+1","Carnage","Armaments+1"],"picked":"SKIP","floor":12.0},{"not_picked":["Rage+1","Metallicize"],"picked":"conspire:Purge+1","floor":13.0},{"not_picked":["Clothesline","hubris:SharpeningStone+1","Twin Strike"],"picked":"SKIP","floor":14.0},{"not_picked":["Barricade","Bludgeon"],"picked":"Impervious+1","floor":16.0},{"not_picked":["Body Slam+1","Havoc+1","Carnage+1"],"picked":"SKIP","floor":18.0},{"not_picked":["Thunderclap","Dark Embrace+1","Rage+1"],"picked":"SKIP","floor":19.0},{"not_picked":["Dark Embrace","Iron Wave","Seeing Red+1"],"picked":"SKIP","floor":21.0},{"not_picked":["Armaments+1","Metallicize","Rampage"],"picked":"SKIP","floor":22.0},{"not_picked":["Pummel+1","Heavy Blade","Cleave"],"picked":"SKIP","floor":23.0},{"not_picked":["True Grit+1","Pommel Strike","Reckless Charge+1"],"picked":"SKIP","floor":28.0},{"not_picked":["Go for the Eyes","Second Wind+1","Sever Soul+1"],"picked":"SKIP","floor":31.0},{"not_picked":["infinitespire:Neurotoxin+1","Adrenaline+1"],"picked":"Offering+1","floor":33.0},{"not_picked":["Poisoned Stab","Forethought+1","Flex+1"],"picked":"SKIP","floor":35.0},{"not_picked":["Compile Driver+1","Twin Strike","Turbo+1"],"picked":"SKIP","floor":37.0},{"not_picked":["Infernal Blade+1","Caltrops","Mind Blast+1"],"picked":"SKIP","floor":38.0},{"not_picked":["Feel No Pain","White Noise+1","Amplify+1"],"picked":"SKIP","floor":40.0},{"not_picked":["Backflip+1","Stack+1","Cloak And Dagger+1"],"picked":"SKIP","floor":41},{"not_picked":["Backflip+1","Stack+1","Cloak And Dagger+1"],"picked":"SKIP","floor":41},{"not_picked":["CutThroughFate","Endless Agony+1","Flex+1"],"picked":"SKIP","floor":42},{"not_picked":["Cleave","Tactician+1","Panacea+1"],"picked":"SKIP","floor":44},{"not_picked":["Coolheaded+1","Gash","EmptyFist+1"],"picked":"SKIP","floor":45},{"not_picked":["Dramatic Entrance","Clash","Meditate+1"],"picked":"SKIP","floor":48}],"player_experience":45791,"relics_obtained":[{"floor":6.0,"key":"Toxic Egg 2"},{"floor":9.0,"key":"Anchor"},{"floor":13.0,"key":"hubris:SphereOfDissonance"},{"floor":23.0,"key":"hubris:Potato"},{"floor":28.0,"key":"Bag of Preparation"},{"floor":36.0,"key":"CaptainsWheel"},{"floor":40.0,"key":"Toy Ornithopter"},{"floor":43,"key":"hubris:MysteriousPyramids"}],"event_choices":[{"damage_healed":0.0,"max_hp_gain":0.0,"max_hp_loss":0.0,"gold_gain":0.0,"event_name":"conspire:LoneGhost","player_choice":"Disagree","floor":7.0,"gold_loss":0.0,"damage_taken":0.0},{"damage_healed":0.0,"max_hp_gain":0.0,"max_hp_loss":0.0,"gold_gain":0.0,"event_name":"Golden Idol","player_choice":"Take Damage","floor":8.0,"gold_loss":0.0,"damage_taken":23.0,"relics_obtained":["Golden Idol"]},{"cards_removed":["Strike_R"],"damage_healed":0.0,"max_hp_gain":0.0,"max_hp_loss":0.0,"gold_gain":0.0,"event_name":"Bonfire Elementals","player_choice":"Offered Basic","floor":20.0,"gold_loss":0.0,"damage_taken":0.0},{"damage_healed":0.0,"max_hp_gain":0.0,"max_hp_loss":0.0,"gold_gain":99.0,"event_name":"betterThird:BetterNest","player_choice":"Steal","floor":24.0,"gold_loss":0.0,"damage_taken":0.0},{"damage_healed":0.0,"max_hp_gain":0.0,"max_hp_loss":0.0,"gold_gain":0.0,"event_name":"Drug Dealer","player_choice":"Inject Mutagens","floor":25.0,"gold_loss":0.0,"damage_taken":0.0,"relics_obtained":["MutagenicStrength"]},{"damage_healed":0.0,"max_hp_gain":0.0,"max_hp_loss":0.0,"gold_gain":0.0,"event_name":"Ghosts","player_choice":"Ignored","floor":27.0,"gold_loss":0.0,"damage_taken":0.0},{"damage_healed":0.0,"max_hp_gain":0.0,"max_hp_loss":0.0,"gold_gain":0.0,"event_name":"Mysterious Sphere","player_choice":"Fight","floor":36.0,"gold_loss":0.0,"damage_taken":0.0},{"cards_removed":["conspire:Purge"],"damage_healed":0.0,"max_hp_gain":0.0,"max_hp_loss":0.0,"gold_gain":0.0,"event_name":"Purifier","player_choice":"Purged","floor":39.0,"gold_loss":0.0,"damage_taken":0.0},{"damage_healed":0,"gold_gain":0,"player_choice":"Max HP","damage_taken":0,"max_hp_gain":0,"max_hp_loss":5,"event_name":"Winding Halls","floor":46,"gold_loss":0}],"is_beta":false,"boss_relics":[{"not_picked":["Ectoplasm","hubris:RunicObelisk","hubris:BlackHole"]},{"not_picked":["Black Blood","hubris:ScarierMask"],"picked":"hubris:VirtuousBlindfold"}],"items_purged_floors":[11,30],"is_endless":false,"potions_floor_spawned":[6,10,13,14,16,22,23,28,33,37,38,40,45],"ascension_level":0}}