{"host":"4gpocmiyl6swb7z6","time":1609454014,"event":{"mods":["AchievementEnabler","BaseMod","Colored Map","Colored Powertips","Minty Spire (QoL Compilation)","Rare Cards Sparkle"],"gold_per_floor":[361,381,211,229,179,210,285,318,318,318,331,331,331,343,343,440,440,425,425,445,445,17,51,51,51,51,68,43,43,73,92,92,190,190,200,254,268,286,11,38,38,38,38,38,38,38,38,0,0,0],"floor_reached":51,"playtime":6620,"items_purged":["Strike_G","Defend_G"],"score":754,"play_id":"7d6d3fb4-ecac-477f-ae5e-28d81cc0e7ed","local_time":"20201231233334","is_ascension_mode":true,"campfire_choices":[{"floor":10,"key":"REST"},{"data":"Bouncing Flask","floor":12,"key":"SMITH"},{"data":"Burst","floor":15,"key":"SMITH"},{"floor":25,"key":"REST"},{"data":"Tools of the Trade","floor":32,"key":"SMITH"},{"floor":41,"key":"DIG"},{"floor":44,"key":"DIG"},{"floor":47,"key":"DIG"},{"floor":49,"key":"DIG"}],"circlet_count":0,"master_deck":["Strike_G+1","Defend_G+1","Defend_G+1","Defend_G+1","Defend_G+1","Survivor","Neutralize","Distraction","PiercingWail","Sucker Punch","Deadly Poison","Outmaneuver","Bouncing Flask+1","Burst+1","After Image","Bane+1","Necronomicurse","Well Laid Plans","Deadly Poison","Choke","Backflip+1","Regret","Poisoned Stab","PiercingWail","Tools of the Trade+1","Acrobatics+1","CurseOfTheBell","Heel Hook+1","Prepared+1","Noxious Fumes","Calculated Gamble","Discovery","Wraith Form v2","Regret","Madness","Madness"],"relics":["Ring of the Snake","Matryoshka","Paper Crane","Pear","Sundial","Cursed Key","Necronomicon","Vajra","Ornamental Fan","Toy Ornithopter","CaptainsWheel","Anchor","Calling Bell","PreservedInsect","Kunai","Torii","Shovel","Centennial Puzzle","Peace Pipe","HornCleat","Gambling Chip","Ninja Scroll","Red Mask","Happy Flower"],"acts_visited":["Exordium","TheCity","TheBeyond"],"potions_floor_usage":[8,16,23,23,23,30,36,50,50],"damage_taken":[{"damage":0,"enemies":"Cultist","floor":1,"turns":4},{"damage":0,"enemies":"Small Slimes","floor":2,"turns":4},{"damage":2,"enemies":"2 Louse","floor":4,"turns":3},{"damage":21,"enemies":"Lagavulin","floor":6,"turns":10},{"damage":26,"enemies":"3 Sentries","floor":8,"turns":8},{"damage":19,"enemies":"Large Slime","floor":11,"turns":8},{"damage":2,"enemies":"Blue Slaver","floor":14,"turns":5},{"damage":13,"enemies":"Hexaghost","floor":16,"turns":7},{"damage":7,"enemies":"2 Thieves","floor":18,"turns":4},{"damage":8,"enemies":"3 Byrds","floor":20,"turns":7},{"damage":16,"enemies":"Book of Stabbing","floor":23,"turns":7},{"damage":0,"enemies":"Snake Plant","floor":27,"turns":4},{"damage":2,"enemies":"Slavers","floor":30,"turns":6},{"damage":7,"enemies":"Cultist and Chosen","floor":31,"turns":6},{"damage":19,"enemies":"Champ","floor":33,"turns":12},{"damage":4,"enemies":"3 Darklings","floor":35,"turns":8},{"damage":24,"enemies":"2 Orb Walkers","floor":36,"turns":5},{"damage":2,"enemies":"Orb Walker","floor":37,"turns":4},{"damage":1,"enemies":"Transient","floor":38,"turns":5},{"damage":1,"enemies":"Giant Head","floor":40,"turns":7},{"damage":28,"enemies":"Time Eater","floor":50,"turns":13}],"seed_played":"-8702186136051971232","potions_obtained":[{"floor":1,"key":"Strength Potion"},{"floor":4,"key":"ColorlessPotion"},{"floor":6,"key":"Swift Potion"},{"floor":16,"key":"ColorlessPotion"},{"floor":20,"key":"SkillPotion"},{"floor":23,"key":"SneckoOil"},{"floor":35,"key":"Swift Potion"},{"floor":37,"key":"Swift Potion"}],"is_trial":false,"path_per_floor":["M","M","$","M","?","E","?","E","T","R","M","R","?","M","R","B",null,"M","?","M","?","$","E","?","R","T","M","$","?","E","M","R","B",null,"M","?","M","M","$","E","R","?","T","R","?","$","R","?","R","B",null],"character_chosen":"THE_SILENT","items_purchased":["Sucker Punch","Deadly Poison","Vajra","Well Laid Plans","Deadly Poison","Choke","Poisoned Stab","Noxious Fumes","Calculated Gamble","DuplicationPotion","Discovery"],"campfire_rested":2,"item_purchase_floors":[3,3,22,22,22,22,28,39,39,39,39],"current_hp_per_floor":[63,63,63,61,61,40,29,3,13,34,15,15,39,37,37,24,73,66,53,45,29,29,13,13,36,36,36,36,36,39,32,32,13,78,74,55,53,52,52,51,51,51,51,51,41,41,41,41,41,23],"gold":0,"neow_bonus":"TWO_FIFTY_GOLD","is_daily":false,"chose_seed":false,"campfire_upgraded":3,"win_rate":0.0,"timestamp":1609454014,"path_taken":["M","?","$","M","?","E","?","E","T","R","M","R","?","M","R","BOSS","M","?","M","?","$","E","?","R","T","M","$","?","E","M","R","BOSS","M","?","M","M","$","E","R","?","T","R","?","?","R","?","R","BOSS"],"items_purchased_type":["Card","Card","Relic","Card","Card","Card","Card","Card","Card","Potion","Card"],"build_version":"2020-12-22","purchased_purges":2,"victory":true,"max_hp_per_floor":[63,63,63,63,63,63,63,63,73,73,73,73,73,73,73,73,73,73,78,78,78,78,78,78,78,78,78,78,78,78,78,78,78,78,78,78,78,78,78,78,78,78,78,78,78,78,78,78,78,78],"card_choices":[{"not_picked":["All Out Attack","Skewer"],"picked":"Distraction","floor":1},{"not_picked":["Masterful Stab","Backflip"],"picked":"PiercingWail","floor":2},{"not_picked":["All Out Attack","Deadly Poison"],"picked":"Outmaneuver","floor":4},{"not_picked":["PiercingWail","Bane"],"picked":"Bouncing Flask","floor":6},{"not_picked":["Predator","Deadly Poison","Dagger Throw"],"picked":"SKIP","floor":8},{"not_picked":["Prepared","Deadly Poison","Sucker Punch"],"picked":"SKIP","floor":11},{"not_picked":["Caltrops","Bane"],"picked":"Burst","floor":14},{"not_picked":["A Thousand Cuts","Glass Knife"],"picked":"After Image","floor":16},{"not_picked":["Infinite Blades+1","Sucker Punch","Blade Dance"],"picked":"SKIP","floor":18},{"not_picked":["Blade Dance","PiercingWail"],"picked":"Bane+1","floor":20},{"not_picked":["Outmaneuver","Expertise"],"picked":"Backflip+1","floor":23},{"not_picked":["Outmaneuver","Deadly Poison+1","Prepared"],"picked":"SKIP","floor":27},{"not_picked":["Underhanded Strike","Quick Slash"],"picked":"Tools of the Trade","floor":30},{"not_picked":["Prepared","Slice+1"],"picked":"Acrobatics+1","floor":31},{"not_picked":["Outmaneuver+1","All Out Attack"],"picked":"Heel Hook+1","floor":35},{"not_picked":["Deflect","Finisher"],"picked":"Prepared+1","floor":36},{"not_picked":["PiercingWail","Blur","Dagger Throw+1"],"picked":"SKIP","floor":37},{"not_picked":["Dagger Throw","Poisoned Stab","Deflect+1"],"picked":"SKIP","floor":38},{"not_picked":["Sucker Punch","Skewer"],"picked":"Wraith Form v2","floor":40}],"player_experience":38290,"relics_obtained":[{"floor":6,"key":"Matryoshka"},{"floor":8,"key":"Paper Crane"},{"floor":9,"key":"Pear"},{"floor":9,"key":"Sundial"},{"floor":21,"key":"Necronomicon"},{"floor":23,"key":"Ornamental Fan"},{"floor":26,"key":"Toy Ornithopter"},{"floor":26,"key":"CaptainsWheel"},{"floor":30,"key":"Anchor"},{"floor":34,"key":"PreservedInsect"},{"floor":34,"key":"Kunai"},{"floor":34,"key":"Torii"},{"floor":36,"key":"Shovel"},{"floor":40,"key":"Centennial Puzzle"},{"floor":41,"key":"Peace Pipe"},{"floor":43,"key":"HornCleat"},{"floor":44,"key":"Gambling Chip"},{"floor":47,"key":"Ninja Scroll"},{"floor":49,"key":"Happy Flower"}],"event_choices":[{"cards_removed":["Strike_G"],"damage_healed":0,"gold_gain":0,"player_choice":"Card Removal","damage_taken":0,"max_hp_gain":0,"max_hp_loss":0,"event_name":"The Cleric","floor":5,"gold_loss":50},{"damage_healed":0,"gold_gain":75,"player_choice":"Gather Gold","damage_taken":11,"max_hp_gain":0,"max_hp_loss":0,"event_name":"World of Goop","floor":7,"gold_loss":0},{"damage_healed":24,"gold_gain":0,"player_choice":"Banana","damage_taken":0,"max_hp_gain":0,"max_hp_loss":0,"event_name":"Big Fish","floor":13,"gold_loss":0},{"damage_healed":0,"gold_gain":0,"player_choice":"Shed Blood","damage_taken":18,"max_hp_gain":5,"max_hp_loss":0,"event_name":"Forgotten Altar","floor":19,"gold_loss":0},{"damage_healed":0,"gold_gain":0,"player_choice":"Obtained Book","damage_taken":16,"max_hp_gain":0,"max_hp_loss":0,"event_name":"Cursed Tome","floor":21,"gold_loss":0},{"damage_healed":0,"gold_gain":0,"player_choice":"Simplicity","damage_taken":0,"max_hp_gain":0,"max_hp_loss":0,"event_name":"Back to Basics","floor":24,"gold_loss":0,"cards_upgraded":["Strike_G","Strike_G","Strike_G","Defend_G","Defend_G","Defend_G","Defend_G"]},{"damage_healed":0,"gold_gain":0,"cards_transformed":["Strike_G","Strike_G"],"player_choice":"Became Test Subject","damage_taken":0,"max_hp_gain":0,"max_hp_loss":0,"event_name":"Drug Dealer","floor":29,"gold_loss":0,"cards_obtained":["PiercingWail","Glass Knife"]},{"damage_healed":0,"gold_gain":0,"player_choice":"Fight","damage_taken":0,"max_hp_gain":0,"max_hp_loss":0,"event_name":"Mysterious Sphere","floor":36,"gold_loss":0},{"cards_removed":["Glass Knife"],"damage_healed":0,"gold_gain":0,"player_choice":"Removed Attack","damage_taken":0,"max_hp_gain":0,"max_hp_loss":0,"event_name":"Falling","floor":42,"gold_loss":0},{"damage_healed":0,"gold_gain":0,"player_choice":"Embrace Madness","damage_taken":10,"max_hp_gain":0,"max_hp_loss":0,"event_name":"Winding Halls","floor":45,"gold_loss":0,"cards_obtained":["Madness","Madness"]},{"damage_healed":0,"gold_gain":0,"player_choice":"Paid","damage_taken":0,"relics_obtained":["Red Mask"],"max_hp_gain":0,"max_hp_loss":0,"event_name":"Tomb of Lord Red Mask","floor":48,"gold_loss":38}],"is_beta":false,"boss_relics":[{"not_picked":["Black Star","Astrolabe"],"picked":"Cursed Key"},{"not_picked":["HoveringKite","Runic Pyramid"],"picked":"Calling Bell"}],"items_purged_floors":[3,22],"is_endless":false,"potions_floor_spawned":[1,4,6,16,20,23,35,37],"ascension_level":1}}