{"host":"ds28d883r3sz42zs","time":1609391677,"event":{"mods":["2.2 Compatiblity","AchievementEnabler","Act Like it!","Aspiration","BaseMod","Bestiary","Better Match","Better Sensory Stone","Better Third Choice","Better-Laid Plans","BetterRewards","Block Reminder","Challenge The Spire","Colored Map","Colored Powertips","Conspire","DeckTracker","Defuse TimeMaze Blight","Disable Question Mark Monsters","Displayed Cursed Tome","Emptier Cage","GifTheSpireLib","Gold Saver","Hallownest","Hubris","Infinite Spire","Jedi Mod","Minty Spire (QoL Compilation)","Permanent Neow","Practice Mode","Quick Restart","Random Character Button","Rare Cards Sparkle","Relic Filter","Relic Sorter","Relic Stats","Replay The Spire","SacredBarkPlus","Shop Mod","StSLib","Stuff the Spire","SuperFastMode","The Bug Knight","Uncapped","Unknown Chances"],"gold_per_floor":[118,118,118,135,149,149,149,149],"floor_reached":7,"playtime":137,"items_purged":[],"score":72,"play_id":"afca4e3a-1804-4f47-92db-6cebe757d127","local_time":"20201231001437","is_ascension_mode":true,"campfire_choices":[{"data":"Compile Driver","floor":6,"key":"SMITH"}],"circlet_count":0,"master_deck":["AscendersBane","Strike_B","Strike_B","Strike_B","Strike_B","Defend_B","Defend_B+1","Defend_B","Defend_B+1","Zap","Dualcast","Compile Driver+1","Conserve Battery"],"relics":["Cracked Core","aspiration:Nostalgia","Ring of the Snake","Replay:Ringing Soul"],"acts_visited":["Exordium"],"potions_floor_usage":[],"damage_taken":[{"damage":0,"enemies":"Small Slimes","floor":1,"turns":2},{"damage":4,"enemies":"Jaw Worm","floor":4,"turns":4},{"damage":0,"enemies":"Cultist","floor":5,"turns":3},{"damage":53,"enemies":"Gremlin Nob","floor":7,"turns":4}],"seed_played":"-6989669294722241906","potions_obtained":[],"is_trial":false,"path_per_floor":["M","?","?","M","M","R","E"],"character_chosen":"DEFECT","items_purchased":[],"campfire_rested":0,"item_purchase_floors":[],"current_hp_per_floor":[64,43,43,42,45,45,0,0],"gold":149,"neow_bonus":"NOSTALGIA","is_daily":false,"chose_seed":false,"campfire_upgraded":1,"win_rate":0.0,"timestamp":1609391677,"path_taken":["M","?","?","M","?","R","E"],"items_purchased_type":[],"build_version":"2020-12-22","purchased_purges":0,"victory":false,"max_hp_per_floor":[71,71,71,74,77,77,77,77],"relic_stats":{"counters":[4,13],"obtain_stats":[{"Replay:Ringing Soul":3,"aspiration:Nostalgia":0,"Cracked Core":0,"Ring of the Snake":0},{"Replay:Ringing Soul":1,"aspiration:Nostalgia":0,"Cracked Core":0,"Ring of the Snake":0},{"Replay:Ringing Soul":2,"aspiration:Nostalgia":0,"Cracked Core":0,"Ring of the Snake":0}],"Ring of the Snake":[8]},"card_choices":[{"not_picked":["Storm","Coolheaded"],"picked":"Beam Cell","floor":1},{"not_picked":["Time Bomb","Consume"],"picked":"Compile Driver","floor":4},{"not_picked":["StuffTheSpire:LoadUp","Cold Snap"],"picked":"Conserve Battery","floor":5}],"player_experience":756214,"relics_obtained":[],"event_choices":[{"damage_healed":64,"gold_gain":0,"player_choice":"Upgrade","damage_taken":21,"max_hp_gain":0,"max_hp_loss":71,"event_name":"betterThird:BetterShining","floor":2,"gold_loss":0,"cards_upgraded":["Defend_B","Defend_B"]},{"cards_removed":["Beam Cell"],"damage_healed":0,"gold_gain":0,"player_choice":"Gave Card","damage_taken":0,"relics_obtained":["Replay:Ringing Soul"],"max_hp_gain":0,"max_hp_loss":0,"event_name":"WeMeetAgain","floor":3,"gold_loss":0}],"is_beta":false,"boss_relics":[],"items_purged_floors":[],"is_endless":false,"potions_floor_spawned":[],"killed_by":"Gremlin Nob","ascension_level":15}}