{"host":"etr9f2q07ig588e0","time":1609433588,"event":{"mods":["BaseMod","Downfall","Googly Eyes","Hubris","Minty Spire (QoL Compilation)","Replay The Spire","StSLib","SuperFastMode"],"gold_per_floor":[117,129,404,101,128,158,158,186,186,220,240,253,253,267,267,367,367,380,380,195,155,172,172,198,216,216,216,236,254,254,44,44,149,149,162,35,48,48,63,63,74,74,100,114,125,156,156,0,0,0],"floor_reached":51,"playtime":12405,"items_purged":["Regret"],"score":925,"play_id":"fe119c14-fdb2-43d6-bff8-2653c5d06be8","local_time":"20201231195308","is_ascension_mode":true,"campfire_choices":[{"data":"Perfected Strike","floor":7,"key":"SMITH"},{"floor":13,"key":"REST"},{"data":"Flame Barrier","floor":15,"key":"SMITH"},{"data":"Rampage","floor":23,"key":"SMITH"},{"floor":27,"key":"REST"},{"data":"Shrug It Off","floor":32,"key":"SMITH"},{"floor":40,"key":"REST"},{"data":"Shrug It Off","floor":42,"key":"SMITH"},{"floor":47,"key":"REST"},{"floor":49,"key":"REST"}],"circlet_count":0,"master_deck":["Strike_R+1","Strike_R+1","Strike_R+1","Defend_R+1","Defend_R+1","Defend_R+1","Bash","Overencumbered","Perfected Strike+1","Spot Weakness","Shrug It Off+1","ReplayTheSpireMod:Strike From Hell+1","Defy Death","Hemokinesis","Flame Barrier+1","Iron Wave","Clothesline","Twin Strike","Demonic Infusion","Pummel+1","Blood for Blood+1","Cleave","Rampage+1","Rampage+1","Shrug It Off+1","Rupture","Anger","Flex+1","Pummel","ReplayReversal","Body Slam+1","Shrug It Off","Impervious","Clash+1","Pummel+1","Inflame","Cleave+1","ReplayTheSpireMod:Stacked","Whirlwind+1","Shrug It Off+1","Thunderclap+1","Pommel Strike+1","Spot Weakness"],"relics":["Burning Blood","PreservedInsect","Regal Pillow","Replay:Ringing Soul","Replay:Mystery Machine","Omamori","Gambling Chip","Astrolabe","hubris:ToyBattleship","Bird Faced Urn","Lee\u0027s Waffle","Sozu","hubris:ChampionShield","Oddly Smooth Stone","Red Mask"],"acts_visited":["Exordium","TheCity","TheBeyond"],"potions_floor_usage":[6,16,24,25,25,29],"damage_taken":[{"damage":16,"enemies":"Jaw Worm","floor":1,"turns":4},{"damage":6,"enemies":"Cultist","floor":2,"turns":3},{"damage":17,"enemies":"Lagavulin","floor":6,"turns":6},{"damage":15,"enemies":"3 Sentries","floor":8,"turns":5},{"damage":29,"enemies":"Lagavulin","floor":10,"turns":4},{"damage":0,"enemies":"Small Slimes","floor":11,"turns":2},{"damage":12,"enemies":"Looter","floor":12,"turns":3},{"damage":9,"enemies":"Lots of Slimes","floor":14,"turns":5},{"damage":80,"enemies":"Slime Boss","floor":16,"turns":13},{"damage":46,"enemies":"2 Thieves","floor":18,"turns":4},{"damage":11,"enemies":"Chosen","floor":22,"turns":5},{"damage":48,"enemies":"Book of Stabbing","floor":24,"turns":6},{"damage":36,"enemies":"Snake Plant","floor":25,"turns":5},{"damage":38,"enemies":"3 Cultists","floor":28,"turns":5},{"damage":19,"enemies":"Centurion and Healer","floor":29,"turns":5},{"damage":103,"enemies":"hubris:MusketHawk","floor":33,"turns":13},{"damage":63,"enemies":"3 Darklings","floor":35,"turns":7},{"damage":3,"enemies":"Orb Walker","floor":37,"turns":2},{"damage":48,"enemies":"3 Darklings","floor":39,"turns":4},{"damage":7,"enemies":"Writhing Mass","floor":41,"turns":7},{"damage":31,"enemies":"Spire Growth","floor":44,"turns":4},{"damage":17,"enemies":"Jaw Worm Horde","floor":45,"turns":3},{"damage":63,"enemies":"Nemesis","floor":46,"turns":5},{"damage":142,"enemies":"hubris:GrandSnecko","floor":50,"turns":24}],"seed_played":"3459160759654064189","potions_obtained":[{"floor":1,"key":"DistilledChaos"},{"floor":2,"key":"Energy Potion"},{"floor":6,"key":"sneckomod:MuddlingPotion"},{"floor":8,"key":"Regen Potion"},{"floor":24,"key":"SkillPotion"},{"floor":25,"key":"HeartOfIron"},{"floor":29,"key":"Elixir"}],"is_trial":false,"path_per_floor":["M","M","?","$","T","E","R","E","T","E","M","M","R","M","R","B",null,"M","?","$","?","M","R","E","M","T","R","M","M","?","$","R","B",null,"M","$","M","?","M","R","M","R","T","M","M","E","R","?","R","B",null],"character_chosen":"IRONCLAD","items_purchased":["Shrug It Off","PreservedInsect","ReplayTheSpireMod:Strike From Hell+1","Rampage","Shrug It Off","Rupture","Lee\u0027s Waffle","Shrug It Off","Pummel+1","Inflame"],"campfire_rested":5,"item_purchase_floors":[4,4,4,20,20,20,31,31,36,36],"current_hp_per_floor":[86,86,86,86,86,78,78,72,72,52,61,58,106,106,106,35,120,83,83,86,86,84,84,45,30,30,85,56,46,46,151,151,57,154,100,103,109,112,73,138,142,142,142,120,112,58,127,127,181,49],"gold":0,"neow_bonus":"TWENTY_PERCENT_HP_BONUS","is_daily":false,"chose_seed":false,"campfire_upgraded":5,"win_rate":0.0,"timestamp":1609433588,"path_taken":["M","M","?","$","?","E","R","E","T","E","M","?","R","M","R","BOSS","M","?","$","?","M","R","E","M","T","R","M","?","?","$","R","BOSS","M","$","?","?","?","R","M","R","T","M","M","E","R","?","R","BOSS"],"items_purchased_type":["Card","Relic","Card","Card","Card","Card","Relic","Card","Card","Card"],"build_version":"2020-12-22","purchased_purges":1,"victory":true,"max_hp_per_floor":[96,96,96,96,96,99,99,102,102,105,108,111,111,114,114,117,120,123,123,126,126,129,129,132,135,135,135,138,141,141,151,151,154,154,157,160,163,166,169,169,172,172,172,175,178,181,181,181,181,181],"card_choices":[{"not_picked":["Fire Breathing","Rupture"],"picked":"Perfected Strike","floor":1},{"not_picked":["Iron Wave","Intimidate"],"picked":"Spot Weakness","floor":2},{"not_picked":["Fire Breathing","Feel No Pain"],"picked":"Defy Death","floor":6},{"not_picked":["Twin Strike","Sentinel"],"picked":"Hemokinesis","floor":8},{"not_picked":["Power Through","Heavy Blade"],"picked":"Flame Barrier","floor":10},{"not_picked":["Bloodletting","Dropkick"],"picked":"Iron Wave","floor":11},{"not_picked":["Headbutt","Anger"],"picked":"Clothesline","floor":12},{"not_picked":["Run Through","Headbutt"],"picked":"Twin Strike","floor":14},{"not_picked":["Brutality","Barricade"],"picked":"Demonic Infusion","floor":16},{"not_picked":["Carnage","Heavy Blade"],"picked":"Cleave","floor":18},{"not_picked":["Wild Strike+1","Sever Soul"],"picked":"Anger","floor":22},{"not_picked":["Twin Strike+1","Armaments+1"],"picked":"Flex+1","floor":24},{"not_picked":["Fire Breathing","Run Through"],"picked":"Pummel","floor":25},{"not_picked":["Shockwave","Run Through"],"picked":"ReplayReversal","floor":28},{"not_picked":["Feel No Pain+1","Armaments"],"picked":"Body Slam+1","floor":29},{"not_picked":["Corruption","hubris:StunningStrike"],"picked":"Impervious","floor":33},{"not_picked":["Wild Strike","Twin Strike+1"],"picked":"Clash+1","floor":35},{"not_picked":["Pummel","Body Slam+1"],"picked":"Cleave+1","floor":37},{"not_picked":["Replay:Undeath\u0027s Touch","Clothesline"],"picked":"Whirlwind+1","floor":39},{"not_picked":["Iron Wave+1","Inflame"],"picked":"Shrug It Off+1","floor":41},{"not_picked":["Immolate","Perfected Strike+1"],"picked":"Thunderclap+1","floor":44},{"not_picked":["Abandon+1","True Grit"],"picked":"Pommel Strike+1","floor":45},{"not_picked":["Abandon+1","Intimidate+1"],"picked":"Spot Weakness","floor":46}],"player_experience":427249,"relics_obtained":[{"floor":5,"key":"Regal Pillow"},{"floor":6,"key":"Replay:Ringing Soul"},{"floor":8,"key":"Replay:Mystery Machine"},{"floor":9,"key":"Omamori"},{"floor":10,"key":"Gambling Chip"},{"floor":24,"key":"hubris:ToyBattleship"},{"floor":26,"key":"Bird Faced Urn"},{"floor":43,"key":"hubris:ChampionShield"},{"floor":46,"key":"Oddly Smooth Stone"}],"event_choices":[{"damage_healed":0,"gold_gain":275,"player_choice":"Desecrate","damage_taken":0,"max_hp_gain":0,"max_hp_loss":0,"event_name":"Golden Shrine","floor":3,"gold_loss":0,"cards_obtained":["Regret"]},{"damage_healed":0,"gold_gain":0,"player_choice":"Simplicity","damage_taken":0,"max_hp_gain":0,"max_hp_loss":0,"event_name":"Back to Basics","floor":19,"gold_loss":0,"cards_upgraded":["Strike_R","Strike_R","Strike_R","Defend_R","Defend_R","Defend_R"]},{"damage_healed":0,"gold_gain":0,"player_choice":"Upgrade","damage_taken":0,"max_hp_gain":0,"max_hp_loss":0,"event_name":"Designer","floor":21,"gold_loss":40,"cards_upgraded":["Rampage"]},{"damage_healed":0,"gold_gain":0,"player_choice":"Leave","damage_taken":0,"max_hp_gain":0,"max_hp_loss":0,"event_name":"FaceTrader","floor":30,"gold_loss":0},{"damage_healed":0,"gold_gain":0,"cards_transformed":["Eclipse"],"player_choice":"Transformed","damage_taken":0,"max_hp_gain":0,"max_hp_loss":0,"event_name":"Transmorgrifier","floor":38,"gold_loss":0,"cards_obtained":["ReplayTheSpireMod:Stacked"]},{"damage_healed":0,"gold_gain":0,"player_choice":"Paid","damage_taken":0,"relics_obtained":["Red Mask"],"max_hp_gain":0,"max_hp_loss":0,"event_name":"Tomb of Lord Red Mask","floor":48,"gold_loss":156}],"is_beta":false,"boss_relics":[{"not_picked":["Pandora\u0027s Box","Replay:Wanted Poster"],"picked":"Astrolabe"},{"not_picked":["hubris:VirtuousBlindfold","ChewingGum"],"picked":"Sozu"}],"items_purged_floors":[4],"is_endless":false,"potions_floor_spawned":[1,2,6,8,12,24,25,29,37,39,44,46],"ascension_level":4}}