{"host":"08sn1703g14rasc1","time":1609379704,"event":{"mods":["AchievementEnabler","BaseMod","Colored Map","Colored Powertips","Hermit","Minty Spire (QoL Compilation)","StSLib"],"gold_per_floor":[112,130,147,161,161,161,126,126,126,126,11,11,23,36,36,132,132,152,152,251,176,176,176],"floor_reached":22,"playtime":1183,"items_purged":[],"score":235,"play_id":"78dc9b9f-3dac-439e-8671-facc5768ad2c","local_time":"20201230175504","is_ascension_mode":true,"campfire_choices":[{"data":"hermit:Virtue","floor":6.0,"key":"SMITH"},{"data":"Panacea","floor":8.0,"key":"SMITH"},{"floor":15.0,"key":"REST"}],"circlet_count":0,"master_deck":["hermit:Strike_Hermit","hermit:Strike_Hermit","hermit:Defend_Hermit","hermit:Snapshot","hermit:Covet","Panacea+1","hermit:WideOpen","hermit:Determination","hermit:Misfire","hermit:Glare","hermit:Virtue+1","hermit:Maintenance","hermit:Grudge","hermit:TakeCover","hermit:HighCaliber","hermit:HeroicBravado"],"relics":["hermit:Momento","Singing Bowl","Unceasing Top","Empty Cage"],"acts_visited":["Exordium","TheCity"],"potions_floor_usage":[22],"damage_taken":[{"damage":1.0,"enemies":"Cultist","floor":1.0,"turns":4.0},{"damage":2.0,"enemies":"Small Slimes","floor":2.0,"turns":4.0},{"damage":1.0,"enemies":"2 Louse","floor":3.0,"turns":2.0},{"damage":5.0,"enemies":"2 Fungi Beasts","floor":4.0,"turns":3.0},{"damage":10.0,"enemies":"Large Slime","floor":13.0,"turns":4.0},{"damage":20.0,"enemies":"Red Slaver","floor":14.0,"turns":3.0},{"damage":42.0,"enemies":"Hexaghost","floor":16.0,"turns":14.0},{"damage":31,"enemies":"3 Byrds","floor":18,"turns":7},{"damage":36,"enemies":"Shell Parasite","floor":22,"turns":6}],"seed_played":"-1209236849317418713","potions_obtained":[{"floor":1.0,"key":"BlessingOfTheForge"},{"floor":2.0,"key":"Fruit Juice"},{"floor":16.0,"key":"BlessingOfTheForge"}],"is_trial":false,"path_per_floor":["M","M","M","M","?","R","?","R","T","?","$","?","M","M","R","B",null,"M","?","?","?","M"],"character_chosen":"HERMIT","items_purchased":["hermit:Maintenance","hermit:Grudge"],"campfire_rested":1,"item_purchase_floors":[11,11],"current_hp_per_floor":[67,65,64,59,59,59,75,75,75,57,57,57,47,29,52,10,60,31,31,31,31,0,0],"gold":176,"neow_bonus":"RANDOM_COLORLESS","is_daily":false,"chose_seed":false,"campfire_upgraded":2,"win_rate":0.0,"timestamp":1609379704,"path_taken":["M","M","?","M","?","R","?","R","T","?","$","?","M","?","R","BOSS","M","?","?","?","?"],"items_purchased_type":["Card","Card"],"build_version":"2020-12-22","purchased_purges":0,"victory":false,"max_hp_per_floor":[75,75,75,75,75,75,75,75,75,75,75,75,75,77,77,77,77,79,79,79,79,84,84],"card_choices":[{"not_picked":["Mind Blast","Finesse"],"picked":"Panacea","floor":0.0},{"not_picked":["hermit:FullyLoaded","hermit:Vantage"],"picked":"hermit:WideOpen","floor":1.0},{"not_picked":["hermit:ItchyTrigger","hermit:DeadMansHand"],"picked":"hermit:Determination","floor":2.0},{"not_picked":["hermit:ItchyTrigger","hermit:Vantage"],"picked":"hermit:Misfire","floor":3.0},{"not_picked":["hermit:LuckOfTheDraw","hermit:Headshot"],"picked":"hermit:Glare","floor":4.0},{"not_picked":["hermit:Deadeye","hermit:WideOpen"],"picked":"hermit:HighCaliber","floor":13.0},{"not_picked":["hermit:Midnight","hermit:Deadeye","hermit:Horror"],"picked":"Singing Bowl","floor":14.0},{"not_picked":["hermit:Gambit","hermit:FinalCanter"],"picked":"hermit:HeroicBravado","floor":16.0},{"not_picked":["hermit:Grudge+1","hermit:ItchyTrigger","hermit:Gestalt"],"picked":"Singing Bowl","floor":18}],"player_experience":451174,"relics_obtained":[{"floor":9.0,"key":"Singing Bowl"}],"event_choices":[{"damage_healed":0.0,"max_hp_gain":0.0,"max_hp_loss":0.0,"gold_gain":0.0,"cards_transformed":["hermit:Strike_Hermit"],"event_name":"Living Wall","player_choice":"Change","floor":5.0,"gold_loss":0.0,"damage_taken":0.0,"cards_obtained":["hermit:Virtue"]},{"damage_healed":18.0,"max_hp_gain":0.0,"max_hp_loss":0.0,"gold_gain":0.0,"event_name":"The Cleric","player_choice":"Healed","floor":7.0,"gold_loss":35.0,"damage_taken":0.0},{"damage_healed":0.0,"max_hp_gain":0.0,"max_hp_loss":0.0,"gold_gain":0.0,"event_name":"Scrap Ooze","player_choice":"Success","floor":10.0,"gold_loss":0.0,"damage_taken":18.0,"relics_obtained":["Unceasing Top"]},{"damage_healed":0.0,"max_hp_gain":0.0,"max_hp_loss":0.0,"gold_gain":0.0,"cards_transformed":["hermit:Defend_Hermit"],"event_name":"Transmorgrifier","player_choice":"Transformed","floor":12.0,"gold_loss":0.0,"damage_taken":0.0,"cards_obtained":["hermit:TakeCover"]},{"damage_healed":0,"gold_gain":0,"player_choice":"Ignored","damage_taken":0,"max_hp_gain":0,"max_hp_loss":0,"event_name":"Vampires","floor":19,"gold_loss":0},{"damage_healed":0,"gold_gain":99,"player_choice":"Stole From Cult","damage_taken":0,"max_hp_gain":0,"max_hp_loss":0,"event_name":"Nest","floor":20,"gold_loss":0},{"cards_removed":["hermit:Strike_Hermit"],"damage_healed":0,"gold_gain":0,"player_choice":"Gave Gold","damage_taken":0,"max_hp_gain":0,"max_hp_loss":0,"event_name":"Beggar","floor":21,"gold_loss":75}],"is_beta":false,"boss_relics":[{"not_picked":["Runic Pyramid","Coffee Dripper"],"picked":"Empty Cage"}],"items_purged_floors":[],"is_endless":false,"potions_floor_spawned":[1,2,16,18],"killed_by":"Shell Parasite","ascension_level":7}}