{"host":"71akxjf7cjo3bhmj","time":1609380049,"event":{"mods":["AchievementEnabler","BaseMod","Colored Powertips","Minty Spire (QoL Compilation)"],"gold_per_floor":[113,113,130,146,158,158,173,173,173,198,198,229,7,24,24,24,24],"floor_reached":16,"playtime":872,"items_purged":["Defend_R"],"score":112,"play_id":"c44d19ff-141f-4326-925f-241b859e9767","local_time":"20201231030049","is_ascension_mode":false,"campfire_choices":[{"data":"Spot Weakness","floor":6,"key":"SMITH"},{"data":"Rage","floor":8,"key":"SMITH"},{"floor":15,"key":"REST"}],"circlet_count":0,"master_deck":["Strike_R","Strike_R+1","Strike_R","Strike_R","Defend_R","Defend_R","Defend_R+1","Spot Weakness+1","Rage+1","Metallicize"],"relics":["Burning Blood","Toxic Egg 2","Kunai","Blue Candle","Medical Kit"],"acts_visited":["Exordium"],"potions_floor_usage":[7,10,10,16],"damage_taken":[{"damage":2,"enemies":"Small Slimes","floor":1,"turns":5},{"damage":5,"enemies":"2 Louse","floor":3,"turns":2},{"damage":1,"enemies":"Jaw Worm","floor":4,"turns":5},{"damage":19,"enemies":"Exordium Wildlife","floor":5,"turns":8},{"damage":6,"enemies":"3 Louse","floor":7,"turns":2},{"damage":26,"enemies":"Gremlin Nob","floor":10,"turns":4},{"damage":16,"enemies":"Lagavulin","floor":12,"turns":8},{"damage":0,"enemies":"2 Fungi Beasts","floor":14,"turns":4},{"damage":64,"enemies":"Slime Boss","floor":16,"turns":11}],"seed_played":"3797612034312763809","potions_obtained":[{"floor":4,"key":"DuplicationPotion"},{"floor":5,"key":"Weak Potion"},{"floor":7,"key":"Regen Potion"},{"floor":12,"key":"Block Potion"}],"is_trial":false,"path_per_floor":["M","?","M","M","M","R","M","R","T","E","?","E","$","M","R","B"],"character_chosen":"IRONCLAD","items_purchased":["Medical Kit"],"campfire_rested":1,"item_purchase_floors":[13],"current_hp_per_floor":[80,80,80,80,67,67,67,67,67,59,43,33,33,39,63,0,0],"gold":24,"neow_bonus":"REMOVE_CARD","is_daily":false,"chose_seed":false,"campfire_upgraded":2,"win_rate":0.0,"timestamp":1609380049,"path_taken":["M","?","M","M","M","R","M","R","T","E","?","E","$","M","R","BOSS"],"items_purchased_type":["Relic"],"build_version":"2020-12-22","purchased_purges":1,"victory":false,"max_hp_per_floor":[80,80,80,80,80,80,80,80,80,80,80,80,80,80,80,80,80],"card_choices":[{"not_picked":["Clash","Reckless Charge","Pommel Strike"],"picked":"SKIP","floor":1},{"not_picked":["Perfected Strike","Twin Strike","Feel No Pain"],"picked":"SKIP","floor":3},{"not_picked":["Dropkick","True Grit","Sentinel"],"picked":"SKIP","floor":4},{"not_picked":["Dark Embrace","Wild Strike"],"picked":"Spot Weakness","floor":5},{"not_picked":["Flex","Anger"],"picked":"Rage","floor":7},{"not_picked":["Warcry+1","Carnage","Thunderclap"],"picked":"SKIP","floor":10},{"not_picked":["Fiend Fire","Blood for Blood","Pommel Strike"],"picked":"SKIP","floor":12},{"not_picked":["Searing Blow","Havoc+1"],"picked":"Metallicize","floor":14}],"player_experience":120775,"relics_obtained":[{"floor":9,"key":"Toxic Egg 2"},{"floor":10,"key":"Kunai"},{"floor":12,"key":"Blue Candle"}],"event_choices":[{"cards_removed":["Bash"],"damage_healed":0,"gold_gain":0,"player_choice":"Forget","damage_taken":0,"max_hp_gain":0,"max_hp_loss":0,"event_name":"Living Wall","floor":2,"gold_loss":0},{"damage_healed":0,"gold_gain":0,"player_choice":"Entered Light","damage_taken":16,"max_hp_gain":0,"max_hp_loss":0,"event_name":"Shining Light","floor":11,"gold_loss":0,"cards_upgraded":["Defend_R","Strike_R"]}],"is_beta":false,"boss_relics":[],"items_purged_floors":[13],"is_endless":false,"potions_floor_spawned":[4,5,7,12],"killed_by":"Slime Boss","ascension_level":0}}