{"host":"37dk0reb6x0du8wx","time":1609406846,"event":{"mods":["BaseMod","Colored Map","DeckTracker","Minty Spire (QoL Compilation)","Quick Restart","StSLib","SuperFastMode","The Dragon Tamer"],"gold_per_floor":[211,286,286,306,321,321,335,335,406,406,469,501,525,542,542,637,637,655,669,669,289,309,309,309,309,309,23,23,23,23,23],"floor_reached":30,"playtime":1906,"items_purged":["Strike_B","Strike_B"],"score":237,"play_id":"46461c15-4085-45e9-8114-49bcef899e82","local_time":"20201231182726","is_ascension_mode":true,"campfire_choices":[{"data":"Zap","floor":6,"key":"SMITH"},{"data":"Leap","floor":8,"key":"SMITH"},{"data":"Leap","floor":10,"key":"SMITH"},{"floor":15,"key":"REST"},{"floor":23,"key":"REST"},{"data":"Ball Lightning","floor":25,"key":"SMITH"},{"data":"Conserve Battery","floor":29,"key":"SMITH"}],"circlet_count":0,"master_deck":["Strike_B","Defend_B","Defend_B","Defend_B","Defend_B","Zap+1","Dualcast","Reinforced Body","Leap+1","Leap+1","Self Repair","Self Repair","Redo+1","Ball Lightning+1","Conserve Battery+1","Bandage Up","Rebound"],"relics":["Cracked Core","Pantograph","Anchor","Du-Vu Doll","Odd Mushroom","Inserter","Nilry\u0027s Codex","Membership Card","Vajra","Mercury Hourglass","Frozen Egg 2","Pear","Bag of Marbles"],"acts_visited":["Exordium","TheCity"],"potions_floor_usage":[16,30,30,30],"damage_taken":[{"damage":6,"enemies":"Jaw Worm","floor":1,"turns":3},{"damage":2,"enemies":"Small Slimes","floor":4,"turns":3},{"damage":0,"enemies":"Cultist","floor":5,"turns":4},{"damage":2,"enemies":"Blue Slaver","floor":7,"turns":4},{"damage":12,"enemies":"Lagavulin Event","floor":11,"turns":10},{"damage":9,"enemies":"3 Sentries","floor":12,"turns":10},{"damage":25,"enemies":"The Mushroom Lair","floor":13,"turns":6},{"damage":3,"enemies":"Large Slime","floor":14,"turns":8},{"damage":96,"enemies":"The Guardian","floor":16,"turns":18},{"damage":39,"enemies":"Spheric Guardian","floor":18,"turns":10},{"damage":8,"enemies":"3 Byrds","floor":19,"turns":8},{"damage":21,"enemies":"Centurion and Healer","floor":22,"turns":11},{"damage":78,"enemies":"Gremlin Leader","floor":30,"turns":7}],"seed_played":"-250433861837818790","potions_obtained":[{"floor":1,"key":"FairyPotion"},{"floor":11,"key":"Dexterity Potion"},{"floor":16,"key":"SteroidPotion"},{"floor":18,"key":"FearPotion"},{"floor":22,"key":"ColorlessPotion"}],"is_trial":false,"path_per_floor":["M","?","?","M","M","R","M","R","T","R","?","E","?","M","R","B",null,"M","M","?","$","M","R","?","R","T","$","?","R","E"],"character_chosen":"DEFECT","items_purchased":["Membership Card","Vajra","Mercury Hourglass","Conserve Battery","Pear","Bag of Marbles"],"campfire_rested":2,"item_purchase_floors":[21,21,21,27,27,27],"current_hp_per_floor":[69,58,58,56,56,56,54,54,54,54,42,40,22,33,55,9,75,50,56,40,40,33,55,55,55,55,65,65,65,0,0],"gold":23,"neow_bonus":"HUNDRED_GOLD","is_daily":false,"chose_seed":false,"campfire_upgraded":5,"win_rate":0.0,"timestamp":1609406846,"path_taken":["M","?","?","M","?","R","?","R","T","R","?","E","?","M","R","BOSS","M","M","?","$","M","R","?","R","T","$","?","R","E"],"items_purchased_type":["Relic","Relic","Relic","Card","Relic","Relic"],"build_version":"2020-12-22","purchased_purges":2,"victory":false,"max_hp_per_floor":[75,75,75,75,75,75,75,75,75,75,75,75,75,75,75,75,75,75,75,75,75,75,75,75,75,75,85,85,85,85,85],"card_choices":[{"not_picked":["Compile Driver","Leap"],"picked":"Reinforced Body","floor":1},{"not_picked":["Rip and Tear","Turbo","Rebound"],"picked":"SKIP","floor":4},{"not_picked":["Sweeping Beam","Barrage"],"picked":"Leap","floor":5},{"not_picked":["Barrage","Compile Driver"],"picked":"Leap","floor":7},{"not_picked":["Go for the Eyes","Ball Lightning"],"picked":"Self Repair","floor":11},{"not_picked":["Skim","Buffer","Sweeping Beam"],"picked":"SKIP","floor":12},{"not_picked":["Redo","Skim"],"picked":"Self Repair","floor":13},{"not_picked":["Gash","Stack","Beam Cell"],"picked":"SKIP","floor":14},{"not_picked":["Stack","Compile Driver+1","Sweeping Beam"],"picked":"SKIP","floor":18},{"not_picked":["Self Repair","Streamline"],"picked":"Redo+1","floor":19},{"not_picked":["Creative AI","Darkness","Leap"],"picked":"SKIP","floor":22}],"player_experience":96862,"relics_obtained":[{"floor":9,"key":"Pantograph"},{"floor":11,"key":"Anchor"},{"floor":12,"key":"Du-Vu Doll"},{"floor":13,"key":"Odd Mushroom"},{"floor":20,"key":"Nilry\u0027s Codex"},{"floor":26,"key":"Frozen Egg 2"}],"event_choices":[{"damage_healed":0,"gold_gain":75,"player_choice":"Gather Gold","damage_taken":11,"max_hp_gain":0,"max_hp_loss":0,"event_name":"World of Goop","floor":2,"gold_loss":0},{"cards_removed":["Strike_B"],"damage_healed":0,"gold_gain":0,"player_choice":"Forget","damage_taken":0,"max_hp_gain":0,"max_hp_loss":0,"event_name":"Living Wall","floor":3,"gold_loss":0},{"damage_healed":0,"gold_gain":0,"player_choice":"Searched \u00271\u0027 times","damage_taken":0,"max_hp_gain":0,"max_hp_loss":0,"event_name":"Dead Adventurer","floor":11,"gold_loss":0},{"damage_healed":0,"gold_gain":0,"player_choice":"Fought Mushrooms","damage_taken":0,"max_hp_gain":0,"max_hp_loss":0,"event_name":"Mushrooms","floor":13,"gold_loss":0},{"damage_healed":0,"gold_gain":0,"player_choice":"Obtained Book","damage_taken":16,"max_hp_gain":0,"max_hp_loss":0,"event_name":"Cursed Tome","floor":20,"gold_loss":0},{"damage_healed":0,"gold_gain":0,"player_choice":"Read","damage_taken":0,"max_hp_gain":0,"max_hp_loss":0,"event_name":"The Library","floor":24,"gold_loss":0,"cards_obtained":["Ball Lightning"]},{"damage_healed":0,"gold_gain":0,"player_choice":"2 cards matched","damage_taken":0,"max_hp_gain":0,"max_hp_loss":0,"event_name":"Match and Keep!","floor":28,"gold_loss":0,"cards_obtained":["Bandage Up","Rebound"]}],"is_beta":false,"boss_relics":[{"not_picked":["Sozu","SacredBark"],"picked":"Inserter"}],"items_purged_floors":[21,27],"is_endless":false,"potions_floor_spawned":[1,11,16,18,22],"killed_by":"Gremlin Leader","ascension_level":1}}