{"host":"qxeepl7ydvsgmfdb","time":1609429081,"event":{"mods":["AchievementEnabler","BaseMod","Colored Powertips","Minty Spire (QoL Compilation)","Quick Restart","slay the spire mod where everything is the same but ironclad has a cowboy hat"],"gold_per_floor":[112,112,112,112,33,33,60,72,72,86,36,49,49,60,60,161,161,179,179,80,5,81,81,92,102,129,60,60,60],"floor_reached":28,"playtime":1456,"items_purged":["Shame"],"score":313,"play_id":"ce93c32e-68bb-463d-b7bc-6fd7bdb656f1","local_time":"20201231103801","is_ascension_mode":true,"campfire_choices":[{"data":"Noxious Fumes","floor":6,"key":"SMITH"},{"data":"PiercingWail","floor":13,"key":"SMITH"},{"floor":15,"key":"REST"},{"floor":23,"key":"REST"}],"circlet_count":0,"master_deck":["Strike_G","Strike_G","Strike_G","Defend_G","Defend_G","Defend_G","Defend_G","Defend_G","Survivor","Neutralize","Backflip+1","Noxious Fumes+1","Quick Slash","Prepared","PiercingWail+1","Deadly Poison","Envenom","PiercingWail","Deadly Poison","Poisoned Stab","All Out Attack"],"relics":["Ring of the Snake","NeowsBlessing","Ice Cream","WingedGreaves","Pear","Bottled Flame","WristBlade","InkBottle","Sundial","Bronze Scales"],"acts_visited":["Exordium","TheCity"],"potions_floor_usage":[16,25],"damage_taken":[{"damage":0,"enemies":"Cultist","floor":1,"turns":1},{"damage":0,"enemies":"Lagavulin","floor":7,"turns":1},{"damage":0,"enemies":"Jaw Worm","floor":8,"turns":1},{"damage":0,"enemies":"Small Slimes","floor":10,"turns":3},{"damage":0,"enemies":"Blue Slaver","floor":12,"turns":4},{"damage":19,"enemies":"3 Louse","floor":14,"turns":3},{"damage":67,"enemies":"Slime Boss","floor":16,"turns":13},{"damage":21,"enemies":"Chosen","floor":18,"turns":6},{"damage":7,"enemies":"Spheric Guardian","floor":24,"turns":4},{"damage":42,"enemies":"3 Cultists","floor":25,"turns":7},{"damage":21,"enemies":"Centurion and Healer","floor":28,"turns":4}],"seed_played":"-2314393631358676075","potions_obtained":[{"floor":7,"key":"Regen Potion"},{"floor":8,"key":"Energy Potion"}],"is_trial":false,"path_per_floor":["M","T","?","?","$","R","E","M","T","M","?","M","R","M","R","B",null,"M","?","$","?","T","R","M","M","T","$","M"],"character_chosen":"THE_SILENT","items_purchased":["Noxious Fumes","Deadly Poison","All Out Attack"],"campfire_rested":2,"item_purchase_floors":[5,20,27],"current_hp_per_floor":[63,63,60,60,60,60,70,70,70,70,70,70,70,51,75,23,66,45,45,45,45,45,69,62,20,20,20,0,0],"gold":60,"neow_bonus":"THREE_ENEMY_KILL","is_daily":false,"chose_seed":false,"campfire_upgraded":2,"win_rate":0.0,"timestamp":1609429081,"path_taken":["M","?","?","?","?","R","E","M","T","M","?","M","R","?","R","BOSS","M","?","$","?","?","R","?","M","T","?","M"],"items_purchased_type":["Card","Card","Card"],"build_version":"2020-12-22","purchased_purges":1,"victory":false,"max_hp_per_floor":[70,70,70,70,70,70,80,80,80,80,80,80,80,80,80,80,80,80,80,80,80,80,80,80,80,80,80,80,80],"card_choices":[{"not_picked":["Bane","Accuracy"],"picked":"Backflip","floor":1},{"not_picked":["Catalyst","Doppelganger","Skewer"],"picked":"SKIP","floor":7},{"not_picked":["Bane","Outmaneuver"],"picked":"Quick Slash","floor":8},{"not_picked":["Bane","Dodge and Roll"],"picked":"Prepared","floor":10},{"not_picked":["Concentrate","Dodge and Roll"],"picked":"PiercingWail","floor":12},{"not_picked":["Cloak And Dagger","Flying Knee"],"picked":"Deadly Poison","floor":14},{"not_picked":["Wraith Form v2","A Thousand Cuts"],"picked":"Envenom","floor":16},{"not_picked":["Accuracy+1","Bane"],"picked":"PiercingWail","floor":18},{"not_picked":["Noxious Fumes","Footwork"],"picked":"Poisoned Stab","floor":24},{"not_picked":["Dagger Throw","Finisher","Dash"],"picked":"SKIP","floor":25}],"player_experience":339409,"relics_obtained":[{"floor":2,"key":"Ice Cream"},{"floor":7,"key":"Pear"},{"floor":9,"key":"Bottled Flame"},{"floor":22,"key":"Sundial"},{"floor":26,"key":"Bronze Scales"}],"event_choices":[{"damage_healed":0,"gold_gain":0,"player_choice":"Success","damage_taken":3,"relics_obtained":["WingedGreaves"],"max_hp_gain":0,"max_hp_loss":0,"event_name":"Scrap Ooze","floor":3,"gold_loss":0},{"damage_healed":0,"gold_gain":0,"player_choice":"Grow","damage_taken":0,"max_hp_gain":0,"max_hp_loss":0,"event_name":"Living Wall","floor":4,"gold_loss":0,"cards_upgraded":["Backflip"]},{"cards_removed":["Strike_G"],"damage_healed":0,"gold_gain":0,"player_choice":"Card Removal","damage_taken":0,"max_hp_gain":0,"max_hp_loss":0,"event_name":"The Cleric","floor":11,"gold_loss":50},{"damage_healed":0,"gold_gain":0,"player_choice":"Stole Relic","damage_taken":0,"relics_obtained":["InkBottle"],"max_hp_gain":0,"max_hp_loss":0,"event_name":"Addict","floor":19,"gold_loss":0,"cards_obtained":["Shame"]},{"cards_removed":["Strike_G"],"damage_healed":0,"gold_gain":0,"player_choice":"Gave Gold","damage_taken":0,"max_hp_gain":0,"max_hp_loss":0,"event_name":"Beggar","floor":21,"gold_loss":75}],"is_beta":false,"boss_relics":[{"not_picked":["HoveringKite","Runic Dome"],"picked":"WristBlade"}],"items_purged_floors":[20],"is_endless":false,"potions_floor_spawned":[7,8],"killed_by":"Centurion and Healer","ascension_level":6}}