{"host":"64h6jdpsiwrne03s","time":1609394595,"event":{"mods":["Act Like it!","BaseMod","Bestiary","Colored Powertips","Gensokyo","KomeijiMod","Marisa£®ÏF”Í°°ƒß¿Ì…≥£©","Minty Spire (QoL Compilation)","Reimu£®≤©¿ˆ¡È√Œ£©","Remilia£®¿Ÿ√◊¿Ú—«£©","StSLib","The Servant 0.9.4","Youmu£®ªÍ∆«—˝√Œ£©"],"gold_per_floor":[112,39,39,54,54,87,103,132,132,132,163,181,198,123,123,225,225,239,239,251,267,143,178,193,37,112,112,184,200,234,246,246,246,246],"floor_reached":33,"playtime":2866,"items_purged":["SeekerWire+1"],"score":357,"play_id":"e3cacfcb-b699-4f5d-b61f-020b480b2dbb","local_time":"20201231140315","is_ascension_mode":false,"campfire_choices":[{"data":"HisouTensoku","floor":15.0,"key":"SMITH"},{"data":"TerribleSouvenir","floor":27.0,"key":"SMITH"},{"data":"Dash_Komeiji","floor":32.0,"key":"SMITH"}],"circlet_count":0,"master_deck":["Dash_Komeiji+1","Sabishigari+1","Mishyaguji+1","HisouTensoku+1","AbyssNova","ShanghaiNingyou","Mishyaguji+1","SuitokuNoKyoryu","HisouNoKen","TerribleSouvenir+1","NingyouSP+1","KimairaNoYoku+1","DochyakuKami+1","SeekerWire+1"],"relics":["KomeijisEye","SpellCardsRule","MusicBox","NeowsBlessing","Blood Vial","Gensokyo:Justice","CrystalOfMemory","Orichalcum","Tiny Chest","Art of War","Pandora\u0027s Box","Gensokyo:MosesMiracle","MealTicket","Chemical X","Mercury Hourglass","Mastiff:ReiMu","Ornamental Fan","StoneCalendar"],"acts_visited":["Gensokyo:Gensokyo","Gensokyo:Gensokyoer"],"potions_floor_usage":[33,33],"damage_taken":[{"damage":0.0,"enemies":"Gensokyo:2_Kodama","floor":1.0,"turns":1.0},{"damage":0.0,"enemies":"Gensokyo:Python","floor":4.0,"turns":3.0},{"damage":0.0,"enemies":"Gensokyo:Aya","floor":6.0,"turns":1.0},{"damage":4.0,"enemies":"Gensokyo:3_Fairies","floor":7.0,"turns":5.0},{"damage":7.0,"enemies":"Gensokyo:Cirno","floor":8.0,"turns":4.0},{"damage":0.0,"enemies":"Gensokyo:Mamizou","floor":11.0,"turns":9.0},{"damage":10.0,"enemies":"Gensokyo:Gryphon_and_Rabbit","floor":12.0,"turns":4.0},{"damage":0.0,"enemies":"Gensokyo:Python_and_Kodama","floor":13.0,"turns":3.0},{"damage":2.0,"enemies":"Gensokyo:Reimu","floor":16.0,"turns":7.0},{"damage":0.0,"enemies":"Gensokyo:CosmicMonolith","floor":18.0,"turns":3.0},{"damage":0.0,"enemies":"Gensokyo:Chomper","floor":20.0,"turns":4.0},{"damage":23.0,"enemies":"Gensokyo:Slime_Group","floor":21.0,"turns":4.0},{"damage":15.0,"enemies":"Gensokyo:Koishi","floor":23.0,"turns":5.0},{"damage":0.0,"enemies":"Gensokyo:Wraith","floor":24.0,"turns":4.0},{"damage":0.0,"enemies":"Gensokyo:Chomper_and_Gloop","floor":29.0,"turns":4.0},{"damage":5.0,"enemies":"Gensokyo:Tenshi","floor":30.0,"turns":4.0},{"damage":6.0,"enemies":"Gensokyo:Mirror_and_Dog","floor":31.0,"turns":3.0},{"damage":45,"enemies":"Gensokyo:Kaguya","floor":33,"turns":9}],"seed_played":"-907434508326558609","potions_obtained":[{"floor":7.0,"key":"SpeedPotion"},{"floor":8.0,"key":"PowerPotion"},{"floor":11.0,"key":"SkillPotion"},{"floor":16.0,"key":"DistilledChaos"},{"floor":29.0,"key":"PpointPotion"},{"floor":31.0,"key":"Regen Potion"}],"is_trial":false,"path_per_floor":["M","COS","?","M","?","E","M","E","T","?","E","M","M","$","R","B",null,"M","?","M","M","COS","E","M","$","T","R","T","M","E","M","R","B"],"character_chosen":"KomeijiSatori","items_purchased":["Chemical X"],"campfire_rested":0,"item_purchase_floors":[25],"current_hp_per_floor":[50,50,40,42,42,44,42,39,39,29,37,29,35,35,35,45,50,50,50,50,27,27,14,16,31,31,31,31,33,30,26,26,0,0],"gold":246,"neow_bonus":"THREE_ENEMY_KILL","is_daily":false,"chose_seed":false,"campfire_upgraded":3,"win_rate":0.0,"timestamp":1609394595,"path_taken":["M","COS","?","M","?","E","?","E","T","?","E","M","M","$","R","BOSS","M","?","?","M","COS","E","M","$","T","R","?","M","E","M","R","BOSS"],"items_purchased_type":["Relic"],"build_version":"2020-12-22","purchased_purges":1,"victory":false,"max_hp_per_floor":[50,50,50,50,50,50,50,50,50,50,50,50,50,50,50,50,50,50,50,50,50,50,50,50,50,50,50,50,50,50,50,50,50,50],"card_choices":[{"not_picked":["Melting","DochyakuKami+1"],"picked":"Sabishigari+1","floor":1.0},{"not_picked":["KoKei+1","Melting","GroundStardust+1"],"picked":"SKIP","floor":4.0},{"not_picked":["JyouchiJin+1","HagoromoMizu"],"picked":"SeekerWire+1","floor":6.0},{"not_picked":["KeiseiJin+1","SeekerWire+1"],"picked":"Mishyaguji+1","floor":7.0},{"not_picked":["NingyouShinki+1","SeekerWire+1","NingyouYunhei+1"],"picked":"SKIP","floor":8.0},{"not_picked":["Melting","NingyouFukuhei+1"],"picked":"HisouTensoku","floor":11.0},{"not_picked":["JyouchiJin+1","ShyakuBuku","NingyouOkisou+1"],"picked":"SKIP","floor":12.0},{"not_picked":["HagoromoMizu","KeiseiJin+1","Melting"],"picked":"SKIP","floor":13.0},{"not_picked":["LunaticRedEyes","MiraiBunraku"],"picked":"AbyssNova","floor":16.0},{"not_picked":["HagoromoKu","HisouNoKen"],"picked":"KimairaNoYoku+1","floor":18.0},{"not_picked":["JyouchiJin+1","SeekerDolls","KeiseiJin+1"],"picked":"SKIP","floor":20.0},{"not_picked":["SelfTokamak","HagoromoKu+1","MusuNoYume"],"picked":"SKIP","floor":21.0},{"not_picked":["NingyouKisou+1","NingyouShinki+1"],"picked":"DochyakuKami+1","floor":23.0},{"not_picked":["KeiseiJin+1","FreezeTouchMe","GroundStardust+1"],"picked":"SKIP","floor":24.0},{"not_picked":["NingyouShinki+1","MusuNoYume","HenyouMirume"],"picked":"SKIP","floor":29.0},{"not_picked":["DemonLordCradle","RikonNoKama+1"],"picked":"SeekerWire+1","floor":30.0},{"not_picked":["NingyouShinki+1","SenseofElegance","JyouchiJin+1"],"picked":"SKIP","floor":31.0}],"player_experience":331070,"relics_obtained":[{"floor":6.0,"key":"CrystalOfMemory"},{"floor":8.0,"key":"Orichalcum"},{"floor":9.0,"key":"Tiny Chest"},{"floor":11.0,"key":"Art of War"},{"floor":23.0,"key":"Gensokyo:MosesMiracle"},{"floor":23.0,"key":"MealTicket"},{"floor":28.0,"key":"Mercury Hourglass"},{"floor":30.0,"key":"Ornamental Fan"}],"event_choices":[],"is_beta":false,"boss_relics":[{"not_picked":["Busted Crown","Sozu"],"picked":"Pandora\u0027s Box"}],"items_purged_floors":[14],"is_endless":false,"potions_floor_spawned":[7,8,11,12,16,21,29,30,31],"killed_by":"Gensokyo:Kaguya","ascension_level":0}}