{"host":"Rich","time":1609381256,"event":{"mods":["AchievementEnabler","BaseMod","Highlight Path","Minty Spire (QoL Compilation)","Relic Stats"],"gold_per_floor":[111,111,36,60,34,65,88,88,88,88,88],"floor_reached":10,"playtime":204,"items_purged":["Strike_P"],"score":132,"play_id":"15c818c6-fe6b-4067-8bff-e60b6be33514","local_time":"20201230212056","is_ascension_mode":true,"campfire_choices":[{"data":"PathToVictory","floor":8,"key":"SMITH"}],"circlet_count":0,"master_deck":["AscendersBane","Strike_P","Strike_P","Strike_P","Defend_P","Defend_P","Defend_P","Defend_P","Eruption","Vigilance","PathToVictory+1","BowlingBash","PathToVictory","Protect","ThirdEye"],"relics":["PureWater","Dream Catcher","Golden Idol","Molten Egg 2"],"acts_visited":["Exordium"],"potions_floor_usage":[],"damage_taken":[{"damage":6,"enemies":"Small Slimes","floor":1,"turns":3},{"damage":0,"enemies":"2 Louse","floor":4,"turns":3},{"damage":31,"enemies":"Lagavulin","floor":6,"turns":7},{"damage":1,"enemies":"Cultist","floor":7,"turns":3},{"damage":0,"enemies":"3 Sentries","floor":10,"turns":2}],"seed_played":"-6148793067340787205","potions_obtained":[{"floor":6,"key":"SmokeBomb"},{"floor":7,"key":"BottledMiracle"}],"is_trial":false,"path_per_floor":["M","?","$","M","$","E","M","R","T","E"],"character_chosen":"WATCHER","items_purchased":["PathToVictory"],"campfire_rested":0,"item_purchase_floors":[5],"current_hp_per_floor":[55,55,55,55,55,24,23,23,23,23,23],"gold":88,"neow_bonus":"RANDOM_COMMON_RELIC","is_daily":false,"chose_seed":false,"campfire_upgraded":1,"win_rate":0.0,"timestamp":1609381256,"path_taken":["M","?","$","M","$","E","M","R","T","E"],"items_purchased_type":["Card"],"build_version":"2020-12-18","purchased_purges":1,"victory":false,"max_hp_per_floor":[68,62,62,62,62,62,62,62,62,62,62],"relic_stats":{"Dream Catcher":0,"counters":[5,18],"Golden Idol":16,"obtain_stats":[{"Dream Catcher":0,"Golden Idol":2,"Molten Egg 2":6,"PureWater":0},{"Dream Catcher":0,"Golden Idol":1,"Molten Egg 2":3,"PureWater":0},{"Dream Catcher":0,"Golden Idol":3,"Molten Egg 2":13,"PureWater":0}]},"card_choices":[{"not_picked":["Weave","Consecrate"],"picked":"PathToVictory","floor":1},{"not_picked":["Evaluate","Halt"],"picked":"BowlingBash","floor":4},{"not_picked":["DeceiveReality","FearNoEvil+1"],"picked":"Protect","floor":6},{"not_picked":["CutThroughFate+1","ThirdEye","EmptyBody"],"picked":"SKIP","floor":7},{"not_picked":["CutThroughFate+1","EmptyBody"],"picked":"ThirdEye","floor":7}],"player_experience":1946138,"relics_obtained":[{"floor":6,"key":"Molten Egg 2"}],"event_choices":[{"damage_healed":0,"gold_gain":0,"player_choice":"Lose Max HP","damage_taken":0,"relics_obtained":["Golden Idol"],"max_hp_gain":0,"max_hp_loss":6,"event_name":"Golden Idol","floor":2,"gold_loss":0}],"is_beta":true,"boss_relics":[],"items_purged_floors":[3],"is_endless":false,"potions_floor_spawned":[6,7],"killed_by":"3 Sentries","ascension_level":20}}