{"host":"fmwbmnqnrup981we","time":1609424510,"event":{"mods":["AchievementEnabler","Act Like it!","BaseMod","Better Match","Better Note","Better Skull","Better Synergies","Better Third Choice","Better Vampires","Block Reminder","Curses Come First","Downfall","Duelist Mod","Elementarium","GungeonMod","HexUI Lib","HornydragonMod","Marked Mod","Minty Spire (QoL Compilation)","Pikachu Mod","Quick Restart","Relic Stats","SIMod","StSLib","The Bug Knight","The Death Knight","The Forsaken","The Marked","The Necromancer","The Runesmith","The Servant 0.9.4","The Wild Card","TheHero","TheVacant","TheVelvet","Transform Curses","Waifu the Spire","Yuri Mod","everything is the same but u backflip on backflip"],"gold_per_floor":[116,191,218,236,252,252,278,292,292,306,306,316,266,296,296,395,395,414,414,414,43,43,58,85,85,133,166,166,186,202,218,218,322,322,338,355,372,399,17,17,17,29,74,106,106,116,116,28,28,28],"floor_reached":51,"playtime":2803,"items_purged":["Strike_B","Defend_B"],"score":792,"play_id":"89acd17c-1a4f-45f0-9f33-b9c73fa28e4d","local_time":"20201231142150","is_ascension_mode":false,"campfire_choices":[{"floor":6,"key":"RECALL"},{"floor":11,"key":"REST"},{"data":"Chaos","floor":15,"key":"SMITH"},{"data":"expansioncontent:QuickStudy","floor":28,"key":"SMITH"},{"data":"Defragment","floor":32,"key":"SMITH"},{"data":"Electrodynamics","floor":40,"key":"SMITH"},{"floor":45,"key":"REST"},{"data":"Capacitor","floor":49,"key":"SMITH"}],"circlet_count":0,"master_deck":["Strike_B","Strike_B","Defend_B+1","Defend_B","Defend_B+1","Zap+1","Dualcast+1","Steam","Cold Snap","Gash","Go for the Eyes","Blizzard+1","Turbo","Chaos+1","Cold Snap","Go for the Eyes","theWildCard:Odin+1","Beam Cell","Skim","Defragment+1","expansioncontent:QuickStudy+1","Skim","Beam Cell+1","Go for the Eyes","Gash","Electrodynamics+1","CurseOfTheBell","Genetic Algorithm+1","Force Field+1","Doom and Gloom","CMC+1","expansioncontent:QuickStudy+1","Hello World+1","Turbo+1","Go for the Eyes","Madness+1","Madness+1","Capacitor+1"],"relics":["Cracked Core","Nunchaku","Gremlin Horn","DemoMod:Antibody","Blue Candle","Black Star","Boot","Pen Nib","Toxic Egg 2","Letter Opener","Calling Bell","MealTicket","Meat on the Bone","CaptainsWheel","Smiling Mask","DollysMirror","War Paint","Darkstone Periapt","Toy Ornithopter"],"acts_visited":["Exordium","TheCity","TheBeyond"],"potions_floor_usage":[16,16,33,33,33,50,50,50],"damage_taken":[{"damage":2,"enemies":"Jaw Worm","floor":1,"turns":3},{"damage":0,"enemies":"Cultist","floor":4,"turns":4},{"damage":6,"enemies":"Small Slimes","floor":5,"turns":3},{"damage":18,"enemies":"Lagavulin","floor":7,"turns":7},{"damage":7,"enemies":"3 Louse","floor":8,"turns":3},{"damage":2,"enemies":"Exordium Wildlife","floor":10,"turns":5},{"damage":10,"enemies":"Looter","floor":12,"turns":3},{"damage":34,"enemies":"Slime Boss","floor":16,"turns":14},{"damage":18,"enemies":"Chosen","floor":18,"turns":7},{"damage":0,"enemies":"Shell Parasite","floor":23,"turns":5},{"damage":35,"enemies":"Slavers","floor":24,"turns":6},{"damage":7,"enemies":"Book of Stabbing","floor":27,"turns":6},{"damage":0,"enemies":"Snecko","floor":29,"turns":5},{"damage":0,"enemies":"Chosen and Byrds","floor":30,"turns":3},{"damage":0,"enemies":"Centurion and Healer","floor":31,"turns":6},{"damage":0,"enemies":"Collector","floor":33,"turns":8},{"damage":1,"enemies":"3 Shapes","floor":35,"turns":4},{"damage":1,"enemies":"3 Darklings","floor":36,"turns":3},{"damage":0,"enemies":"4 Shapes","floor":37,"turns":3},{"damage":39,"enemies":"Jaw Worm Horde","floor":42,"turns":5},{"damage":10,"enemies":"Reptomancer","floor":44,"turns":4},{"damage":4,"enemies":"4 Shapes","floor":46,"turns":4},{"damage":41,"enemies":"Awakened One","floor":50,"turns":8}],"seed_played":"-4763909237741271098","potions_obtained":[{"floor":1,"key":"Weak Potion"},{"floor":4,"key":"SkillPotion"},{"floor":8,"key":"LiquidMemories"},{"floor":23,"key":"Dexterity Potion"},{"floor":29,"key":"Fire Potion"},{"floor":31,"key":"AttackPotion"},{"floor":33,"key":"CultistPotion"},{"floor":37,"key":"FearPotion"},{"floor":46,"key":"DemoMod:LeadSkinPotion"}],"is_trial":false,"path_per_floor":["M","?","T","M","M","R","E","M","T","M","R","M","?","?","R","B",null,"M","?","?","$","?","M","E","?","T","E","R","M","M","M","R","B",null,"M","M","M","T","$","R","?","M","T","E","R","M","?","$","R","B",null],"character_chosen":"DEFECT","items_purchased":["Beam Cell","Skim","Defragment","expansioncontent:QuickStudy","CMC+1","DollysMirror","Capacitor"],"campfire_rested":2,"item_purchase_floors":[21,21,21,21,39,39,48],"current_hp_per_floor":[73,62,62,62,56,56,38,31,31,29,73,63,63,63,63,29,75,57,57,35,35,35,35,20,85,85,78,78,78,78,78,78,78,85,84,83,83,83,85,85,85,46,46,48,73,69,58,73,73,44],"gold":28,"neow_bonus":"THREE_CARDS","is_daily":false,"chose_seed":false,"campfire_upgraded":5,"win_rate":0.0,"timestamp":1609424510,"path_taken":["M","?","?","M","?","R","E","M","T","M","R","M","?","?","R","BOSS","M","?","?","$","?","M","E","?","T","E","R","M","M","M","R","BOSS","M","?","M","?","?","R","?","M","T","E","R","M","?","$","R","BOSS"],"items_purchased_type":["Card","Card","Card","Card","Card","Relic","Card"],"build_version":"2020-12-22","purchased_purges":2,"victory":true,"max_hp_per_floor":[75,75,75,75,75,75,75,75,75,75,75,75,75,75,75,75,75,75,75,75,75,75,75,75,85,85,85,85,85,85,85,85,85,85,85,85,85,85,85,85,85,85,85,85,85,85,85,85,85,85],"relic_stats":{"Darkstone Periapt":0,"Gremlin Horn":[32,32],"counters":[23,119],"Blue Candle":[5],"Pen Nib":[17],"Letter Opener":[275],"War Paint":["Defend_B","Defend_B"],"Boot":[100],"Smiling Mask":75,"Nunchaku":[28],"MealTicket":17,"Black Star":3,"obtain_stats":[{"Darkstone Periapt":44,"Gremlin Horn":7,"DemoMod:Antibody":9,"Blue Candle":14,"DemoMod:GlassGuonStoneRelic":1,"Pen Nib":24,"Letter Opener":27,"War Paint":43,"Boot":24,"Smiling Mask":38,"Calling Bell":34,"Nunchaku":3,"CaptainsWheel":34,"DollysMirror":39,"MealTicket":34,"Black Star":17,"Toxic Egg 2":27,"Cracked Core":0,"Toy Ornithopter":44,"Meat on the Bone":34},{"Darkstone Periapt":21,"Gremlin Horn":4,"DemoMod:Antibody":5,"Blue Candle":7,"DemoMod:GlassGuonStoneRelic":1,"Pen Nib":11,"Letter Opener":12,"War Paint":20,"Boot":11,"Smiling Mask":19,"Calling Bell":16,"Nunchaku":1,"CaptainsWheel":16,"DollysMirror":19,"MealTicket":16,"Black Star":8,"Toxic Egg 2":12,"Cracked Core":0,"Toy Ornithopter":21,"Meat on the Bone":16},{"Darkstone Periapt":107,"Gremlin Horn":17,"DemoMod:Antibody":20,"Blue Candle":28,"DemoMod:GlassGuonStoneRelic":3,"Pen Nib":60,"Letter Opener":66,"War Paint":103,"Boot":60,"Smiling Mask":98,"Calling Bell":88,"Nunchaku":3,"CaptainsWheel":88,"DollysMirror":98,"MealTicket":88,"Black Star":42,"Toxic Egg 2":66,"Cracked Core":0,"Toy Ornithopter":107,"Meat on the Bone":88}],"Toy Ornithopter":12,"Meat on the Bone":12},"card_choices":[{"not_picked":["Stack","Cold Snap"],"picked":"Steam","floor":0},{"not_picked":["Coolheaded","Stack"],"picked":"Cold Snap","floor":1},{"not_picked":["Skim","Reinforced Body"],"picked":"Gash","floor":4},{"not_picked":["Glacier","Fusion"],"picked":"Go for the Eyes","floor":5},{"not_picked":["Hologram","Reinforced Body"],"picked":"Blizzard","floor":7},{"not_picked":["Reprogram","Stack"],"picked":"Turbo","floor":8},{"not_picked":["Doom and Gloom","Capacitor"],"picked":"Chaos","floor":10},{"not_picked":["Fusion","Conserve Battery"],"picked":"Cold Snap","floor":12},{"not_picked":["Fission","Multi-Cast"],"picked":"Seek","floor":16},{"not_picked":["Hologram","Double Energy"],"picked":"Go for the Eyes","floor":18},{"not_picked":["Compile Driver","Conserve Battery"],"picked":"Skim","floor":23},{"not_picked":["Streamline+1","Turbo"],"picked":"Beam Cell+1","floor":24},{"not_picked":["Streamline+1","Reinforced Body+1","Stack+1"],"picked":"SKIP","floor":27},{"not_picked":["Compile Driver","Streamline"],"picked":"Beam Cell","floor":29},{"not_picked":["Steam+1","Rebound+1"],"picked":"Go for the Eyes","floor":30},{"not_picked":["Biased Cognition","Static Discharge"],"picked":"Gash","floor":31},{"not_picked":["Core Surge","Amplify+1"],"picked":"Electrodynamics","floor":33},{"not_picked":["Conserve Battery+1","Glacier+1"],"picked":"Genetic Algorithm+1","floor":35},{"not_picked":["Hologram+1","Rip and Tear+1"],"picked":"Force Field+1","floor":36},{"not_picked":["Double Energy+1","Cold Snap"],"picked":"Doom and Gloom","floor":37},{"not_picked":["Undo+1","Streamline"],"picked":"Hello World+1","floor":42},{"not_picked":["Leap+1","Melter+1"],"picked":"Turbo+1","floor":44},{"not_picked":["Stack+1","Steam+1"],"picked":"Go for the Eyes","floor":46}],"player_experience":419034,"relics_obtained":[{"floor":3,"key":"Nunchaku"},{"floor":7,"key":"Gremlin Horn"},{"floor":9,"key":"DemoMod:Antibody"},{"floor":24,"key":"Boot"},{"floor":24,"key":"Pen Nib"},{"floor":27,"key":"Toxic Egg 2"},{"floor":27,"key":"Letter Opener"},{"floor":34,"key":"MealTicket"},{"floor":34,"key":"Meat on the Bone"},{"floor":34,"key":"CaptainsWheel"},{"floor":38,"key":"Smiling Mask"},{"floor":43,"key":"War Paint"},{"floor":44,"key":"Darkstone Periapt"},{"floor":44,"key":"Toy Ornithopter"}],"event_choices":[{"damage_healed":0,"gold_gain":75,"player_choice":"Gold","damage_taken":11,"max_hp_gain":0,"max_hp_loss":0,"event_name":"betterThird:BetterGoop","floor":2,"gold_loss":0},{"cards_removed":["Strike_B"],"damage_healed":0,"gold_gain":0,"player_choice":"Card Removal","damage_taken":0,"max_hp_gain":0,"max_hp_loss":0,"event_name":"The Cleric","floor":13,"gold_loss":50},{"damage_healed":0,"gold_gain":30,"player_choice":"Searched \u00273\u0027 times","damage_taken":0,"relics_obtained":["Blue Candle"],"max_hp_gain":0,"max_hp_loss":0,"event_name":"Dead Adventurer","floor":14,"gold_loss":0},{"cards_removed":["Seek"],"damage_healed":0,"gold_gain":0,"player_choice":"Take \u0026 Give","damage_taken":0,"max_hp_gain":0,"max_hp_loss":0,"event_name":"betterNote:BetterNote","floor":19,"gold_loss":0,"cards_obtained":["theWildCard:Odin"]},{"cards_removed":["Seek"],"damage_healed":55,"gold_gain":0,"player_choice":"Offered Rare","damage_taken":0,"max_hp_gain":10,"max_hp_loss":0,"event_name":"Bonfire Elementals","floor":25,"gold_loss":0},{"cards_removed":["Beam Cell"],"damage_healed":0,"gold_gain":0,"player_choice":"Removed Attack","damage_taken":0,"max_hp_gain":0,"max_hp_loss":0,"event_name":"Falling","floor":41,"gold_loss":0},{"damage_healed":0,"gold_gain":0,"player_choice":"Embrace Madness","damage_taken":11,"max_hp_gain":0,"max_hp_loss":0,"event_name":"Winding Halls","floor":47,"gold_loss":0,"cards_obtained":["Madness","Madness"]}],"is_beta":false,"boss_relics":[{"not_picked":["Busted Crown","Tiny House"],"picked":"Black Star"},{"not_picked":["Nuclear Battery","SlaversCollar"],"picked":"Calling Bell"}],"items_purged_floors":[39,48],"is_endless":false,"potions_floor_spawned":[1,4,8,23,29,31,33,37,46],"ascension_level":0}}