{"host":"k9laiz0l4dd0ezpa","time":1609424333,"event":{"mods":["BaseMod","Colored Powertips","Koishi","Marisa£®ÏF”Í°°ƒß¿Ì…≥£©","Minty Spire (QoL Compilation)","Quick Restart","Relic Stats","Remilia£®¿Ÿ√◊¿Ú—«£©","Replay The Spire","StSLib","Td1madao Mod","The Cursed","Waifu the Spire"],"gold_per_floor":[111,60,60,60,72,72,92,92,160,335,345,373,373,388,388,492,492,503,521,98,98,98],"floor_reached":21,"playtime":940,"items_purged":["Doubt"],"score":179,"play_id":"9c516950-17b0-4e81-9699-0beac4ddf903","local_time":"20201231221853","is_ascension_mode":false,"campfire_choices":[{"data":"Koishi:EmbersOfLove","floor":6,"key":"SMITH"},{"data":"Koishi:PhantomStrike","floor":8,"key":"SMITH"},{"floor":15,"key":"REST"}],"circlet_count":0,"master_deck":["Koishi:BasicStrike","Koishi:BasicStrike","Koishi:BasicStrike","Koishi:BasicStrike","Koishi:BasicDefend","Koishi:BasicDefend","Koishi:BasicDefend","Koishi:BasicDefend","Koishi:Provoke","Koishi:HauntingSlash+1","Koishi:EmbersOfLove+1","Koishi:PhantomStrike+1","Koishi:SubterraneanRose","Koishi:SpiritedAway","Koishi:PerfectMindControl","Koishi:HeartStoppingHorror","Koishi:JumpScare","Koishi:RoseHell","Koishi:StingingMind"],"relics":["Koishi:ImaginaryFriend","NeowsBlessing","Iron Hammer","Bottled Lightning","Replay:Ringing Soul","SacredBark","Incense Burner"],"acts_visited":["Exordium","TheCity"],"potions_floor_usage":[16,16],"damage_taken":[{"damage":0,"enemies":"Jaw Worm","floor":1,"turns":1},{"damage":0,"enemies":"2 Louse","floor":5,"turns":1},{"damage":0,"enemies":"Cultist","floor":7,"turns":1},{"damage":6,"enemies":"2 Fungi Beasts","floor":11,"turns":3},{"damage":32,"enemies":"Lagavulin","floor":12,"turns":9},{"damage":10,"enemies":"Exordium Wildlife","floor":14,"turns":5},{"damage":55,"enemies":"Hexaghost","floor":16,"turns":10},{"damage":24,"enemies":"3 Byrds","floor":18,"turns":4},{"damage":27,"enemies":"Spheric Guardian","floor":19,"turns":6},{"damage":26,"enemies":"Snecko","floor":21,"turns":4}],"seed_played":"-8478826430568043170","potions_obtained":[{"floor":1,"key":"Strength Potion"},{"floor":7,"key":"Regen Potion"},{"floor":12,"key":"ColorlessPotion"},{"floor":18,"key":"Flashbang"}],"is_trial":false,"path_per_floor":["M","$","?","?","M","R","M","R","T","?","M","E","T","M","R","B",null,"M","M","$","M"],"character_chosen":"KOISHI","items_purchased":["Koishi:PhantomStrike","Incense Burner","Koishi:StingingMind"],"campfire_rested":1,"item_purchase_floors":[2,20,20],"current_hp_per_floor":[60,60,65,65,65,65,65,65,65,65,59,35,35,32,52,21,71,49,22,25,0,0],"gold":98,"neow_bonus":"THREE_ENEMY_KILL","is_daily":false,"chose_seed":false,"campfire_upgraded":2,"win_rate":0.0,"timestamp":1609424333,"path_taken":["M","$","?","?","M","R","?","R","T","?","M","E","?","M","R","BOSS","M","?","$","M"],"items_purchased_type":["Card","Relic","Card"],"build_version":"2020-12-22","purchased_purges":1,"victory":false,"max_hp_per_floor":[60,60,65,65,65,65,65,65,65,65,65,65,65,68,68,71,71,71,71,74,74,74],"relic_stats":{"counters":[10,44],"obtain_stats":[{"Replay:Ringing Soul":13,"NeowsBlessing":0,"SacredBark":17,"Iron Hammer":9,"Incense Burner":20,"Bottled Lightning":12,"Koishi:ImaginaryFriend":0},{"Replay:Ringing Soul":5,"NeowsBlessing":0,"SacredBark":7,"Iron Hammer":3,"Incense Burner":9,"Bottled Lightning":5,"Koishi:ImaginaryFriend":0},{"Replay:Ringing Soul":15,"NeowsBlessing":0,"SacredBark":30,"Iron Hammer":3,"Incense Burner":40,"Bottled Lightning":15,"Koishi:ImaginaryFriend":0}]},"card_choices":[{"not_picked":["Koishi:SubconsciousSweep","Koishi:ReleaseOfTheId"],"picked":"Koishi:EmbersOfLove","floor":1},{"not_picked":["Koishi:PhantomStrike","Koishi:FleetingPhantom"],"picked":"Koishi:SubterraneanRose","floor":5},{"not_picked":["Koishi:UnseenTerror","Koishi:EmbryosDream"],"picked":"Koishi:SpiritedAway","floor":7},{"not_picked":["Koishi:SubterraneanRose","Koishi:PhantomBarrier"],"picked":"Koishi:PerfectMindControl","floor":11},{"not_picked":["Koishi:PhilosophyOfTheDespised","Koishi:EmbersOfLove"],"picked":"Koishi:HeartStoppingHorror","floor":12},{"not_picked":["Koishi:SpiritedAway","Koishi:CatchAndRose"],"picked":"Koishi:JumpScare","floor":14},{"not_picked":["Koishi:ConditionedTeleport","Koishi:ConfinedInnocent"],"picked":"Koishi:RoseHell","floor":16},{"not_picked":["Koishi:FourthEye","Koishi:UnconsciousUprising","Koishi:ReflexRadar"],"picked":"SKIP","floor":18},{"not_picked":["Koishi:StrangeCloudFist","Koishi:Jaunt+1","Koishi:SubconsciousSweep"],"picked":"SKIP","floor":19}],"player_experience":189821,"relics_obtained":[{"floor":9,"key":"Iron Hammer"},{"floor":12,"key":"Bottled Lightning"},{"floor":13,"key":"Replay:Ringing Soul"}],"event_choices":[{"damage_healed":0,"gold_gain":0,"player_choice":"Donut","damage_taken":0,"max_hp_gain":5,"max_hp_loss":0,"event_name":"Big Fish","floor":3,"gold_loss":0},{"damage_healed":0,"gold_gain":0,"player_choice":"Upgraded","damage_taken":0,"max_hp_gain":0,"max_hp_loss":0,"event_name":"Upgrade Shrine","floor":4,"gold_loss":0,"cards_upgraded":["Koishi:HauntingSlash"]},{"damage_healed":0,"gold_gain":175,"player_choice":"AGREE","damage_taken":0,"max_hp_gain":0,"max_hp_loss":0,"event_name":"Liars Game","floor":10,"gold_loss":0,"cards_obtained":["Doubt"]}],"is_beta":false,"boss_relics":[{"not_picked":["Honey Jar","Replay:Grab Bag"],"picked":"SacredBark"}],"items_purged_floors":[20],"is_endless":false,"potions_floor_spawned":[1,7,12,18],"killed_by":"Snecko","ascension_level":0}}