{"host":"hfxahm4y1ssattqc","time":1609379028,"event":{"mods":["2.2 Compatiblity","Act Like it!","BaseMod","Beaked The Cultist","BetterRewards","Colored Map","Colored Powertips","Custom Start","Googly Eyes","Halation","Hallownest","Highlight Path","Hubris","Mimic Mod","Minty Spire (QoL Compilation)","Shop Mod","Spikes Relics","StSLib","The Bug Knight","The IronCluck","The Jungle","Unknown Chances","slay the spire mod where everything is the same but ironclad has a cowboy hat"],"gold_per_floor":[118,118,118,133,144,171,171,136,136,167,180,180,180,196,196,300,300,318,350,28,28,40,67,67,67,93,121,121,135,135,152,152,253,253,263,4,17,35,35,70,87,99,130,148,148,165,179,191,191,191,191,191,47,78,78],"floor_reached":56,"playtime":3327,"items_purged":[],"score":1206,"play_id":"fb07c672-73fc-44fd-a605-1d8247f823b9","local_time":"20201230174348","is_ascension_mode":false,"campfire_choices":[{"floor":7,"key":"REST"},{"data":"Hologram","floor":12,"key":"SMITH"},{"data":"Zap","floor":15,"key":"SMITH"},{"data":"Echo Form","floor":25,"key":"SMITH"},{"data":"hubris:EnhanceAbility","floor":28,"key":"SMITH"},{"floor":32,"key":"REST"},{"floor":45,"key":"REST"},{"floor":49,"key":"RECALL"},{"data":"DevaForm","floor":52,"key":"SMITH"}],"circlet_count":0,"master_deck":["Strike_B+1","Strike_B","Strike_B","Strike_B","Defend_B","Defend_B+1","Defend_B","Defend_B","Dualcast","Gash","Core Surge","Cold Snap","hubris:DuctTapeCard","Defragment","hubris:EnhanceAbility+1","Defragment+1","Echo Form+1","Conserve Battery+1","Amplify","DevaForm+1","Turbo+1","Loop+1","Capacitor"],"relics":["AncientExoskeleton","Smiling Mask","hubris:GlazedTorus","Akabeko","GremlinMask","hubris:VirtuousBlindfold","hubris:DuctTape","SnailShell","Pantograph","halation:BottledLove","Art of War","Toy Ornithopter","beaked:SacredDeck","halation:PeacePiece","Bag of Marbles","Rawhide","DataDisk","Boot"],"acts_visited":["Exordium","TheCity","TheBeyond","TheEnding"],"potions_floor_usage":[16,16,40,40,46,50,50,55],"damage_taken":[{"damage":0,"enemies":"2 Louse","floor":1,"turns":3},{"damage":2,"enemies":"Small Slimes","floor":4,"turns":4},{"damage":0,"enemies":"Cultist","floor":5,"turns":3},{"damage":40,"enemies":"Gremlin Nob","floor":6,"turns":5},{"damage":9,"enemies":"3 Sentries","floor":10,"turns":8},{"damage":2,"enemies":"3 Louse","floor":11,"turns":3},{"damage":16,"enemies":"Exordium Wildlife","floor":14,"turns":5},{"damage":14,"enemies":"The Guardian","floor":16,"turns":9},{"damage":2,"enemies":"Chosen","floor":18,"turns":4},{"damage":2,"enemies":"Spheric Guardian","floor":19,"turns":7},{"damage":6,"enemies":"Spheric Guardian","floor":22,"turns":4},{"damage":5,"enemies":"Slavers","floor":23,"turns":6},{"damage":13,"enemies":"Gremlin Leader","floor":27,"turns":6},{"damage":5,"enemies":"Shelled Parasite and Fungi","floor":29,"turns":4},{"damage":0,"enemies":"Snake Plant","floor":31,"turns":4},{"damage":19,"enemies":"Collector","floor":33,"turns":10},{"damage":18,"enemies":"3 Darklings","floor":35,"turns":7},{"damage":40,"enemies":"3 Shapes","floor":37,"turns":4},{"damage":4,"enemies":"Spire Growth","floor":38,"turns":5},{"damage":26,"enemies":"Reptomancer","floor":40,"turns":6},{"damage":0,"enemies":"Transient","floor":41,"turns":5},{"damage":0,"enemies":"Sphere and 2 Shapes","floor":42,"turns":8},{"damage":4,"enemies":"3 Darklings","floor":43,"turns":7},{"damage":2,"enemies":"3 Darklings","floor":44,"turns":7},{"damage":3,"enemies":"Transient","floor":46,"turns":5},{"damage":0,"enemies":"Sphere and 2 Shapes","floor":47,"turns":6},{"damage":0,"enemies":"Spire Growth","floor":48,"turns":8},{"damage":43,"enemies":"Donu and Deca","floor":50,"turns":11},{"damage":61,"enemies":"Shield and Spear","floor":54,"turns":9},{"damage":29,"enemies":"The Heart","floor":55,"turns":10}],"seed_played":"-2217791940245398902","potions_obtained":[{"floor":4,"key":"FocusPotion"},{"floor":10,"key":"BlessingOfTheForge"},{"floor":11,"key":"FearPotion"},{"floor":18,"key":"Dexterity Potion"},{"floor":23,"key":"SneckoOil"},{"floor":29,"key":"Energy Potion"},{"floor":31,"key":"Weak Potion"},{"floor":40,"key":"GamblersBrew"},{"floor":42,"key":"BlessingOfTheForge"},{"floor":46,"key":"SkillPotion"},{"floor":54,"key":"SneckoOil"}],"is_trial":false,"path_per_floor":["M","?","?","M","M","E","R","?","T","E","M","R","?","M","R","B",null,"M","MIM","$","?","M","E","?","R","T","E","R","M","?","M","R","B",null,"M","$","M","M","?","E","M","M","MIM","M","R","M","M","M","R","B",null,"R","$","E","B",null],"character_chosen":"DEFECT","items_purchased":["SnailShell","hubris:EnhanceAbility","halation:PeacePiece","Bag of Marbles","DataDisk"],"campfire_rested":3,"item_purchase_floors":[20,20,36,36,53],"current_hp_per_floor":[75,60,65,63,63,23,47,67,67,58,56,56,56,40,40,26,80,78,76,76,76,70,65,65,65,65,52,52,47,47,47,71,61,80,62,62,22,18,90,64,64,64,60,58,85,87,87,87,87,47,90,90,90,29,30],"gold":78,"neow_bonus":"BOSS_RELIC","is_daily":false,"chose_seed":false,"campfire_upgraded":5,"win_rate":0.0,"timestamp":1609379028,"path_taken":["M","?","?","M","M","E","R","?","T","E","M","R","?","M","R","BOSS","M","?","$","?","M","E","?","R","T","E","R","?","?","M","R","BOSS","M","$","M","?","?","E","M","M","MIM","M","R","M","M","M","R","BOSS","R","$","E","BOSS"],"items_purchased_type":["Relic","Card","Relic","Relic","Relic"],"build_version":"2020-12-22","purchased_purges":0,"victory":true,"max_hp_per_floor":[75,75,80,80,80,80,80,80,80,80,80,80,80,80,80,80,80,80,80,80,80,80,80,80,80,80,80,80,80,80,80,80,80,80,80,80,80,80,90,90,90,90,90,90,90,90,90,90,90,90,90,90,90,90,90],"card_choices":[{"not_picked":["Beam Cell","hubris:PowerSurge","Stack"],"picked":"SKIP","floor":1},{"not_picked":["Fusion","Turbo"],"picked":"Gash","floor":4},{"not_picked":["Auto Shields","Leap","Streamline"],"picked":"SKIP","floor":5},{"not_picked":["Turbo","Redo","Skim"],"picked":"SKIP","floor":6},{"not_picked":["Sweeping Beam","Skim"],"picked":"Hologram","floor":10},{"not_picked":["Turbo","Scrape","Streamline"],"picked":"SKIP","floor":11},{"not_picked":["Beam Cell","RefreshScreen"],"picked":"Core Surge","floor":14},{"not_picked":["Meteor Strike","Seek"],"picked":"Reboot","floor":16},{"not_picked":["Compile Driver+1","Ball Lightning"],"picked":"Cold Snap","floor":18},{"not_picked":["Steam Power","BootSequence"],"picked":"Defragment","floor":19},{"not_picked":["Rebound","Glacier+1"],"picked":"Defragment+1","floor":22},{"not_picked":["Cold Snap","Hyperbeam"],"picked":"Echo Form","floor":23},{"not_picked":["Leap","Steam","Coolheaded"],"picked":"SKIP","floor":27},{"not_picked":["Sweeping Beam","Rebound"],"picked":"Conserve Battery+1","floor":29},{"not_picked":["BootSequence","Coolheaded","Genetic Algorithm+1"],"picked":"SKIP","floor":31},{"not_picked":["BootSequence","Coolheaded","Genetic Algorithm+1"],"picked":"SKIP","floor":31},{"not_picked":["Creative AI","Meteor Strike"],"picked":"Amplify","floor":33},{"not_picked":["Compile Driver","Conserve Battery+1","RefreshScreen+1"],"picked":"SKIP","floor":35},{"not_picked":["Streamline","Rebound+1"],"picked":"Turbo+1","floor":37},{"not_picked":["Barrage+1","Cold Snap","Rebound+1"],"picked":"SKIP","floor":38},{"not_picked":["Multi-Cast","Streamline+1","Ball Lightning"],"picked":"SKIP","floor":40},{"not_picked":["Steam+1","Cold Snap","Hologram+1"],"picked":"SKIP","floor":41},{"not_picked":["Compile Driver+1","Aggregate+1","Coolheaded+1"],"picked":"SKIP","floor":42},{"not_picked":["Go for the Eyes","Blizzard"],"picked":"Loop+1","floor":44},{"not_picked":["Redo+1","Cold Snap+1"],"picked":"Capacitor","floor":46},{"not_picked":["Sweeping Beam+1","Cold Snap","Go for the Eyes+1"],"picked":"SKIP","floor":47},{"not_picked":["Stack","Ball Lightning+1","Lockon+1"],"picked":"SKIP","floor":48},{"not_picked":["Gash+1","Reinforced Body+1","Sweeping Beam+1"],"picked":"SKIP","floor":54}],"player_experience":846153,"relics_obtained":[{"floor":6,"key":"Smiling Mask"},{"floor":9,"key":"hubris:GlazedTorus"},{"floor":10,"key":"Akabeko"},{"floor":19,"key":"hubris:DuctTape"},{"floor":23,"key":"Pantograph"},{"floor":26,"key":"Art of War"},{"floor":27,"key":"Toy Ornithopter"},{"floor":40,"key":"Rawhide"},{"floor":54,"key":"Boot"}],"event_choices":[{"damage_healed":0,"gold_gain":0,"player_choice":"Entered Light","damage_taken":15,"max_hp_gain":0,"max_hp_loss":0,"event_name":"Shining Light","floor":2,"gold_loss":0,"cards_upgraded":["Strike_B","Defend_B"]},{"damage_healed":0,"gold_gain":0,"player_choice":"Donut","damage_taken":0,"max_hp_gain":5,"max_hp_loss":0,"event_name":"Big Fish","floor":3,"gold_loss":0},{"damage_healed":20,"gold_gain":0,"player_choice":"Healed","damage_taken":0,"max_hp_gain":0,"max_hp_loss":0,"event_name":"The Cleric","floor":8,"gold_loss":35},{"damage_healed":0,"gold_gain":0,"player_choice":"Trade","damage_taken":0,"relics_obtained":["GremlinMask"],"max_hp_gain":0,"max_hp_loss":0,"event_name":"FaceTrader","floor":13,"gold_loss":0},{"damage_healed":0,"gold_gain":0,"player_choice":"Gave Potion","damage_taken":0,"relics_obtained":["halation:BottledLove"],"max_hp_gain":0,"max_hp_loss":0,"event_name":"WeMeetAgain","floor":24,"gold_loss":0},{"damage_healed":0,"gold_gain":0,"player_choice":"Forge","damage_taken":0,"max_hp_gain":0,"max_hp_loss":0,"event_name":"Accursed Blacksmith","floor":30,"gold_loss":0,"cards_upgraded":["Reboot"]},{"cards_removed":["Reboot"],"damage_healed":62,"gold_gain":0,"player_choice":"Offered Rare","damage_taken":0,"max_hp_gain":10,"max_hp_loss":0,"event_name":"Bonfire Elementals","floor":39,"gold_loss":0}],"is_beta":false,"boss_relics":[{"not_picked":["hubris:RunicObelisk","Pandora\u0027s Box"],"picked":"hubris:VirtuousBlindfold"},{"not_picked":["Snecko Eye","Fusion Hammer"],"picked":"beaked:SacredDeck"}],"items_purged_floors":[],"is_endless":false,"potions_floor_spawned":[4,10,11,18,23,29,31,38,40,42,46,47,48,54],"ascension_level":0}}