{"host":"8qb550oiisecbnz6","time":1609375870,"event":{"mods":["AchievementEnabler","BaseMod","Colored Map","Colored Powertips","Minty Spire (QoL Compilation)","Quick Restart","StSLib"],"gold_per_floor":[110,36,36,52,71,71,102,102,129,54,54,64,64,90,90,195,195,208,220,239,239,15,15,15],"floor_reached":23,"playtime":1063,"items_purged":["Dualcast"],"score":269,"play_id":"e5f41ee2-121e-4ef2-a6e3-7e612985344c","local_time":"20201231015110","is_ascension_mode":true,"campfire_choices":[{"data":"Zap","floor":6,"key":"SMITH"},{"data":"Static Discharge","floor":8,"key":"SMITH"},{"data":"Defragment","floor":11,"key":"SMITH"},{"data":"Self Repair","floor":13,"key":"SMITH"},{"data":"Defend_B","floor":15,"key":"SMITH"}],"circlet_count":0,"master_deck":["Strike_B","Strike_B","Strike_B","Strike_B","Defend_B+1","Defend_B","Defend_B","Defend_B","Zap+1","FTL","Self Repair+1","BootSequence","Defragment+1","Static Discharge+1","Gash","Gash","Thunder Strike","Ball Lightning+1","Scrape","Bandage Up","Conserve Battery"],"relics":["Cracked Core","NeowsBlessing","WarpedTongs","Juzu Bracelet","Dream Catcher","Potion Belt","Black Star","Membership Card"],"acts_visited":["Exordium","TheCity"],"potions_floor_usage":[7,14,14,16],"damage_taken":[{"damage":0,"enemies":"Cultist","floor":1,"turns":1},{"damage":2,"enemies":"Small Slimes","floor":4,"turns":1},{"damage":0,"enemies":"Jaw Worm","floor":5,"turns":1},{"damage":31,"enemies":"3 Sentries","floor":7,"turns":6},{"damage":8,"enemies":"Red Slaver","floor":12,"turns":3},{"damage":18,"enemies":"Gremlin Nob","floor":14,"turns":4},{"damage":36,"enemies":"The Guardian","floor":16,"turns":9},{"damage":3,"enemies":"Chosen","floor":18,"turns":4},{"damage":19,"enemies":"Spheric Guardian","floor":19,"turns":4},{"damage":43,"enemies":"Snecko","floor":20,"turns":5},{"damage":13,"enemies":"Book of Stabbing","floor":23,"turns":3}],"seed_played":"2831707691947909565","potions_obtained":[{"floor":1,"key":"Swift Potion"},{"floor":7,"key":"FearPotion"},{"floor":12,"key":"Block Potion"},{"floor":14,"key":"SkillPotion"},{"floor":19,"key":"Explosive Potion"}],"is_trial":false,"path_per_floor":["M","$","?","M","M","R","E","R","T","$","R","M","R","E","R","B",null,"M","M","M","?","$","E"],"character_chosen":"DEFECT","items_purchased":["Self Repair","Membership Card","Bandage Up","Conserve Battery"],"campfire_rested":0,"item_purchase_floors":[2,22,22,22],"current_hp_per_floor":[68,68,68,73,73,73,49,49,49,49,49,48,48,40,40,14,60,67,48,15,15,15,6,6],"gold":15,"neow_bonus":"THREE_ENEMY_KILL","is_daily":false,"chose_seed":false,"campfire_upgraded":5,"win_rate":0.0,"timestamp":1609375870,"path_taken":["M","?","?","?","M","R","E","R","T","?","R","M","R","E","R","BOSS","M","M","M","?","$","E"],"items_purchased_type":["Card","Relic","Card","Card"],"build_version":"2020-12-22","purchased_purges":1,"victory":false,"max_hp_per_floor":[75,75,75,75,75,75,75,75,75,75,75,75,75,75,75,75,75,75,75,75,75,75,75,75],"card_choices":[{"not_picked":["Coolheaded","Fusion"],"picked":"FTL","floor":1},{"not_picked":["White Noise","Reprogram"],"picked":"BootSequence","floor":4},{"not_picked":["Beam Cell","Coolheaded"],"picked":"Defragment","floor":5},{"not_picked":["Recycle","Sweeping Beam"],"picked":"Static Discharge","floor":7},{"not_picked":["Genetic Algorithm","Rebound"],"picked":"Gash","floor":12},{"not_picked":["Skim","Reboot"],"picked":"Gash","floor":14},{"not_picked":["Fission","All For One"],"picked":"Thunder Strike","floor":16},{"not_picked":["Reinforced Body","Beam Cell"],"picked":"Ball Lightning+1","floor":18},{"not_picked":["Steam","Coolheaded","Genetic Algorithm"],"picked":"SKIP","floor":19},{"not_picked":["Skim","Beam Cell"],"picked":"Scrape","floor":20}],"player_experience":436330,"relics_obtained":[{"floor":7,"key":"Juzu Bracelet"},{"floor":9,"key":"Dream Catcher"},{"floor":14,"key":"Potion Belt"}],"event_choices":[{"damage_healed":0,"gold_gain":0,"player_choice":"Rummage","damage_taken":0,"relics_obtained":["WarpedTongs"],"max_hp_gain":0,"max_hp_loss":0,"event_name":"Accursed Blacksmith","floor":3,"gold_loss":0,"cards_obtained":["Pain"]},{"cards_removed":["Pain"],"damage_healed":0,"gold_gain":0,"player_choice":"Purged","damage_taken":0,"max_hp_gain":0,"max_hp_loss":0,"event_name":"Purifier","floor":21,"gold_loss":0}],"is_beta":false,"boss_relics":[{"not_picked":["SlaversCollar","SacredBark"],"picked":"Black Star"}],"items_purged_floors":[10],"is_endless":false,"potions_floor_spawned":[1,7,12,14,19],"killed_by":"Book of Stabbing","ascension_level":7}}