{"host":"t8xcc1szlyy3f8no","time":1609454109,"event":{"mods":["BaseMod","BetterRewards","Colored Map","Colored Powertips","Downfall","Duelist Mod","Minty Spire (QoL Compilation)","Quick Restart","Rare Cards Sparkle","Spicy Shops","StSLib","SuperFastMode","The Construct"],"gold_per_floor":[136,153,53,72,72,91,103,103,103,103,131,131,6,25,25,128,128,138,138,53,66,66,66,77,94,118,150,162,192,215,227,239,353,365,396,101,101,114,124,140,174,188,188,188,201,48,48,79,79,79],"floor_reached":51,"playtime":3837,"items_purged":["theDuelist:CastleWalls","theDuelist:NaturiaBeast","theDuelist:CursedBill","Parasite"],"score":763,"play_id":"a5b8e53a-9f66-411f-9bf2-294672499612","local_time":"20201231223509","is_ascension_mode":false,"campfire_choices":[{"data":"theDuelist:DarkHole","floor":8,"key":"SMITH"},{"data":"theDuelist:NaturiaBrambi","floor":15,"key":"SMITH"},{"data":"theDuelist:NaturiaHorneedle","floor":23,"key":"SMITH"},{"data":"theDuelist:NaturiaSacredTree","floor":32,"key":"SMITH"},{"floor":47,"key":"REST"},{"floor":49,"key":"REST"}],"circlet_count":0,"master_deck":["theDuelist:WildNatureRelease+1","theDuelist:CastleWalls+1","theDuelist:NaturiaHydrangea+1","theDuelist:SummoningSwarm+1","theDuelist:Sparks+1","theDuelist:NaturiaHorneedle+1","theDuelist:NaturiaCliff+1","theDuelist:DarkHole+1","theDuelist:NaturiaTulip+1","theDuelist:NaturiaLandoise+1","theDuelist:NaturiaHorneedle+1","theDuelist:NaturiaPineapple+1","theDuelist:Sparks+1","theDuelist:NaturiaRock+1","theDuelist:Sparks+1","theDuelist:NaturiaForest+1","theDuelist:NaturiaSacredTree+1","theDuelist:NaturiaBrambi+1","theDuelist:Pollinosis+1","theDuelist:CastleWalls+1","theDuelist:NaturiaRosewhip+1","theDuelist:SeedSacredTree+1","theDuelist:NaturiaRock+1","theDuelist:CurseDarkness","theDuelist:SeismicShockwave+1","theDuelist:LeodrakeMane+1"],"relics":["theDuelist:MillenniumPuzzle","theDuelist:CardPoolRelic","theDuelist:CardPoolBasicRelic","theDuelist:BoosterPackPoolRelic","theDuelist:CardPoolAddRelic","theDuelist:CardPoolMinusRelic","theDuelist:CardPoolSaveRelic","theDuelist:CardPoolOptionsRelic","theDuelist:ElectricToken","Anchor","theDuelist:SummonAnchorRare","theDuelist:CursedHealer","Oddly Smooth Stone","theDuelist:ZoneToken","theDuelist:MillenniumRod","Busted Crown","Nilry\u0027s Codex","theDuelist:BoosterPackTrapEgg","MutagenicStrength","MawBank","Self Forming Clay","SlaversCollar","Blood Vial","theDuelist:DuelistLetterOpener","theDuelist:MetronomeRelicB","Bag of Preparation","Incense Burner"],"acts_visited":["Exordium","TheCity","TheBeyond"],"potions_floor_usage":[16,16,33,33,50,50],"damage_taken":[{"damage":0,"enemies":"Cultist","floor":1,"turns":4},{"damage":10,"enemies":"Small Slimes","floor":2,"turns":4},{"damage":0,"enemies":"2 Louse","floor":4,"turns":4},{"damage":0,"enemies":"Exordium Wildlife","floor":6,"turns":4},{"damage":0,"enemies":"Large Slime","floor":7,"turns":5},{"damage":10,"enemies":"3 Sentries","floor":11,"turns":5},{"damage":22,"enemies":"Exordium Thugs","floor":14,"turns":7},{"damage":6,"enemies":"Slime Boss","floor":16,"turns":7},{"damage":1,"enemies":"Spheric Guardian","floor":18,"turns":3},{"damage":2,"enemies":"3 Byrds","floor":21,"turns":3},{"damage":2,"enemies":"Centurion and Healer","floor":24,"turns":6},{"damage":0,"enemies":"Shelled Parasite and Fungi","floor":25,"turns":7},{"damage":0,"enemies":"Chosen and Byrds","floor":27,"turns":6},{"damage":0,"enemies":"Centurion and Healer","floor":29,"turns":5},{"damage":0,"enemies":"Cultist and Chosen","floor":30,"turns":4},{"damage":42,"enemies":"Collector","floor":33,"turns":10},{"damage":16,"enemies":"3 Darklings","floor":35,"turns":5},{"damage":20,"enemies":"3 Shapes","floor":38,"turns":4},{"damage":0,"enemies":"Jaw Worm Horde","floor":39,"turns":4},{"damage":22,"enemies":"Maw","floor":40,"turns":7},{"damage":0,"enemies":"Reptomancer","floor":41,"turns":4},{"damage":5,"enemies":"Transient","floor":42,"turns":5},{"damage":4,"enemies":"Sphere and 2 Shapes","floor":45,"turns":4},{"damage":24,"enemies":"Nemesis","floor":48,"turns":7},{"damage":9,"enemies":"Donu and Deca","floor":50,"turns":10}],"seed_played":"-9141823755675575419","potions_obtained":[{"floor":1,"key":"theDuelist:TokenPotion"},{"floor":7,"key":"SpeedPotion"},{"floor":18,"key":"sneckomod:MuddlingPotion"},{"floor":24,"key":"AttackPotion"},{"floor":25,"key":"theDuelist:GiftPotion"},{"floor":35,"key":"SteroidPotion"},{"floor":39,"key":"Strength Potion"}],"is_trial":false,"path_per_floor":["M","M","$","M","?","M","M","R","T","?","E","?","$","M","R","B",null,"M","?","?","M","?","R","M","M","T","M","?","M","M","?","R","B",null,"M","$","?","M","M","M","E","M","T","?","M","$","R","E","R","B",null],"character_chosen":"THE_DUELIST","items_purchased":["Anchor","theDuelist:SummonAnchorRare","Blood Vial","Bag of Preparation"],"campfire_rested":2,"item_purchase_floors":[0,0,36,46],"current_hp_per_floor":[44,34,34,34,59,59,59,59,59,79,69,69,69,47,47,41,80,79,63,63,61,61,61,59,59,59,59,59,59,59,59,59,31,80,64,64,64,46,48,28,30,27,27,27,25,25,46,24,45,38],"gold":79,"neow_bonus":"","is_daily":false,"chose_seed":false,"campfire_upgraded":4,"win_rate":0.0,"timestamp":1609454109,"path_taken":["M","M","?","M","?","M","M","R","T","?","E","?","$","M","R","BOSS","M","?","?","M","?","R","M","M","T","M","?","?","M","?","R","BOSS","M","$","?","?","M","M","E","M","T","?","M","$","R","E","R","BOSS"],"items_purchased_type":["Relic","Relic","Relic","Relic"],"build_version":"2020-12-22","purchased_purges":4,"victory":true,"max_hp_per_floor":[80,80,80,80,80,80,80,80,80,80,80,80,80,80,80,80,80,80,80,80,80,80,80,80,80,80,80,80,80,80,80,80,80,80,78,75,75,75,73,73,73,73,73,73,73,73,73,73,73,73],"card_choices":[{"not_picked":["theDuelist:AttackTheMoon","theDuelist:GraniteLoyalist","theDuelist:FutureFusion","theDuelist:GemElephant"],"picked":"theDuelist:DarkHole","floor":1},{"not_picked":["theDuelist:Sangan","theDuelist:AttackTheMoon","theDuelist:MudGolem","theDuelist:MudragonSwamp","theDuelist:MillenniumGolem"],"picked":"SKIP","floor":2},{"not_picked":["theDuelist:NaturiaEggplant","theDuelist:NaturiaCliff","theDuelist:NaturiaMantis","theDuelist:NaturiaWhiteOak"],"picked":"theDuelist:NaturiaRosewhip","floor":4},{"not_picked":["theDuelist:Mudora","theDuelist:DestructPotion","theDuelist:GemArmadillo","theDuelist:ChangeHeart","theDuelist:DummyGolem"],"picked":"SKIP","floor":6},{"not_picked":["theDuelist:DemiseLand","theDuelist:Canyon","theDuelist:MultiplicationOfAnts","theDuelist:Wildfire"],"picked":"theDuelist:NaturiaForest","floor":7},{"not_picked":["theDuelist:NaturiaEggplant","theDuelist:NaturiaDragonfly","theDuelist:NaturiaCliff","theDuelist:FuryFire"],"picked":"theDuelist:NaturiaHydrangea","floor":11},{"not_picked":["theDuelist:NaturiaGaiastrio","theDuelist:NaturiaRock","theDuelist:NaturiaSpiderfang","theDuelist:NaturiaParadizo"],"picked":"theDuelist:NaturiaBrambi","floor":14},{"not_picked":["theDuelist:DemiseLand","theDuelist:SeismicShockwave","theDuelist:ClosedForest","theDuelist:Canyon"],"picked":"theDuelist:NaturiaHorneedle","floor":16},{"not_picked":["theDuelist:NaturiaBeast","theDuelist:NaturiaCliff"],"picked":"theDuelist:NaturiaRock","floor":18},{"not_picked":["theDuelist:LeodrakeMane","theDuelist:FuryFire"],"picked":"theDuelist:WildNatureRelease","floor":21},{"not_picked":["theDuelist:ConvulsionNature","theDuelist:NaturiaLeodrake","theDuelist:LairWire+1"],"picked":"theDuelist:NaturiaSacredTree","floor":24},{"not_picked":["theDuelist:VenomShot","theDuelist:ExterioFang+1"],"picked":"theDuelist:SeedSacredTree","floor":25},{"not_picked":["theDuelist:NaturiaBrambi+1","theDuelist:NaturiaGuardian+1"],"picked":"theDuelist:NaturiaLandoise+1","floor":27},{"not_picked":["theDuelist:FossilDig","theDuelist:LeodrakeMane"],"picked":"theDuelist:SummoningSwarm","floor":29},{"not_picked":["theDuelist:PowerWall+1","theDuelist:GemElephant+1"],"picked":"theDuelist:Wiseman","floor":30},{"not_picked":["theDuelist:SeismicShockwave+1","theDuelist:Canyon+1"],"picked":"theDuelist:NaturiaHorneedle","floor":33},{"not_picked":["theDuelist:SurvivalInstinct+1","theDuelist:NaturiaBambooShoot+1"],"picked":"theDuelist:NaturiaPineapple+1","floor":35},{"not_picked":["theDuelist:FuryFire+1","theDuelist:LuminousMoss+1","theDuelist:Wiretap+1"],"picked":"SKIP","floor":38},{"not_picked":["theDuelist:FossilDig+1","theDuelist:NaturiaRagweed"],"picked":"theDuelist:Pollinosis+1","floor":39},{"not_picked":["theDuelist:NaturiaForest","theDuelist:Canyon"],"picked":"theDuelist:SeismicShockwave+1","floor":40},{"not_picked":["theDuelist:NaturiaLeodrake+1","theDuelist:NaturiaSacredTree"],"picked":"theDuelist:LeodrakeMane+1","floor":41},{"not_picked":["theDuelist:SummoningSwarm","theDuelist:FossilDig","theDuelist:FrozenRose"],"picked":"SKIP","floor":42},{"not_picked":["theDuelist:NaturiaEggplant+1","theDuelist:SangaEarth","theDuelist:NaturiaLeodrake"],"picked":"SKIP","floor":45},{"not_picked":["theDuelist:Mudora+1","theDuelist:WeepingIdol+1","theDuelist:GolemSentry+1"],"picked":"SKIP","floor":48}],"player_experience":42106,"relics_obtained":[{"floor":9,"key":"Oddly Smooth Stone"},{"floor":11,"key":"theDuelist:ZoneToken"},{"floor":19,"key":"Nilry\u0027s Codex"},{"floor":26,"key":"MawBank"},{"floor":41,"key":"theDuelist:DuelistLetterOpener"},{"floor":43,"key":"theDuelist:MetronomeRelicB"},{"floor":48,"key":"Incense Burner"}],"event_choices":[{"damage_healed":0,"gold_gain":0,"player_choice":"Succumb - +25HP/Cursed Relic","duelist":true,"damage_taken":0,"max_hp_gain":0,"max_hp_loss":0,"event_name":"Tomb of the Nameless","floor":5,"gold_loss":0},{"damage_healed":20,"gold_gain":0,"player_choice":"Healed and dodged fight","damage_taken":0,"max_hp_gain":0,"max_hp_loss":0,"event_name":"Mushrooms","floor":10,"gold_loss":0,"cards_obtained":["Parasite"]},{"damage_healed":0,"gold_gain":0,"player_choice":"Took item - Received: Millennium Rod","duelist":true,"damage_taken":0,"max_hp_gain":0,"max_hp_loss":0,"event_name":"Millennium Items","floor":12,"gold_loss":0},{"damage_healed":0,"gold_gain":0,"player_choice":"Obtained Book","damage_taken":16,"max_hp_gain":0,"max_hp_loss":0,"event_name":"Cursed Tome","floor":19,"gold_loss":0},{"damage_healed":0,"gold_gain":0,"player_choice":"Obtained Relic","damage_taken":0,"relics_obtained":["theDuelist:BoosterPackTrapEgg"],"max_hp_gain":0,"max_hp_loss":0,"event_name":"Addict","floor":20,"gold_loss":85},{"damage_healed":0,"gold_gain":0,"player_choice":"Inject Mutagens","damage_taken":0,"relics_obtained":["MutagenicStrength"],"max_hp_gain":0,"max_hp_loss":0,"event_name":"Drug Dealer","floor":22,"gold_loss":0},{"damage_healed":0,"gold_gain":0,"player_choice":"Opened","damage_taken":0,"relics_obtained":["Self Forming Clay"],"max_hp_gain":0,"max_hp_loss":0,"event_name":"The Mausoleum","floor":28,"gold_loss":0},{"damage_healed":0,"gold_gain":0,"player_choice":"Ignored","damage_taken":0,"max_hp_gain":0,"max_hp_loss":0,"event_name":"Vampires","floor":31,"gold_loss":0},{"damage_healed":0,"gold_gain":0,"player_choice":"Ignored","damage_taken":0,"max_hp_gain":0,"max_hp_loss":0,"event_name":"SecretPortal","floor":37,"gold_loss":0},{"total_magic_score":86,"gold_gain":0,"duelist":true,"damage_taken":0,"relics_obtained":[],"points":8,"max_hp_gain":0,"max_hp_loss":0,"spent_points":{"magic":0,"greed":0,"war":0,"power":0,"hunger":0},"event_name":"Nameless Tomb","floor":44,"gold_loss":0,"cards_obtained":[]}],"is_beta":false,"boss_relics":[{"not_picked":["Cursed Key","Ectoplasm"],"picked":"Busted Crown"},{"not_picked":["Runic Dome","Runic Pyramid"],"picked":"SlaversCollar"}],"items_purged_floors":[0,3,13,36],"is_endless":false,"potions_floor_spawned":[1,7,11,18,24,25,30,35,39],"ascension_level":0}}