{"host":"1rf9pknejqhzkc4o","time":1609411957,"event":{"mods":["Aspiration","BaseMod","Better Altar","Better Match","Better Note","Better Sensory Stone","Better Skull","Better Third Choice","Colored Map","Colored Powertips","Communication Mod","Conspire","Energized Spire","Hubris","Infinite Spire","Ironclad Rager","Minty Spire (QoL Compilation)","Quick Restart","RNG Fix","Rare Cards Sparkle","Relic Stats","Replay The Spire","Retaliation","Spicy Shops","StSLib","The Blue Laboratory","Trackpad"],"gold_per_floor":[209,32,32,47,78,78,89,106,106,116,132,132,35,45,45,144,144,128,37,37,37,48,48,48,48,48,65,76,76,86,99,99,99,99],"floor_reached":33,"playtime":1955,"items_purged":[],"score":291,"play_id":"1f7da18c-5027-46c4-bc87-12ec3d59cb5e","local_time":"20201231135237","is_ascension_mode":false,"campfire_choices":[{"data":"Apotheosis","floor":6.0,"key":"SMITH"},{"floor":12.0,"key":"REST"},{"floor":15.0,"key":"REST"},{"floor":25,"key":"REST"},{"floor":29,"key":"REST"}],"circlet_count":0,"master_deck":["ICR:DragonStrike+1","Strike_P+1","Strike_P+1","Strike_P+1","Strike_P+1","Defend_P+1","Defend_P+1","Defend_P+1","Defend_P+1","Eruption","Vigilance","Apotheosis+1","Replay:DivineShield+1","WreathOfFlame+1","Replay:DivineShield+1","BowlingBash","Blind+1","Swivel+1","DeusExMachina+1","Study","Bandage Up+1","infinitespire:Collect+1","WheelKick","Collect+1"],"relics":["PureWater","Toxic Egg 2","hubris:HollowSoul","MutagenicStrength","Snack Pack"],"acts_visited":["Exordium","TheCity"],"potions_floor_usage":[28,28,33],"damage_taken":[{"damage":7.0,"enemies":"conspire:RoseBush","floor":1.0,"turns":3.0},{"damage":0.0,"enemies":"Small Slimes","floor":4.0,"turns":2.0},{"damage":24.0,"enemies":"conspire:MimicChest","floor":5.0,"turns":5.0},{"damage":0.0,"enemies":"Cultist","floor":7.0,"turns":3.0},{"damage":0.0,"enemies":"Gremlin Gang","floor":8.0,"turns":3.0},{"damage":3.0,"enemies":"Blue Slaver","floor":10.0,"turns":3.0},{"damage":30.0,"enemies":"Exordium Wildlife","floor":11.0,"turns":2.0},{"damage":10.0,"enemies":"Looter","floor":14.0,"turns":2.0},{"damage":0.0,"enemies":"Slime Boss","floor":16.0,"turns":7.0},{"damage":16,"enemies":"2 Thieves","floor":18,"turns":4},{"damage":41,"enemies":"conspire:FuzzyDice","floor":22,"turns":10},{"damage":38,"enemies":"Snake Plant","floor":27,"turns":6},{"damage":2,"enemies":"3 Cultists","floor":28,"turns":4},{"damage":24,"enemies":"Sentry and Sphere","floor":30,"turns":4},{"damage":40,"enemies":"conspire:HollyBat","floor":31,"turns":5},{"damage":19,"enemies":"Automaton","floor":33,"turns":2}],"seed_played":"2628835340004401976","potions_obtained":[{"floor":1.0,"key":"Explosive Potion"},{"floor":10.0,"key":"blueLaboratory:TrueEctoplasm"},{"floor":11.0,"key":"Elixir"},{"floor":14.0,"key":"Languid Potion"},{"floor":16.0,"key":"BlessingOfTheForge"},{"floor":28,"key":"AttackPotion"},{"floor":31,"key":"blueLaboratory:FrostheartPotion"}],"is_trial":false,"path_per_floor":["M","$","?","M","?","R","M","M","T","M","M","R","$","M","R","B",null,"M","$","?","?","M","?","?","R","T","M","M","R","M","M","R_BF","B"],"character_chosen":"WATCHER","items_purchased":["Apotheosis","Blind+1","Bandage Up+1"],"campfire_rested":4,"item_purchase_floors":[2,13,19],"current_hp_per_floor":[65,65,65,65,41,41,41,41,41,38,8,29,29,19,40,40,72,56,56,56,56,21,21,21,42,42,14,36,57,41,9,30,0,0],"gold":99,"neow_bonus":"HUNDRED_GOLD","is_daily":false,"chose_seed":false,"campfire_upgraded":1,"win_rate":0.0,"timestamp":1609411957,"path_taken":["M","$","?","M","?","R","M","M","T","M","M","R","$","M","R","BOSS","M","$","?","?","M","?","?","R","T","M","M","R","M","M","R_BF","BOSS"],"items_purchased_type":["Card","Card","Card"],"build_version":"2020-12-22","purchased_purges":0,"victory":false,"max_hp_per_floor":[72,72,72,72,72,72,72,72,72,72,72,72,72,72,72,72,72,72,72,72,72,72,72,72,72,72,72,72,72,72,72,72,72,72],"relic_stats":{"counters":[16,71],"obtain_stats":[{"MutagenicStrength":24,"hubris:HollowSoul":17,"Snack Pack":26,"PureWater":0,"Toxic Egg 2":5},{"MutagenicStrength":11,"hubris:HollowSoul":9,"Snack Pack":11,"PureWater":0,"Toxic Egg 2":3},{"MutagenicStrength":44,"hubris:HollowSoul":30,"Snack Pack":44,"PureWater":0,"Toxic Egg 2":10}]},"card_choices":[{"not_picked":["Evaluate","Meditate"],"picked":"ForeignInfluence","floor":1.0},{"not_picked":["FlyingSleeves","ThirdEye"],"picked":"Replay:DivineShield","floor":4.0},{"not_picked":["Replay:AtTheReady+1","Prostrate+1"],"picked":"WreathOfFlame+1","floor":7.0},{"not_picked":["TalkToTheHand","SashWhip"],"picked":"Replay:DivineShield+1","floor":8.0},{"not_picked":["Wireheading","FlyingSleeves"],"picked":"BowlingBash","floor":10.0},{"not_picked":["JustLucky","FlurryOfBlows","SignatureMove"],"picked":"SKIP","floor":11.0},{"not_picked":["Meditate+1","ThirdEye+1"],"picked":"Swivel+1","floor":14.0},{"not_picked":["Brilliance","Establishment"],"picked":"DeusExMachina+1","floor":16.0},{"not_picked":["Replay:Cycle+1","Tantrum"],"picked":"Study","floor":18},{"not_picked":["Evaluate+1","Adaptation"],"picked":"WheelKick","floor":22},{"not_picked":["Fasting2","CutThroughFate","SignatureMove+1"],"picked":"SKIP","floor":27},{"not_picked":["CrushJoints+1","Study+1","Replay:BluntJabs"],"picked":"SKIP","floor":28},{"not_picked":["Pray+1","Study"],"picked":"Collect+1","floor":30},{"not_picked":["Evaluate+1","Replay:Hum+1","FlyingSleeves"],"picked":"SKIP","floor":31}],"player_experience":154891,"relics_obtained":[{"floor":5.0,"key":"Toxic Egg 2"},{"floor":26,"key":"Snack Pack"}],"event_choices":[{"cards_removed":["infinitespire:Collect"],"damage_healed":0,"gold_gain":0,"player_choice":"Take \u0026 Give","damage_taken":0,"max_hp_gain":0,"max_hp_loss":0,"event_name":"betterNote:BetterNote","floor":20,"gold_loss":0,"cards_obtained":["infinitespire:Collect"]},{"damage_healed":0,"gold_gain":0,"player_choice":"Simplicity","damage_taken":0,"max_hp_gain":0,"max_hp_loss":8,"event_name":"betterThird:BetterWriting","floor":21,"gold_loss":0},{"cards_removed":["ForeignInfluence"],"damage_healed":0,"gold_gain":0,"player_choice":"Card Removal","damage_taken":0,"max_hp_gain":0,"max_hp_loss":0,"event_name":"Wheel of Change","floor":23,"gold_loss":0},{"damage_healed":0,"gold_gain":0,"player_choice":"Inject Mutagens","damage_taken":0,"relics_obtained":["MutagenicStrength"],"max_hp_gain":0,"max_hp_loss":0,"event_name":"Drug Dealer","floor":24,"gold_loss":0}],"is_beta":false,"boss_relics":[{"not_picked":["Coffee Dripper","Kintsugi"],"picked":"hubris:HollowSoul"}],"items_purged_floors":[],"is_endless":false,"potions_floor_spawned":[1,10,11,14,16,18,28,31],"killed_by":"Automaton","ascension_level":0}}