{"host":"raaimkojny05jekw","time":1609401351,"event":{"mods":["AchievementEnabler","BaseMod","Colored Map","Colored Powertips","DeckTracker","Minty Spire (QoL Compilation)","Quick Restart","Rare Cards Sparkle","everything is the same but u backflip on backflip"],"gold_per_floor":[111,123,123,135,146,146,179,191,230,252,294,306,330,355,367,379,379],"floor_reached":16,"playtime":400,"items_purged":[],"score":139,"play_id":"c3be3b03-8aa0-4419-b534-9d9f98134641","local_time":"20201231165551","is_ascension_mode":false,"campfire_choices":[{"data":"Evolve","floor":6,"key":"SMITH"},{"data":"Immolate","floor":12,"key":"SMITH"},{"data":"Bloodletting","floor":15,"key":"SMITH"}],"circlet_count":0,"master_deck":["Strike_R","Strike_R","Strike_R","Strike_R","Strike_R","Defend_R","Defend_R","Defend_R","Defend_R","Bash","Immolate+1","Fire Breathing","Impervious","Evolve+1","Shockwave+1","Twin Strike","Bloodletting+1","Headbutt"],"relics":["Burning Blood","MawBank","Juzu Bracelet","Tiny Chest"],"acts_visited":["Exordium"],"potions_floor_usage":[7,11,11],"damage_taken":[{"damage":11,"enemies":"Jaw Worm","floor":1,"turns":3},{"damage":0,"enemies":"2 Louse","floor":2,"turns":1},{"damage":6,"enemies":"Cultist","floor":4,"turns":3},{"damage":16,"enemies":"Large Slime","floor":5,"turns":5},{"damage":0,"enemies":"Gremlin Nob","floor":7,"turns":2},{"damage":18,"enemies":"Blue Slaver","floor":10,"turns":4},{"damage":26,"enemies":"Lagavulin","floor":11,"turns":5},{"damage":11,"enemies":"Exordium Thugs","floor":13,"turns":3},{"damage":10,"enemies":"Looter","floor":14,"turns":3},{"damage":35,"enemies":"Slime Boss","floor":16,"turns":3}],"seed_played":"3263858599774687239","potions_obtained":[{"floor":1,"key":"AttackPotion"},{"floor":5,"key":"Swift Potion"},{"floor":7,"key":"Energy Potion"}],"is_trial":false,"path_per_floor":["M","M","?","M","M","R","E","?","T","M","E","R","M","M","R","B"],"character_chosen":"IRONCLAD","items_purchased":[],"campfire_rested":0,"item_purchase_floors":[],"current_hp_per_floor":[67,72,77,77,67,67,73,73,73,61,41,41,36,32,32,0,0],"gold":379,"neow_bonus":"THREE_RARE_CARDS","is_daily":false,"chose_seed":false,"campfire_upgraded":3,"win_rate":0.0,"timestamp":1609401351,"path_taken":["M","M","?","M","M","R","E","?","T","M","E","R","M","M","R","BOSS"],"items_purchased_type":[],"build_version":"2020-12-22","purchased_purges":0,"victory":false,"max_hp_per_floor":[72,72,77,77,77,77,77,77,77,77,77,77,77,77,77,77,77],"card_choices":[{"not_picked":["Feed","Offering"],"picked":"Immolate","floor":0},{"not_picked":["Cleave","Warcry"],"picked":"Fire Breathing","floor":1},{"not_picked":["Anger","Flex","Cleave"],"picked":"SKIP","floor":2},{"not_picked":["Havoc","True Grit"],"picked":"Impervious","floor":4},{"not_picked":["Pommel Strike","Heavy Blade"],"picked":"Evolve","floor":5},{"not_picked":["Iron Wave","Anger"],"picked":"Shockwave","floor":7},{"not_picked":["Shockwave","Perfected Strike"],"picked":"Twin Strike","floor":10},{"not_picked":["Rampage","Carnage"],"picked":"Bloodletting","floor":11},{"not_picked":["Disarm","Blood for Blood"],"picked":"Headbutt","floor":13},{"not_picked":["Heavy Blade","Carnage","Sword Boomerang"],"picked":"SKIP","floor":14}],"player_experience":699117,"relics_obtained":[{"floor":7,"key":"MawBank"},{"floor":9,"key":"Juzu Bracelet"},{"floor":11,"key":"Tiny Chest"}],"event_choices":[{"damage_healed":0,"gold_gain":0,"player_choice":"Donut","damage_taken":0,"max_hp_gain":5,"max_hp_loss":0,"event_name":"Big Fish","floor":3,"gold_loss":0},{"damage_healed":0,"gold_gain":0,"player_choice":"Forge","damage_taken":0,"max_hp_gain":0,"max_hp_loss":0,"event_name":"Accursed Blacksmith","floor":8,"gold_loss":0,"cards_upgraded":["Shockwave"]}],"is_beta":false,"boss_relics":[],"items_purged_floors":[],"is_endless":false,"potions_floor_spawned":[1,5,7],"killed_by":"Slime Boss","ascension_level":0}}