{"host":"1fg1a150gjswaegv","time":1609450022,"event":{"mods":["AchievementEnabler","BaseMod","Downfall","Hermit","Minty Spire (QoL Compilation)","StSLib","The Bug Knight"],"gold_per_floor":[109,121,138,138,151,151,5,18,18,31,92,92,92,133,133,254,254,234,234,181,194,207,248,63,63,63],"floor_reached":25,"playtime":2434,"items_purged":[],"score":223,"play_id":"2ef57dbd-9231-4be4-8aa9-c627bf2e0255","local_time":"20201231152702","is_ascension_mode":false,"campfire_choices":[{"data":"hermit:FullyLoaded","floor":6.0,"key":"SMITH"},{"data":"hermit:Gestalt","floor":13.0,"key":"SMITH"},{"floor":15.0,"key":"REST"}],"circlet_count":0,"master_deck":["hermit:Strike_Hermit","hermit:Strike_Hermit","hermit:Strike_Hermit","hermit:Strike_Hermit","hermit:Defend_Hermit","hermit:Defend_Hermit+1","hermit:Defend_Hermit","hermit:Defend_Hermit","hermit:Snapshot","hermit:Covet+1","hermit:FullyLoaded+1","hermit:Brawl","hermit:LowProfile+1","hermit:Desperado","hermit:Gestalt+1","hermit:BodyArmor","hermit:TrackingShot","hermit:Magnum","hermit:Roughhouse","hermit:Malice+1","hermit:Showdown+1","hermit:HighCaliber+1","hermit:Dive","hermit:PistolWhip+1"],"relics":["hermit:Momento","Boot","War Paint","Strawberry","Golden Idol","Mummified Hand","Sozu","Molten Egg 2","Frozen Egg 2","Lantern"],"acts_visited":["Exordium","TheCity"],"potions_floor_usage":[],"damage_taken":[{"damage":3.0,"enemies":"Jaw Worm","floor":1.0,"turns":4.0},{"damage":6.0,"enemies":"Cultist","floor":2.0,"turns":3.0},{"damage":1.0,"enemies":"2 Louse","floor":3.0,"turns":4.0},{"damage":2.0,"enemies":"Blue Slaver","floor":5.0,"turns":6.0},{"damage":17.0,"enemies":"Gremlin Gang","floor":8.0,"turns":5.0},{"damage":1.0,"enemies":"Exordium Thugs","floor":10.0,"turns":5.0},{"damage":2.0,"enemies":"Gremlin Nob","floor":11.0,"turns":4.0},{"damage":26.0,"enemies":"3 Sentries","floor":14.0,"turns":11.0},{"damage":13.0,"enemies":"Slime Boss","floor":16.0,"turns":10.0},{"damage":13.0,"enemies":"2 Thieves","floor":18.0,"turns":5.0},{"damage":11,"enemies":"3 Byrds","floor":21,"turns":5},{"damage":5,"enemies":"Snecko","floor":22,"turns":6},{"damage":52,"enemies":"Slavers","floor":23,"turns":9},{"damage":8,"enemies":"3 Cultists","floor":25,"turns":3}],"seed_played":"6004289982130461212","potions_obtained":[{"floor":1.0,"key":"EntropicBrew"},{"floor":4.0,"key":"hermit:Eclipse"},{"floor":11.0,"key":"SteroidPotion"},{"floor":14.0,"key":"hermit:Tonic"}],"is_trial":false,"path_per_floor":["M","M","M","?","M","R","$","M","T","M","?","?","R","E","R","B",null,"M","?","?","M","M","E","$","M"],"character_chosen":"HERMIT","items_purchased":["Boot","Lantern","hermit:PistolWhip+1"],"campfire_rested":1,"item_purchase_floors":[7,24,24],"current_hp_per_floor":[72,66,65,65,63,63,63,46,46,45,50,30,30,4,28,15,82,69,69,69,58,53,1,1,0,0],"gold":63,"neow_bonus":"UPGRADE_CARD","is_daily":false,"chose_seed":false,"campfire_upgraded":2,"win_rate":0.0,"timestamp":1609450022,"path_taken":["M","M","M","?","M","R","$","M","T","?","?","?","R","E","R","BOSS","M","?","?","M","M","E","$","M"],"items_purchased_type":["Relic","Relic","Card"],"build_version":"2020-12-22","purchased_purges":0,"victory":false,"max_hp_per_floor":[75,75,75,75,75,75,75,75,75,75,82,82,82,82,82,82,82,82,82,82,82,82,82,82,82,82],"card_choices":[{"not_picked":["hermit:Gestalt","hermit:NoHoldsBarred"],"picked":"hermit:FullyLoaded","floor":1.0},{"not_picked":["hermit:LoneWolf","hermit:BigShot"],"picked":"hermit:Brawl","floor":2.0},{"not_picked":["hermit:HoleUp","hermit:Headshot"],"picked":"hermit:LowProfile","floor":3.0},{"not_picked":["hermit:LowProfile","hermit:Ricochet"],"picked":"hermit:Desperado","floor":5.0},{"not_picked":["hermit:Scavenge","hermit:Ricochet"],"picked":"hermit:Gestalt","floor":8.0},{"not_picked":["hermit:Manifest","hermit:LoneWolf"],"picked":"hermit:BodyArmor","floor":10.0},{"not_picked":["hermit:Snipe","hermit:NoHoldsBarred"],"picked":"hermit:TrackingShot","floor":11.0},{"not_picked":["hermit:Snipe","hermit:Deadeye"],"picked":"hermit:Magnum","floor":14.0},{"not_picked":["hermit:FromBeyond","hermit:HeroicBravado"],"picked":"hermit:Roughhouse","floor":16.0},{"not_picked":["hermit:NoHoldsBarred","hermit:LoneWolf"],"picked":"hermit:Malice+1","floor":18.0},{"not_picked":["hermit:Misfire+1","hermit:Spite+1"],"picked":"hermit:Showdown+1","floor":21},{"not_picked":["hermit:Snipe","hermit:LuckOfTheDraw+1"],"picked":"hermit:HighCaliber+1","floor":22},{"not_picked":["hermit:Spite+1","hermit:Grudge+1"],"picked":"hermit:Dive","floor":23}],"player_experience":25859,"relics_obtained":[{"floor":9.0,"key":"War Paint"},{"floor":14.0,"key":"Mummified Hand"},{"floor":23,"key":"Frozen Egg 2"}],"event_choices":[{"damage_healed":0.0,"max_hp_gain":0.0,"max_hp_loss":0.0,"gold_gain":0.0,"event_name":"Lab","player_choice":"Got Potions","floor":4.0,"gold_loss":0.0,"damage_taken":0.0},{"damage_healed":0.0,"max_hp_gain":0.0,"max_hp_loss":0.0,"gold_gain":0.0,"event_name":"Dead Adventurer","player_choice":"Searched \u00272\u0027 times","floor":11.0,"gold_loss":0.0,"damage_taken":0.0,"relics_obtained":["Strawberry"]},{"damage_healed":0.0,"max_hp_gain":0.0,"max_hp_loss":0.0,"gold_gain":0.0,"event_name":"Golden Idol","player_choice":"Take Damage","floor":12.0,"gold_loss":0.0,"damage_taken":20.0,"relics_obtained":["Golden Idol"]},{"damage_healed":0.0,"max_hp_gain":0.0,"max_hp_loss":0.0,"gold_gain":0.0,"event_name":"Ghosts","player_choice":"Ignored","floor":19.0,"gold_loss":0.0,"damage_taken":0.0},{"damage_healed":0.0,"max_hp_gain":0.0,"max_hp_loss":0.0,"gold_gain":0.0,"event_name":"WeMeetAgain","player_choice":"Paid Gold","floor":20.0,"gold_loss":53.0,"damage_taken":0.0,"relics_obtained":["Molten Egg 2"]}],"is_beta":false,"boss_relics":[{"not_picked":["Velvet Choker","Coffee Dripper"],"picked":"Sozu"}],"items_purged_floors":[],"is_endless":false,"potions_floor_spawned":[1,10,11,14,18,22],"killed_by":"3 Cultists","ascension_level":0}}