{"host":"xv6tnu9e6lzjd13s","time":1609392305,"event":{"mods":["BaseMod","Colored Powertips","Googly Eyes","Minty Spire (QoL Compilation)","Replay The Spire","StSLib"],"gold_per_floor":[118,118,118,138,153,182,182,182,182,182,210,210,210,227,227,323,323,334,345,24,58,58,58,92,92,115,115,133,133,133],"floor_reached":29,"playtime":1746,"items_purged":[],"score":249,"play_id":"065b6f29-289d-4ef6-a8fc-150fdb4613a0","local_time":"20201230222505","is_ascension_mode":false,"campfire_choices":[{"floor":10,"key":"REST"},{"floor":13,"key":"REST"},{"floor":15,"key":"REST"},{"data":"1","floor":23,"key":"LIFT"},{"data":"2","floor":27,"key":"LIFT"}],"circlet_count":0,"master_deck":["Strike_R","Strike_R+1","Defend_R","Defend_R+2","Defend_R","Defend_R+1","Bash","ReplayTheSpireMod:Muscle Training+1","Dropkick","Armaments","Flex","Headbutt","Inflame","Intimidate","Replay:Many Hands","Anger+1","Warcry","Crow Ritual","Pommel Strike","Pommel Strike+1","Crow Ritual","Perfected Strike"],"relics":["Burning Blood","Garlic","Quantum Egg","Simple Rune","Coffee Dripper","Nunchaku","Girya","StoneCalendar","ReplayFunnel"],"acts_visited":["Exordium","TheCity"],"potions_floor_usage":[16,16],"damage_taken":[{"damage":0,"enemies":"Small Slimes","floor":1,"turns":5},{"damage":1,"enemies":"2 Louse","floor":4,"turns":2},{"damage":1,"enemies":"Cultist","floor":5,"turns":3},{"damage":43,"enemies":"Gremlin Nob","floor":6,"turns":5},{"damage":30,"enemies":"Lagavulin","floor":11,"turns":4},{"damage":11,"enemies":"Blue Slaver","floor":14,"turns":3},{"damage":37,"enemies":"The Guardian","floor":16,"turns":6},{"damage":14,"enemies":"Shell Parasite","floor":18,"turns":4},{"damage":19,"enemies":"Spheric Guardian","floor":19,"turns":5},{"damage":22,"enemies":"Replay:Snechameleon","floor":24,"turns":4},{"damage":10,"enemies":"Snake Plant","floor":28,"turns":3},{"damage":10,"enemies":"Chosen and Byrds","floor":29,"turns":3}],"seed_played":"-418147837341414683","potions_obtained":[{"floor":4,"key":"Doom Potion"},{"floor":5,"key":"Languid Potion"},{"floor":6,"key":"SkillPotion"},{"floor":11,"key":"PowerPotion"},{"floor":18,"key":"Explosive Potion"},{"floor":28,"key":"FearPotion"}],"is_trial":false,"path_per_floor":["M","?","?","M","M","E","?","?","T","R","E","?","R","M","R","B",null,"M","M","$","?","$","R","E","?","T","R","M","M"],"character_chosen":"IRONCLAD","items_purchased":["Crow Ritual","Nunchaku"],"campfire_rested":3,"item_purchase_floors":[20,20],"current_hp_per_floor":[80,64,64,69,74,37,37,37,37,61,37,37,61,56,80,49,80,72,59,59,27,27,27,11,11,11,11,7,0,0],"gold":133,"neow_bonus":"","is_daily":false,"chose_seed":false,"campfire_upgraded":0,"win_rate":0.0,"timestamp":1609392305,"path_taken":["M","?","?","?","M","E","?","?","T","R","E","?","R","M","R","BOSS","M","M","$","?","$","R","E","?","T","R","M","M"],"items_purchased_type":["Card","Relic"],"build_version":"2020-12-22","purchased_purges":0,"victory":false,"max_hp_per_floor":[80,80,80,80,80,80,80,80,80,80,80,80,80,80,80,80,80,80,80,80,80,80,80,80,80,80,80,80,80,80],"card_choices":[{"not_picked":["Clothesline","Twin Strike"],"picked":"ReplayTheSpireMod:Muscle Training","floor":1},{"not_picked":["Searing Blow","Combust"],"picked":"Dropkick","floor":4},{"not_picked":["Run Through","Shrug It Off"],"picked":"Armaments","floor":5},{"not_picked":["Armaments","ReplayTheSpireMod:Stacked"],"picked":"Flex","floor":6},{"not_picked":["Shrug It Off","Metallicize"],"picked":"Inflame","floor":11},{"not_picked":["Twin Strike","ReplayTheSpireMod:Strike From Hell"],"picked":"Intimidate","floor":14},{"not_picked":["Demonic Infusion","Brutality"],"picked":"Replay:Many Hands","floor":16},{"not_picked":["Defy Death","Sword Boomerang"],"picked":"Anger+1","floor":18},{"not_picked":["Headbutt+1","Pommel Strike"],"picked":"Warcry","floor":19},{"not_picked":["Sword Boomerang+1","Iron Wave"],"picked":"Pommel Strike","floor":21},{"not_picked":["Shrug It Off+1","Searing Blow"],"picked":"Pommel Strike+1","floor":24},{"not_picked":["Run Through","Entrench+1"],"picked":"Perfected Strike","floor":28}],"player_experience":0,"relics_obtained":[{"floor":6,"key":"Garlic"},{"floor":9,"key":"Quantum Egg"},{"floor":11,"key":"Simple Rune"},{"floor":21,"key":"Girya"},{"floor":24,"key":"StoneCalendar"},{"floor":26,"key":"ReplayFunnel"}],"event_choices":[{"damage_healed":0,"gold_gain":0,"player_choice":"Entered Light","damage_taken":16,"max_hp_gain":0,"max_hp_loss":0,"event_name":"Shining Light","floor":2,"gold_loss":0,"cards_upgraded":["Strike_R","Defend_R"]},{"damage_healed":0,"gold_gain":0,"player_choice":"Forge","damage_taken":0,"max_hp_gain":0,"max_hp_loss":0,"event_name":"Accursed Blacksmith","floor":3,"gold_loss":0,"cards_upgraded":["ReplayTheSpireMod:Muscle Training"]},{"damage_healed":0,"gold_gain":0,"cards_transformed":["Strike_R"],"player_choice":"Change","damage_taken":0,"max_hp_gain":0,"max_hp_loss":0,"event_name":"Living Wall","floor":8,"gold_loss":0,"cards_obtained":["Headbutt"]},{"cards_removed":["Strike_R"],"damage_healed":0,"gold_gain":0,"player_choice":"Purged","damage_taken":0,"max_hp_gain":0,"max_hp_loss":0,"event_name":"Purifier","floor":12,"gold_loss":0},{"damage_healed":0,"gold_gain":0,"player_choice":"Copied","damage_taken":0,"max_hp_gain":0,"max_hp_loss":0,"event_name":"Duplicator","floor":25,"gold_loss":0,"cards_obtained":["Crow Ritual"]}],"is_beta":false,"boss_relics":[{"not_picked":["Replay:Drink Me","ReplayTheSpireMod:DimensionalGlitch"],"picked":"Coffee Dripper"}],"items_purged_floors":[],"is_endless":false,"potions_floor_spawned":[4,5,6,11,18,28],"killed_by":"Chosen and Byrds","ascension_level":0}}