{"host":"q8niu1x2pgv94o1d","time":1609375146,"event":{"mods":["AchievementEnabler","BaseMod","Colored Map","Colored Powertips","Minty Spire (QoL Compilation)","StSLib"],"gold_per_floor":[113,131,281,155,155,180,192,219,286,329,23,23,23,66,66,155,155,129,143,143,157,157,157,195,245,245,265,288,76,76,95,95,191,191,209,269,269,269,290,590,629,649,672,705,729,762,776,800,800,800,800],"floor_reached":52,"playtime":6556,"items_purged":["Doubt","Strike_G"],"score":2060,"play_id":"55ae37e6-a4cc-4f4f-9e9f-a2269a1fea62","local_time":"20201231013906","is_ascension_mode":true,"campfire_choices":[{"data":"Noxious Fumes","floor":7.0,"key":"SMITH"},{"data":"Bane","floor":13.0,"key":"SMITH"},{"data":"Caltrops","floor":15.0,"key":"SMITH"},{"data":"Cloak And Dagger","floor":23.0,"key":"SMITH"},{"data":"Blade Dance","floor":30.0,"key":"SMITH"},{"data":"Wraith Form v2","floor":32.0,"key":"SMITH"},{"floor":40.0,"key":"DIG"},{"floor":49,"key":"DIG"}],"circlet_count":0,"master_deck":["AscendersBane","Strike_G","Strike_G","Strike_G","Defend_G","Defend_G","Defend_G","Defend_G","Defend_G+1","Survivor","Neutralize","Terror+1","Caltrops+1","Cloak And Dagger","Noxious Fumes+1","Bane+1","Outmaneuver","PiercingWail","Wraith Form v2+1","Cloak And Dagger+1","Acrobatics","Ghostly","Ghostly","Ghostly","Backflip+1","Parasite","Blade Dance+1","Backstab","Cloak And Dagger","Malaise","Madness","Madness","Acrobatics","Clumsy","Die Die Die","Acrobatics"],"relics":["Ring of the Snake","NeowsBlessing","MawBank","Smiling Mask","Blue Candle","Dead Branch","Golden Idol","Boot","Cursed Key","CultistMask","Du-Vu Doll","Meat on the Bone","Medical Kit","HoveringKite","Shovel","Old Coin","The Courier","Bag of Preparation","Bag of Marbles","Pen Nib","War Paint"],"acts_visited":["Exordium","TheCity","TheBeyond"],"potions_floor_usage":[51,51],"damage_taken":[{"damage":0.0,"enemies":"Small Slimes","floor":1.0,"turns":1.0},{"damage":0.0,"enemies":"Cultist","floor":2.0,"turns":1.0},{"damage":0.0,"enemies":"Lagavulin","floor":6.0,"turns":1.0},{"damage":0.0,"enemies":"2 Louse","floor":8.0,"turns":4.0},{"damage":12.0,"enemies":"3 Sentries","floor":10.0,"turns":8.0},{"damage":19.0,"enemies":"Lagavulin","floor":14.0,"turns":7.0},{"damage":1.0,"enemies":"The Guardian","floor":16.0,"turns":8.0},{"damage":4.0,"enemies":"2 Thieves","floor":18.0,"turns":4.0},{"damage":17.0,"enemies":"Spheric Guardian","floor":19.0,"turns":5.0},{"damage":5.0,"enemies":"Cultist and Chosen","floor":21.0,"turns":5.0},{"damage":12.0,"enemies":"Book of Stabbing","floor":24.0,"turns":4.0},{"damage":0.0,"enemies":"Snecko","floor":27.0,"turns":3.0},{"damage":1.0,"enemies":"Snake Plant","floor":28.0,"turns":2.0},{"damage":0.0,"enemies":"Chosen and Byrds","floor":31.0,"turns":3.0},{"damage":3.0,"enemies":"Collector","floor":33.0,"turns":4.0},{"damage":2.0,"enemies":"Orb Walker","floor":35.0,"turns":4.0},{"damage":1.0,"enemies":"2 Orb Walkers","floor":36.0,"turns":4.0},{"damage":0.0,"enemies":"3 Darklings","floor":39.0,"turns":3.0},{"damage":3.0,"enemies":"Nemesis","floor":41.0,"turns":5.0},{"damage":3.0,"enemies":"Jaw Worm Horde","floor":42.0,"turns":6.0},{"damage":3.0,"enemies":"Giant Head","floor":44.0,"turns":6.0},{"damage":0.0,"enemies":"Transient","floor":45.0,"turns":6.0},{"damage":0,"enemies":"Reptomancer","floor":46,"turns":4},{"damage":1,"enemies":"Spire Growth","floor":47,"turns":3},{"damage":0,"enemies":"Maw","floor":48,"turns":7},{"damage":17,"enemies":"Donu and Deca","floor":50,"turns":10},{"damage":16,"enemies":"Awakened One","floor":51,"turns":13}],"seed_played":"4716946384629546042","potions_obtained":[{"floor":1.0,"key":"EssenceOfSteel"},{"floor":14.0,"key":"LiquidMemories"},{"floor":16.0,"key":"Poison Potion"},{"floor":19.0,"key":"SpeedPotion"},{"floor":24.0,"key":"SpeedPotion"},{"floor":33.0,"key":"DistilledChaos"},{"floor":36.0,"key":"Regen Potion"},{"floor":45.0,"key":"Dexterity Potion"}],"is_trial":false,"path_per_floor":["M","M","?","$","?","E","R","M","T","E","$","?","R","E","R","B",null,"M","M","?","M","?","R","E","?","T","M","M","$","R","M","R","B",null,"M","?","?","?","M","R","E","M","T","E","M","E","M","M","R","B","B",null],"character_chosen":"THE_SILENT","items_purchased":["Cloak And Dagger","Dead Branch","Medical Kit"],"campfire_rested":0,"item_purchase_floors":[4,11,29],"current_hp_per_floor":[59,59,59,59,59,59,59,59,59,47,47,47,47,28,28,27,52,48,31,31,26,26,26,14,14,14,26,25,25,25,25,25,22,28,26,25,20,20,20,20,30,27,27,24,24,24,23,23,23,18,14],"gold":800,"neow_bonus":"THREE_ENEMY_KILL","is_daily":false,"chose_seed":false,"campfire_upgraded":6,"win_rate":0.0,"timestamp":1609375146,"path_taken":["M","M","?","$","?","E","R","?","T","E","$","?","R","E","R","BOSS","M","M","?","?","?","R","E","?","T","?","M","?","R","M","R","BOSS","M","?","?","?","M","R","E","M","T","E","?","E","M","M","R","BOSS","BOSS"],"items_purchased_type":["Card","Relic","Relic"],"build_version":"2020-12-22","purchased_purges":2,"victory":true,"max_hp_per_floor":[66,66,66,66,66,66,66,66,66,66,66,60,60,60,60,60,60,60,60,60,60,30,30,30,30,30,30,30,30,30,30,30,30,30,30,30,30,30,30,30,30,30,30,30,30,30,30,30,30,30,30],"card_choices":[{"not_picked":["Infinite Blades","Underhanded Strike"],"picked":"Terror","floor":1.0},{"not_picked":["Bane","Terror"],"picked":"Caltrops","floor":2.0},{"not_picked":["Catalyst","PiercingWail"],"picked":"Noxious Fumes","floor":6.0},{"not_picked":["Flying Knee","Underhanded Strike"],"picked":"Bane","floor":8.0},{"not_picked":["Accuracy","Envenom"],"picked":"Outmaneuver","floor":10.0},{"not_picked":["Deflect","Acrobatics"],"picked":"PiercingWail","floor":14.0},{"not_picked":["A Thousand Cuts","Glass Knife"],"picked":"Wraith Form v2","floor":16.0},{"not_picked":["Dagger Throw","Escape Plan"],"picked":"Cloak And Dagger","floor":18.0},{"not_picked":["Dagger Throw","Deflect","Sucker Punch"],"picked":"SKIP","floor":19.0},{"not_picked":["Poisoned Stab+1","Slice"],"picked":"Acrobatics","floor":21.0},{"not_picked":["Deflect","Heel Hook"],"picked":"Backflip","floor":24.0},{"not_picked":["Bane","Slice"],"picked":"Blade Dance","floor":27.0},{"not_picked":["Tactician","All Out Attack+1"],"picked":"Backstab","floor":28.0},{"not_picked":["Setup","Deflect"],"picked":"Cloak And Dagger","floor":31.0},{"not_picked":["Die Die Die","Bullet Time"],"picked":"Malaise","floor":33.0},{"not_picked":["PiercingWail","Dagger Spray","Cloak And Dagger"],"picked":"SKIP","floor":35.0},{"not_picked":["Prepared","Slice","Underhanded Strike"],"picked":"SKIP","floor":39.0},{"not_picked":["Blur","Dagger Spray","Leg Sweep+1"],"picked":"SKIP","floor":41.0},{"not_picked":["Finisher","Underhanded Strike"],"picked":"Acrobatics","floor":42.0},{"not_picked":["Skewer","Deadly Poison","Sucker Punch"],"picked":"SKIP","floor":44.0},{"not_picked":["Poisoned Stab","Flechettes+1"],"picked":"Die Die Die","floor":45.0},{"not_picked":["Bouncing Flask","All Out Attack+1","Flechettes"],"picked":"SKIP","floor":46},{"not_picked":["Quick Slash","Outmaneuver+1","Dodge and Roll"],"picked":"SKIP","floor":47},{"not_picked":["Leg Sweep","Prepared"],"picked":"Acrobatics","floor":48}],"player_experience":1711693,"relics_obtained":[{"floor":6.0,"key":"MawBank"},{"floor":9.0,"key":"Smiling Mask"},{"floor":10.0,"key":"Blue Candle"},{"floor":14.0,"key":"Boot"},{"floor":24.0,"key":"Du-Vu Doll"},{"floor":26.0,"key":"Meat on the Bone"},{"floor":36.0,"key":"Shovel"},{"floor":40.0,"key":"Old Coin"},{"floor":41.0,"key":"The Courier"},{"floor":43.0,"key":"Bag of Preparation"},{"floor":44.0,"key":"Bag of Marbles"},{"floor":46,"key":"Pen Nib"},{"floor":49,"key":"War Paint"}],"event_choices":[{"damage_healed":0.0,"max_hp_gain":0.0,"max_hp_loss":0.0,"gold_gain":150.0,"event_name":"Liars Game","player_choice":"AGREE","floor":3.0,"gold_loss":0.0,"damage_taken":0.0,"cards_obtained":["Doubt"]},{"damage_healed":0.0,"max_hp_gain":0.0,"max_hp_loss":0.0,"gold_gain":0.0,"event_name":"Upgrade Shrine","player_choice":"Upgraded","floor":5.0,"gold_loss":0.0,"damage_taken":0.0,"cards_upgraded":["Terror"]},{"damage_healed":0.0,"max_hp_gain":0.0,"max_hp_loss":6.0,"gold_gain":0.0,"event_name":"Golden Idol","player_choice":"Lose Max HP","floor":12.0,"gold_loss":0.0,"damage_taken":0.0,"relics_obtained":["Golden Idol"]},{"damage_healed":0.0,"max_hp_gain":0.0,"max_hp_loss":0.0,"gold_gain":0.0,"event_name":"FaceTrader","player_choice":"Trade","floor":20.0,"gold_loss":0.0,"damage_taken":0.0,"relics_obtained":["CultistMask"]},{"damage_healed":0.0,"max_hp_gain":0.0,"max_hp_loss":30.0,"gold_gain":0.0,"event_name":"Ghosts","player_choice":"Became a Ghost","floor":22.0,"gold_loss":0.0,"damage_taken":0.0,"cards_obtained":["Ghostly","Ghostly","Ghostly"]},{"damage_healed":0.0,"max_hp_gain":0.0,"max_hp_loss":0.0,"gold_gain":50.0,"event_name":"Golden Shrine","player_choice":"Pray","floor":25.0,"gold_loss":0.0,"damage_taken":0.0},{"damage_healed":0.0,"max_hp_gain":0.0,"max_hp_loss":0.0,"gold_gain":0.0,"event_name":"Mysterious Sphere","player_choice":"Fight","floor":36.0,"gold_loss":0.0,"damage_taken":0.0},{"damage_healed":0.0,"max_hp_gain":0.0,"max_hp_loss":0.0,"gold_gain":0.0,"event_name":"Winding Halls","player_choice":"Embrace Madness","floor":37.0,"gold_loss":0.0,"damage_taken":5.0,"cards_obtained":["Madness","Madness"]},{"cards_removed":["Strike_G"],"damage_healed":0.0,"max_hp_gain":0.0,"max_hp_loss":0.0,"gold_gain":0.0,"event_name":"Falling","player_choice":"Removed Attack","floor":38.0,"gold_loss":0.0,"damage_taken":0.0}],"is_beta":false,"boss_relics":[{"not_picked":["Black Star","Empty Cage"],"picked":"Cursed Key"},{"not_picked":["Velvet Choker","Tiny House"],"picked":"HoveringKite"}],"items_purged_floors":[4,29],"is_endless":false,"potions_floor_spawned":[1,14,16,19,24,33,36,45,46],"ascension_level":20}}