{"host":"akjsb4vg7478j4ls","time":1609443224,"event":{"mods":["BaseMod","Colored Powertips","Minty Spire (QoL Compilation)","Rare Cards Sparkle"],"gold_per_floor":[117,117,117,117,140,178,178,202,228,247,261,294,308,328,328,328,328],"floor_reached":16,"playtime":670,"items_purged":[],"score":187,"play_id":"32fc9e17-7792-4907-8229-f69c78be88ff","local_time":"20201231173344","is_ascension_mode":false,"campfire_choices":[{"floor":7,"key":"REST"},{"data":"Double Tap","floor":15,"key":"SMITH"}],"circlet_count":0,"master_deck":["Strike_R","Strike_R+1","Strike_R+1","Strike_R","Strike_R","Defend_R","Defend_R","Defend_R","Defend_R","Bash+1","Iron Wave+1","Perfected Strike","Cleave","Heavy Blade","Clothesline","Double Tap+1","Disarm","Infernal Blade"],"relics":["Burning Blood","NeowsBlessing","Golden Idol","Whetstone","Centennial Puzzle","Bag of Preparation","MealTicket"],"acts_visited":["Exordium"],"potions_floor_usage":[12,12,12],"damage_taken":[{"damage":0,"enemies":"Small Slimes","floor":1,"turns":1},{"damage":0,"enemies":"3 Sentries","floor":6,"turns":1},{"damage":0,"enemies":"2 Louse","floor":8,"turns":1},{"damage":0,"enemies":"Jaw Worm","floor":10,"turns":3},{"damage":4,"enemies":"Red Slaver","floor":11,"turns":3},{"damage":4,"enemies":"Gremlin Nob","floor":12,"turns":3},{"damage":14,"enemies":"3 Louse","floor":13,"turns":3},{"damage":9,"enemies":"Blue Slaver","floor":14,"turns":3}],"seed_played":"5727573425617413952","potions_obtained":[{"floor":1,"key":"FearPotion"},{"floor":10,"key":"ColorlessPotion"},{"floor":11,"key":"EssenceOfSteel"},{"floor":12,"key":"Regen Potion"}],"is_trial":false,"path_per_floor":["M","?","?","$","T","E","R","M","T","M","M","E","M","M","R","B"],"character_chosen":"IRONCLAD","items_purchased":[],"campfire_rested":1,"item_purchase_floors":[],"current_hp_per_floor":[80,60,44,44,44,50,74,80,80,80,80,80,72,69,69,0,0],"gold":328,"neow_bonus":"THREE_ENEMY_KILL","is_daily":false,"chose_seed":false,"campfire_upgraded":1,"win_rate":0.0,"timestamp":1609443224,"path_taken":["M","?","?","$","?","E","R","M","T","M","M","E","M","M","R","BOSS"],"items_purchased_type":[],"build_version":"2020-12-22","purchased_purges":0,"victory":false,"max_hp_per_floor":[80,80,80,80,80,80,80,80,80,80,80,80,80,80,80,80,80],"card_choices":[{"not_picked":["Flame Barrier","Sever Soul"],"picked":"Iron Wave","floor":1},{"not_picked":["Sword Boomerang","Fire Breathing"],"picked":"Perfected Strike","floor":6},{"not_picked":["Reckless Charge","Rage"],"picked":"Cleave","floor":8},{"not_picked":["Sword Boomerang","Havoc"],"picked":"Heavy Blade","floor":10},{"not_picked":["Cleave","Thunderclap"],"picked":"Clothesline","floor":11},{"not_picked":["Uppercut","Wild Strike"],"picked":"Double Tap","floor":12},{"not_picked":["Anger","Clash"],"picked":"Disarm","floor":13},{"not_picked":["Shockwave","Uppercut"],"picked":"Infernal Blade","floor":14}],"player_experience":63832,"relics_obtained":[{"floor":5,"key":"Whetstone"},{"floor":6,"key":"Centennial Puzzle"},{"floor":9,"key":"Bag of Preparation"},{"floor":12,"key":"MealTicket"}],"event_choices":[{"damage_healed":0,"gold_gain":0,"player_choice":"Take Damage","damage_taken":20,"relics_obtained":["Golden Idol"],"max_hp_gain":0,"max_hp_loss":0,"event_name":"Golden Idol","floor":2,"gold_loss":0},{"damage_healed":0,"gold_gain":0,"player_choice":"Entered Light","damage_taken":16,"max_hp_gain":0,"max_hp_loss":0,"event_name":"Shining Light","floor":3,"gold_loss":0,"cards_upgraded":["Strike_R","Strike_R"]}],"is_beta":false,"boss_relics":[],"items_purged_floors":[],"is_endless":false,"potions_floor_spawned":[1,10,11,12],"killed_by":"The Guardian","ascension_level":0}}