{"host":"ooy9sn8qgs7oliwr","time":1609422467,"event":{"mods":["ATMod(阿瑾Mod)","Act Like it!","BaseMod","BetterRewards","Minty Spire (QoL Compilation)","Pale of the Ancients","Prisma Mod","Remilia_Scarlet Moed（蕾米莉亚・斯卡雷特）3.3.5","Replay The Spire","RumiaBox-露米娅的神秘盒子","StSLib","The Alterego","The Jungle","Yakumo Yukari mod","【遗物卡牌】REMEMod"],"gold_per_floor":[132,95,95,110,120,170,170,199,222,222,222,7,61,91,91,199,199,225,253,253,253,273,273,307,331,407,420,420,460,494,494,494,600,600,620,634,650,420,420,456,456,502,571,670,726,772,816,873,873,904],"floor_reached":51,"playtime":4119,"items_purged":["Injury"],"score":974,"play_id":"ee9805bb-16d9-4460-bbcb-a80e4c7f2ca7","local_time":"20201231214747","is_ascension_mode":false,"campfire_choices":[{"floor":7.0,"key":"REST"},{"data":"MonsterNeedle_purple","floor":11.0,"key":"SMITH"},{"data":"OmniscientAndOmnipotent_Monster_purple","floor":23.0,"key":"SMITH"},{"data":"Bait_Toxicbait_purple","floor":28.0,"key":"SMITH"},{"data":"BarrageBoundary_PipeDream_purple","floor":32.0,"key":"SMITH"},{"floor":41.0,"key":"REST"},{"data":"CommonSense_AntiCommonSense_purple","floor":49,"key":"SMITH"}],"circlet_count":0,"master_deck":["AT_purpleEX","AT_purpleEX","AT_purpleEX","AT_purpleEX","Defend_purpleEX+1","Defend_purpleEX","Defend_purpleEX","Defend_purpleEX","Observe_purple_1","Observe_purple_2+1","HandOfGreed","Line_surface_state_purple","ExistenceContinue_purple+1","MonsterNeedle_purple+1","RuleDissolution_purple","WatchEChange_purple","CommonSense_AntiCommonSense_purple+1","RemiliaMod:CWYW","Bait_Toxicbait_purple+1","Shallow_ocean_purpleEX","ProofOfUnderstanding_purple+1","OmniscientAndOmnipotent_Monster_purple+1","WeekHit_purple","Delirium","Umbrella_purple+1","WorldDissolvedintheRealm_purple","BarrageBoundary_PipeDream_purple+1","Boundary_LifeAndDeath_purple+1","CommonCold","Sickly","Madness+1","Parasite","RealityDreamConfluencek_purple+1","Fancifulhole_purple","WasteWire_Metro_purple","Shallow_ocean_purpleEX+1"],"relics":["Boundary_crack","Memoryfragments_purpleEX","AT_ATBox","REME_ComplimentaryCards","NeowsBlessing","War Paint","AT_SeraphEmbrace","AT_SunfireAegis","ReplayTheSpireMod:TigerMarble","Replay:Bandana","Ring of Chaos","Ring of Fury","Ring of Searing","Bird Faced Urn","Toxic Egg 2","Boot","Replay:Bottled Flurry","Replay:Ancient Bell","Antimatter_spacedebris","AT_SilvercatRing","Pondfish Scales","Nunchaku","AT_GuinsooRageblade","REME_ArchaeologicalTools","Replay:Baseball","CaptainsWheel"],"acts_visited":["Exordium","TheCity","TheBeyond"],"potions_floor_usage":[50,50,50],"damage_taken":[{"damage":0.0,"enemies":"2 Louse","floor":1.0,"turns":3.0},{"damage":0.0,"enemies":"Small Slimes","floor":4.0,"turns":2.0},{"damage":0.0,"enemies":"Jaw Worm","floor":5.0,"turns":1.0},{"damage":25.0,"enemies":"Gremlin Nob","floor":6.0,"turns":4.0},{"damage":18.0,"enemies":"Replay:BlueRogue","floor":8.0,"turns":6.0},{"damage":26.0,"enemies":"Gremlin Nob","floor":13.0,"turns":4.0},{"damage":0.0,"enemies":"Gremlin Gang","floor":14.0,"turns":2.0},{"damage":0.0,"enemies":"Fading Forest","floor":16.0,"turns":11.0},{"damage":2.0,"enemies":"Spheric Guardian","floor":18.0,"turns":4.0},{"damage":16.0,"enemies":"2 Thieves","floor":19.0,"turns":3.0},{"damage":10.0,"enemies":"Snecko","floor":22.0,"turns":3.0},{"damage":24.0,"enemies":"Gremlin Leader","floor":24.0,"turns":4.0},{"damage":0.0,"enemies":"Cultist and Chosen","floor":25.0,"turns":2.0},{"damage":0.0,"enemies":"Sentry and Sphere","floor":27.0,"turns":2.0},{"damage":20.0,"enemies":"Centurion and Healer","floor":29.0,"turns":4.0},{"damage":0.0,"enemies":"Replay:Snechameleon","floor":30.0,"turns":3.0},{"damage":30.0,"enemies":"Automaton","floor":33.0,"turns":5.0},{"damage":7.0,"enemies":"Orb Walker","floor":35.0,"turns":2.0},{"damage":10.0,"enemies":"3 Shapes","floor":36.0,"turns":3.0},{"damage":20.0,"enemies":"Writhing Mass","floor":37.0,"turns":4.0},{"damage":34.0,"enemies":"R_Hoarder","floor":40.0,"turns":4.0},{"damage":0.0,"enemies":"Transient","floor":42.0,"turns":5.0},{"damage":0,"enemies":"Reptomancer","floor":44,"turns":2},{"damage":0,"enemies":"3 Darklings","floor":45,"turns":2},{"damage":0,"enemies":"Sphere and 2 Shapes","floor":46,"turns":1},{"damage":5,"enemies":"4 Shapes","floor":47,"turns":2},{"damage":18,"enemies":"Giant Head","floor":48,"turns":3},{"damage":27,"enemies":"Awakened One","floor":50,"turns":6}],"seed_played":"-780911382636066123","potions_obtained":[{"floor":4.0,"key":"Explosive Potion"},{"floor":5.0,"key":"Milkshake"},{"floor":13.0,"key":"REME_GoldPotion"},{"floor":14.0,"key":"SneckoOil"},{"floor":19.0,"key":"Toxic Potion"},{"floor":22.0,"key":"Adrenaline Potion"},{"floor":33.0,"key":"PowerPotion"},{"floor":44,"key":"SneckoOil"},{"floor":46,"key":"LifebloodPotion"}],"is_trial":false,"path_per_floor":["M","$","?","M","M","E","R","E","T","?","R","$","E","M","R","B",null,"M","M","?","?","M","R","E","M","T","M","R","M","E","T","R","B",null,"M","M","M","$","?","E","R","M","T","E","M","M","M","E","R","B",null],"character_chosen":"Youkari","items_purchased":["ExistenceContinue_purple+1","ReplayTheSpireMod:TigerMarble","Bait_Toxicbait_purple","Nunchaku"],"campfire_rested":2,"item_purchase_floors":[2,12,12,38],"current_hp_per_floor":[70,70,49,50,50,26,47,30,30,53,53,53,27,27,48,51,70,70,59,59,59,54,54,35,38,38,47,47,32,36,36,36,12,70,63,57,48,48,48,18,39,41,41,43,52,58,59,47,47,27],"gold":904,"neow_bonus":"THREE_ENEMY_KILL","is_daily":false,"chose_seed":false,"campfire_upgraded":5,"win_rate":0.0,"timestamp":1609422467,"path_taken":["M","$","?","M","M","E","R","E","T","?","R","$","E","M","R","BOSS","M","M","?","?","M","R","E","M","T","M","R","M","E","?","R","BOSS","M","?","M","$","?","E","R","M","T","E","M","M","?","E","R","BOSS"],"items_purchased_type":["Card","Relic","Card","Relic"],"build_version":"2020-12-22","purchased_purges":1,"victory":true,"max_hp_per_floor":[70,70,70,70,70,70,70,70,70,70,70,70,70,70,70,70,70,70,70,70,70,70,70,70,70,70,70,70,70,70,70,70,70,70,70,70,70,70,70,70,70,70,70,70,70,70,70,70,70,70],"card_choices":[{"not_picked":["DimensionStaggered_purple","Mirror_FormAndEmptin_purple"],"picked":"Line_surface_state_purple","floor":1.0},{"not_picked":["Charmbait_purple","Realm_recovery_purpleEX"],"picked":"MonsterNeedle_purple","floor":4.0},{"not_picked":["AdvanceAttack_purple","Extrememeaning_purpleEX"],"picked":"RuleDissolution_purple","floor":5.0},{"not_picked":["DimensionStaggered_purple","Mirror_FormAndEmptin_purple"],"picked":"WatchEChange_purple","floor":6.0},{"not_picked":["SharpContractionReality_purple","StateDuplicate_purple"],"picked":"CommonSense_AntiCommonSense_purple","floor":8.0},{"not_picked":["RealityDreamConfluencek_purple","Bait_Toxicbait_purple"],"picked":"Shallow_ocean_purpleEX","floor":13.0},{"not_picked":["AdvanceAttack_purple","Charmbait_purple"],"picked":"ProofOfUnderstanding_purple","floor":14.0},{"not_picked":["Yakumo_Ran_purple+1","RuleDissolution_purple"],"picked":"OmniscientAndOmnipotent_Monster_purple","floor":18.0},{"not_picked":["StretchesForeverDream_purple","Line_surface_state_purple"],"picked":"WeekHit_purple","floor":19.0},{"not_picked":["Nest_LightFlightworm_purple","SfantasyHide_purple"],"picked":"Umbrella_purple+1","floor":22.0},{"not_picked":["StateDuplicate_purple+1","SfantasyHide_purple"],"picked":"WorldDissolvedintheRealm_purple","floor":24.0},{"not_picked":["StateErode_purple","MeetDecomposer_purple","AdvanceAttack_purple"],"picked":"SKIP","floor":25.0},{"not_picked":["MeetDecomposer_purple+1","RuleDissolution_purple+1","Erosivefilter_purple+1"],"picked":"SKIP","floor":27.0},{"not_picked":["SharpContractionReality_purple","WatchEyeChange_purple+1"],"picked":"BarrageBoundary_PipeDream_purple","floor":29.0},{"not_picked":["OmniscientAndOmnipotent_Monster_purple","Boundary_of_Extermination_purpleEX","Shallow_ocean_purpleEX"],"picked":"SKIP","floor":30.0},{"not_picked":["ContainerChange_purple","BarrageBoundary_PipeDream_purple"],"picked":"Boundary_LifeAndDeath_purple+1","floor":33.0},{"not_picked":["Decay","ReplayTheSpireMod:Doomed"],"picked":"CommonCold","floor":34.0},{"not_picked":["Delirium","ReplayTheSpireMod:Splinters"],"picked":"Injury","floor":34.0},{"not_picked":["Replay:Hysterical Blindness","ReplayTheSpireMod:Doomed"],"picked":"Sickly","floor":34.0},{"not_picked":["Boundary_of_Extermination_purpleEX+1","ExistenceContinue_purple"],"picked":"WatchEyeChange_purple+1","floor":35.0},{"not_picked":["RuleDissolution_purple+1","Mirror_WaveAndshot_purple+1","ExistenceContinue_purple+1"],"picked":"SKIP","floor":36.0},{"not_picked":["Umbrella_purple+1","ExistenceContinue_purple+1","SharpContractionReality_purple"],"picked":"SKIP","floor":37.0},{"not_picked":["WatchEChange_purple+1","OmniscientAndOmnipotent_Monster_purple+1"],"picked":"Fancifulhole_purple","floor":40.0},{"not_picked":["Mirror_FormAndEmptin_purple+1","WatchEyeChange_purple","StateDuplicate_purple+1"],"picked":"SKIP","floor":42.0},{"not_picked":["Mirror_WaveAndshot_purple+1","Realm_recovery_purpleEX+1"],"picked":"WasteWire_Metro_purple","floor":44},{"not_picked":["Umbrella_purple","Line_surface_state_purple+1"],"picked":"Shallow_ocean_purpleEX+1","floor":45},{"not_picked":["Mirror_FormAndEmptin_purple+1","Realm_recovery_purpleEX+1","Shallow_ocean_purpleEX"],"picked":"SKIP","floor":46},{"not_picked":["Shallow_ocean_purpleEX","Realm_recovery_purpleEX+1","SharpContractionReality_purple"],"picked":"SKIP","floor":47},{"not_picked":["ExistenceContinue_purple+1","Fancifulhole_purple","StateErode_purple"],"picked":"SKIP","floor":48}],"player_experience":576,"relics_obtained":[{"floor":6.0,"key":"War Paint"},{"floor":8.0,"key":"AT_ArchangelStaff"},{"floor":9.0,"key":"AT_SunfireAegis"},{"floor":13.0,"key":"Replay:Bandana"},{"floor":21.0,"key":"Ring of Fury"},{"floor":21.0,"key":"Ring of Searing"},{"floor":24.0,"key":"Bird Faced Urn"},{"floor":26.0,"key":"Toxic Egg 2"},{"floor":30.0,"key":"Boot"},{"floor":31.0,"key":"Replay:Bottled Flurry"},{"floor":40.0,"key":"AT_GuinsooRageblade"},{"floor":43,"key":"REME_ArchaeologicalTools"},{"floor":44,"key":"Replay:Baseball"},{"floor":48,"key":"CaptainsWheel"}],"event_choices":[{"damage_healed":23.0,"max_hp_gain":0.0,"max_hp_loss":0.0,"gold_gain":0.0,"event_name":"Remilia_CDSJ09","player_choice":"CWYW","floor":10.0,"gold_loss":0.0,"damage_taken":0.0},{"damage_healed":0.0,"max_hp_gain":0.0,"max_hp_loss":0.0,"gold_gain":0.0,"event_name":"Match and Keep!","player_choice":"1 cards matched","floor":39.0,"gold_loss":0.0,"damage_taken":0.0,"cards_obtained":["RealityDreamConfluencek_purple"]}],"is_beta":false,"boss_relics":[{"not_picked":["SoulBox","Snecko Eye"],"picked":"Ring of Chaos"},{"not_picked":["Empty Cage","Kintsugi"],"picked":"Replay:Ancient Bell"},{"not_picked":["Replay:Mystery Machine","PreservedInsect"],"picked":"Antimatter_spacedebris"},{"not_picked":["Quantum Egg","Pantograph"],"picked":"AT_SilvercatRing"},{"not_picked":["PlanX","Replay:Kaleidoscope"],"picked":"Pondfish Scales"}],"items_purged_floors":[38],"is_endless":false,"potions_floor_spawned":[4,5,13,14,19,22,33,36,37,44,46],"ascension_level":0}}