{"host":"0ueeacaatm8t6jyh","time":1609404593,"event":{"mods":["AchievementEnabler","BaseMod","Colored Powertips","Minty Spire (QoL Compilation)","Rare Cards Sparkle","StSLib"],"gold_per_floor":[112,112,131,143,17,17,48,66,120,132,282,282,302,312,312,312,312],"floor_reached":16,"playtime":525,"items_purged":[],"score":182,"play_id":"5071a2cd-7cba-4c2f-8a36-57954d3d3905","local_time":"20201231164953","is_ascension_mode":true,"campfire_choices":[{"data":"True Grit","floor":6.0,"key":"SMITH"},{"data":"Dark Embrace","floor":12.0,"key":"SMITH"},{"floor":15,"key":"REST"}],"circlet_count":0,"master_deck":["AscendersBane","Strike_R","Strike_R","Strike_R","Strike_R","Strike_R","Defend_R","Defend_R+1","Defend_R","Defend_R","Bash","Dark Embrace+1","Regret","Sentinel","True Grit+1","Second Wind","Shrug It Off","Shockwave+1","Sword Boomerang","Flex","Doubt","Body Slam","Limit Break"],"relics":["Burning Blood","NeowsBlessing","Paper Frog","Strawberry","War Paint"],"acts_visited":["Exordium"],"potions_floor_usage":[],"damage_taken":[{"damage":0.0,"enemies":"Jaw Worm","floor":1.0,"turns":1.0},{"damage":3.0,"enemies":"Small Slimes","floor":3.0,"turns":2.0},{"damage":0.0,"enemies":"Cultist","floor":4.0,"turns":1.0},{"damage":68.0,"enemies":"Lagavulin","floor":7.0,"turns":11.0},{"damage":3.0,"enemies":"2 Fungi Beasts","floor":8.0,"turns":4.0},{"damage":11.0,"enemies":"3 Louse","floor":10.0,"turns":5.0},{"damage":3.0,"enemies":"Blue Slaver","floor":13.0,"turns":4.0},{"damage":11.0,"enemies":"2 Fungi Beasts","floor":14.0,"turns":4.0},{"damage":21,"enemies":"The Guardian","floor":16,"turns":5}],"seed_played":"-5116317346508101774","potions_obtained":[{"floor":1.0,"key":"Energy Potion"},{"floor":7.0,"key":"FearPotion"},{"floor":8.0,"key":"ElixirPotion"},{"floor":10.0,"key":"ElixirPotion"}],"is_trial":false,"path_per_floor":["M","?","M","M","$","R","E","M","T","M","?","R","M","M","R","B"],"character_chosen":"IRONCLAD","items_purchased":["Second Wind","Shrug It Off"],"campfire_rested":1,"item_purchase_floors":[5,5],"current_hp_per_floor":[74,74,75,75,75,75,20,23,23,18,18,18,21,16,40,19,19],"gold":312,"neow_bonus":"THREE_ENEMY_KILL","is_daily":false,"chose_seed":false,"campfire_upgraded":2,"win_rate":0.0,"timestamp":1609404593,"path_taken":["M","?","M","M","$","R","E","M","T","M","?","R","M","M","R","BOSS"],"items_purchased_type":["Card","Card"],"build_version":"2020-12-22","purchased_purges":0,"victory":false,"max_hp_per_floor":[75,75,75,75,75,75,82,82,82,82,82,82,82,82,82,82,82],"card_choices":[{"not_picked":["Uppercut","Body Slam"],"picked":"Dark Embrace","floor":1.0},{"not_picked":["Cleave","True Grit"],"picked":"Sentinel","floor":3.0},{"not_picked":["Sentinel","Infernal Blade"],"picked":"True Grit","floor":4.0},{"not_picked":["Fire Breathing","Twin Strike"],"picked":"Shockwave","floor":7.0},{"not_picked":["Warcry","Dual Wield"],"picked":"Sword Boomerang","floor":8.0},{"not_picked":["Perfected Strike","Rupture"],"picked":"Flex","floor":10.0},{"not_picked":["Anger","Clothesline"],"picked":"Body Slam","floor":13.0},{"not_picked":["Seeing Red","Rampage"],"picked":"Limit Break","floor":14.0}],"player_experience":329936,"relics_obtained":[{"floor":7.0,"key":"Strawberry"},{"floor":9.0,"key":"War Paint"}],"event_choices":[{"damage_healed":0.0,"max_hp_gain":0.0,"max_hp_loss":0.0,"gold_gain":0.0,"event_name":"Big Fish","player_choice":"Box","floor":2.0,"gold_loss":0.0,"damage_taken":0.0,"relics_obtained":["Paper Frog"],"cards_obtained":["Regret"]},{"damage_healed":0.0,"max_hp_gain":0.0,"max_hp_loss":0.0,"gold_gain":150.0,"event_name":"Liars Game","player_choice":"AGREE","floor":11.0,"gold_loss":0.0,"damage_taken":0.0,"cards_obtained":["Doubt"]}],"is_beta":false,"boss_relics":[],"items_purged_floors":[],"is_endless":false,"potions_floor_spawned":[1,7,8,10],"killed_by":"The Guardian","ascension_level":15}}