{"host":"x1qj4d8ympd5jdqh","time":1609395320,"event":{"mods":["AchievementEnabler","AlwaysNeverKeys","BaseMod","Colored Map","Custom Start","DeckTracker","Highlight Path","Minty Spire (QoL Compilation)","StSLib","SuperFastMode"],"gold_per_floor":[110,125,125,135,145,145,70,70,148,167,167,12,28,0,0,77,127,139,139,34,34,33,33,33,33],"floor_reached":24,"playtime":666,"items_purged":["Strike_G"],"score":372,"play_id":"e2b4b9b2-454c-43fc-8cd3-7eb5465c168d","local_time":"20201231151520","is_ascension_mode":true,"campfire_choices":[{"data":"Deadly Poison","floor":6,"key":"SMITH"},{"data":"Calculated Gamble","floor":8,"key":"SMITH"},{"floor":15,"key":"REST"},{"data":"Noxious Fumes","floor":23,"key":"SMITH"}],"circlet_count":0,"master_deck":["AscendersBane","Strike_G","Defend_G","Defend_G","Defend_G","Defend_G","Defend_G","Survivor","Neutralize","Deadly Poison+1","Dash","Calculated Gamble+1","Dagger Throw","Noxious Fumes+1","Adrenaline+1","PiercingWail","Tactician","Backflip"],"relics":["Ring of the Snake","Tiny House"],"acts_visited":["Exordium","TheCity"],"potions_floor_usage":[10,16,16,22],"damage_taken":[{"damage":5,"enemies":"2 Louse","floor":1,"turns":5},{"damage":1,"enemies":"Small Slimes","floor":2,"turns":6},{"damage":0,"enemies":"Jaw Worm","floor":4,"turns":3},{"damage":0,"enemies":"Blue Slaver","floor":5,"turns":4},{"damage":19,"enemies":"Exordium Wildlife","floor":10,"turns":7},{"damage":17,"enemies":"Large Slime","floor":13,"turns":6},{"damage":5,"enemies":"Hexaghost","floor":16,"turns":9},{"damage":37,"enemies":"Chosen","floor":18,"turns":6},{"damage":1,"enemies":"2 Thieves","floor":22,"turns":4},{"damage":31,"enemies":"Cultist and Chosen","floor":24,"turns":5}],"seed_played":"4399942356174526606","potions_obtained":[{"floor":1,"key":"FearPotion"},{"floor":5,"key":"SpeedPotion"},{"floor":10,"key":"Weak Potion"},{"floor":16,"key":"Strength Potion"},{"floor":17,"key":"Regen Potion"}],"is_trial":false,"path_per_floor":["M","M","?","M","M","R","?","R","T","M","?","$","M","?","R","B",null,"M","?","$","?","M","R","M"],"character_chosen":"THE_SILENT","items_purchased":["Noxious Fumes","Tactician","Backflip"],"campfire_rested":1,"item_purchase_floors":[12,20,20],"current_hp_per_floor":[54,53,53,53,53,53,53,53,53,34,27,27,10,10,29,24,61,24,24,24,24,37,37,6,6],"gold":33,"neow_bonus":"REMOVE_CARD","is_daily":false,"chose_seed":false,"campfire_upgraded":3,"win_rate":0.0,"timestamp":1609395320,"path_taken":["M","M","?","M","M","R","?","R","T","M","?","?","?","?","R","BOSS","M","?","?","?","M","R","M"],"items_purchased_type":["Card","Card","Card"],"build_version":"2020-12-22","purchased_purges":1,"victory":false,"max_hp_per_floor":[66,66,66,66,66,66,66,66,66,66,66,66,66,66,66,66,71,71,71,71,71,71,71,71,71],"card_choices":[{"not_picked":["Terror","Slice"],"picked":"Deadly Poison","floor":1},{"not_picked":["Flying Knee","Footwork"],"picked":"Dash","floor":2},{"not_picked":["Dagger Throw","Outmaneuver"],"picked":"Calculated Gamble","floor":4},{"not_picked":["Dodge and Roll","Masterful Stab","Dash"],"picked":"SKIP","floor":5},{"not_picked":["Quick Slash","Caltrops"],"picked":"Dagger Throw","floor":10},{"not_picked":["Outmaneuver","Deadly Poison","Underhanded Strike"],"picked":"SKIP","floor":13},{"not_picked":["Tools of the Trade","Glass Knife"],"picked":"Adrenaline","floor":16},{"not_picked":["Outmaneuver","Riddle With Holes"],"picked":"PiercingWail","floor":17},{"not_picked":["Flying Knee","Deflect+1","Caltrops"],"picked":"SKIP","floor":18},{"not_picked":["Distraction","Predator+1","Dagger Throw+1"],"picked":"SKIP","floor":22}],"player_experience":1292535,"relics_obtained":[],"event_choices":[{"damage_healed":0,"gold_gain":0,"player_choice":"Ignored","damage_taken":0,"max_hp_gain":0,"max_hp_loss":0,"event_name":"Liars Game","floor":3,"gold_loss":0},{"cards_removed":["Strike_G"],"damage_healed":0,"gold_gain":0,"player_choice":"Card Removal","damage_taken":0,"max_hp_gain":0,"max_hp_loss":0,"event_name":"The Cleric","floor":7,"gold_loss":75},{"cards_removed":["Strike_G"],"damage_healed":0,"gold_gain":0,"player_choice":"Card Removal","damage_taken":7,"max_hp_gain":0,"max_hp_loss":0,"event_name":"Golden Wing","floor":11,"gold_loss":0},{"damage_healed":0,"gold_gain":0,"player_choice":"Left Gold","damage_taken":0,"max_hp_gain":0,"max_hp_loss":0,"event_name":"World of Goop","floor":14,"gold_loss":28},{"damage_healed":0,"gold_gain":0,"player_choice":"Ignored","damage_taken":0,"max_hp_gain":0,"max_hp_loss":0,"event_name":"The Mausoleum","floor":19,"gold_loss":0},{"damage_healed":0,"gold_gain":0,"player_choice":"Ignored","damage_taken":0,"max_hp_gain":0,"max_hp_loss":0,"event_name":"Ghosts","floor":21,"gold_loss":0}],"is_beta":false,"boss_relics":[{"not_picked":["Calling Bell","Velvet Choker"],"picked":"Tiny House"}],"items_purged_floors":[12],"is_endless":false,"potions_floor_spawned":[1,5,10,16],"killed_by":"Cultist and Chosen","ascension_level":20}}