{"host":"9sqwgc7o3s0c6ttp","time":1609427241,"event":{"mods":["AchievementEnabler","Act Like it!","Arknights The Spire","Aspiration","BaseMod","CapriCore","Colored Powertips","Dota2Spire","Friendly Minions","Gensokyo","HololiveMod","Infinite Spire","Minty Spire (QoL Compilation)","Pale of the Ancients","Replay The Spire","StSLib","Waifu the Spire","WarShipGirlsR/??á´Ò³R mod"],"gold_per_floor":[116,136,61,80,97,132,81,81,128,128,153,170,182,200,200,300,300,319,331,331,346,362,394,394,147,172,172,172,172,27,27,27,152,152,191,191,191,26,63,63,124,124,124,177,221,221,269,314,314,354],"floor_reached":51,"playtime":2289,"items_purged":["ats:Strike C","ats:Ambush","ats:Defend","ats:Strike G","ats:Strike V"],"score":712,"play_id":"baf17982-9a4b-470d-b3af-ae8b9e425190","local_time":"20210101000721","is_ascension_mode":false,"campfire_choices":[{"floor":8,"key":"REST"},{"data":"ats:Flexible Camouflage","floor":15,"key":"SMITH"},{"data":"ats:Soul Absorption","floor":24,"key":"SMITH"},{"data":"ats:Overload","floor":27,"key":"SMITH"},{"data":"ats:Emotion Absorption","floor":29,"key":"SMITH"},{"data":"ats:Neurotoxin","floor":40,"key":"SMITH"},{"data":"infinitespire:Collect","floor":46,"key":"SMITH"}],"circlet_count":0,"master_deck":["ats:Strike S","ats:Armor Crushing Shot","ats:Defend","ats:Defend","ats:Defend","ats:Emotion Absorption+1","ats:Ambush+1","ats:Explosion Area Strengthen+1","ats:Flexible Camouflage+1","ats:Consecutive Shot Auto+1","ats:Powerful Strike","ats:Overload+1","ats:Assault Order","ats:Powerful Strike","ats:Nebulous Foxfire","ats:Revitalization+1","ats:Soul Absorption+1","ats:Consecutive Shot Auto","ats:Shell Defense+1","ats:Flexible Camouflage","ReplayTheSpireMod:Private Reserves","ats:Wolf Pack","ats:Neurotoxin+1","ats:Composite Medical Shells+1","ats:Overload+1","infinitespire:Collect+1","ats:Consecutive Shot Auto+1","ats:Powerful Strike+1"],"relics":["ats:Sanity","ats:Originium","Dota2Spire:ArcaneBoots","ats:Hidden Killer","Dota2Spire:PowerTreads","Sozu","Pet Ghost","Replay:Bandana","Dota2Spire:EchoSabre","Happy Flower","Gremlin Horn","SlaversCollar","infinitespire:ShieldingShard","aspiration:FetidBarrel","infinitespire:Satchel","Dota2Spire:MagicBottle"],"acts_visited":["Exordium","TheCity","TheBeyond"],"potions_floor_usage":[16,16],"damage_taken":[{"damage":2,"enemies":"Cultist","floor":1,"turns":6},{"damage":11,"enemies":"Jaw Worm","floor":2,"turns":4},{"damage":6,"enemies":"2 Louse","floor":4,"turns":2},{"damage":21,"enemies":"Exordium Thugs","floor":5,"turns":5},{"damage":23,"enemies":"Gremlin Nob","floor":6,"turns":5},{"damage":13,"enemies":"Lagavulin","floor":11,"turns":6},{"damage":10,"enemies":"Looter","floor":12,"turns":3},{"damage":0,"enemies":"Blue Slaver","floor":13,"turns":2},{"damage":1,"enemies":"2 Fungi Beasts","floor":14,"turns":3},{"damage":0,"enemies":"Slime Boss","floor":16,"turns":6},{"damage":10,"enemies":"Chosen","floor":18,"turns":5},{"damage":0,"enemies":"Shell Parasite","floor":19,"turns":4},{"damage":40,"enemies":"Shelled Parasite and Fungi","floor":21,"turns":7},{"damage":21,"enemies":"Snake Plant","floor":22,"turns":6},{"damage":32,"enemies":"Gremlin Leader","floor":23,"turns":11},{"damage":0,"enemies":"Champ","floor":33,"turns":7},{"damage":0,"enemies":"Orb Walker","floor":35,"turns":3},{"damage":12,"enemies":"3 Darklings","floor":39,"turns":3},{"damage":0,"enemies":"R_Hoarder","floor":41,"turns":5},{"damage":17,"enemies":"Nightmare","floor":44,"turns":6},{"damage":4,"enemies":"Writhing Mass","floor":45,"turns":4},{"damage":24,"enemies":"Sphere and 2 Shapes","floor":47,"turns":3},{"damage":0,"enemies":"3 Darklings","floor":48,"turns":3},{"damage":20,"enemies":"Replay:Hell Engine","floor":50,"turns":5}],"seed_played":"2571686585776842534","potions_obtained":[{"floor":5,"key":"Milkshake"},{"floor":6,"key":"ats:Emergency Sanity Potion"},{"floor":11,"key":"Flashbang"},{"floor":13,"key":"Weak Potion"}],"is_trial":false,"path_per_floor":["M","M","$","M","M","E","$","R","T","?","E","M","M","M","R","B",null,"M","M","AVR","M","M","E","R","$","T","R","?","R","$","?","R","B",null,"M","?","?","$","M","R","E","AVR","T","NM","M","R","M","M","R","B",null],"character_chosen":"DOCTOR_CLASS","items_purchased":["ats:Assault Order","Dota2Spire:EchoSabre","ats:Flexible Camouflage","ReplayTheSpireMod:Private Reserves","ats:Neurotoxin"],"campfire_rested":1,"item_purchase_floors":[7,25,30,30,38],"current_hp_per_floor":[70,59,59,53,32,9,9,30,30,30,17,7,7,10,10,14,72,62,72,72,44,37,43,43,43,43,43,43,43,43,43,64,72,72,72,72,72,72,60,60,72,72,72,72,72,72,50,54,72,59],"gold":354,"neow_bonus":"ONE_RANDOM_RARE_CARD","is_daily":false,"chose_seed":false,"campfire_upgraded":6,"win_rate":0.0,"timestamp":1609427241,"path_taken":["M","M","$","M","?","E","$","R","T","?","E","M","M","M","R","BOSS","M","M","AVR","M","M","E","R","$","T","R","?","R","?","?","R","BOSS","M","?","?","$","M","R","E","AVR","T","NM","M","R","M","?","R","BOSS"],"items_purchased_type":["Card","Relic","Card","Card","Card"],"build_version":"2020-12-22","purchased_purges":5,"victory":true,"max_hp_per_floor":[72,72,72,72,72,72,72,72,72,72,72,72,72,72,72,72,72,72,72,72,72,72,72,72,72,72,72,72,72,72,72,72,72,72,72,72,72,72,72,72,72,72,72,72,72,72,72,72,72,72],"card_choices":[{"not_picked":["ats:Poison Spread","ats:Magnetic Hammer"],"picked":"ats:Explosion Area Strengthen","floor":1},{"not_picked":["ats:Poison Spread","ats:Burning Ground"],"picked":"ats:Flexible Camouflage","floor":2},{"not_picked":["ats:Shell Defense","ats:Counter Healing Mode"],"picked":"ats:Consecutive Shot Auto","floor":4},{"not_picked":["ats:Beaten Up","ats:Consecutive Shot Auto"],"picked":"ats:Powerful Strike","floor":5},{"not_picked":["ats:Leaping Hammer","ats:Flame Of Heaven"],"picked":"ats:Overload","floor":6},{"not_picked":["ats:Guardian Obelisk","ats:Cat Scratch"],"picked":"ats:Ambush","floor":11},{"not_picked":["ats:Assault Order","ats:Mental Burst","ats:Ignite"],"picked":"SKIP","floor":12},{"not_picked":["ats:Overload","ats:Charging Defense"],"picked":"ats:Apocalypse","floor":13},{"not_picked":["ats:Hammer On","ats:Shell Defense"],"picked":"ats:Powerful Strike","floor":14},{"not_picked":["ats:Wolf Pack","ats:Durian"],"picked":"ats:Nebulous Foxfire","floor":16},{"not_picked":["ats:Apocalypse","ats:Healing Strengthening"],"picked":"ats:Revitalization+1","floor":18},{"not_picked":["ats:Apocalypse","ats:Leaping Hammer"],"picked":"ats:Soul Absorption","floor":19},{"not_picked":["ats:Ignite","ats:Dogmatic Field"],"picked":"ats:Consecutive Shot Auto","floor":21},{"not_picked":["ats:Red Shift","ats:Directed Diagnosis+1"],"picked":"ats:Shell Defense+1","floor":22},{"not_picked":["ats:Closed Bolt Burst Fire","ats:Thermite Blade","ats:Chain Hook"],"picked":"SKIP","floor":23},{"not_picked":["ats:Calcification","ats:Dogmatic Field"],"picked":"ats:Wolf Pack","floor":33},{"not_picked":["ats:Revitalization","ats:Sunburst","ats:Healing Drone"],"picked":"SKIP","floor":35},{"not_picked":["ats:Encircling Forest","ats:Explosion Area Strengthen"],"picked":"ats:Composite Medical Shells+1","floor":39},{"not_picked":["ats:Defend Order","ats:Thorns"],"picked":"ats:Overload+1","floor":41},{"not_picked":["infinitespire:TheBestDefense","ReplayTheSpireMod:??????????????????????"],"picked":"infinitespire:Collect","floor":44},{"not_picked":["ats:Automatic Cover+1","ats:Flame Of Heaven"],"picked":"ats:Consecutive Shot Auto+1","floor":44},{"not_picked":["ats:Consecutive Shot Auto+1","ats:Support Order"],"picked":"ats:Powerful Strike+1","floor":45},{"not_picked":["ats:Shell Defense","ats:Powerful Strike","ats:Cat Scratch"],"picked":"SKIP","floor":47},{"not_picked":["ats:Collapsing Strike","ats:Curse Doll+1","ats:Leaping Hammer"],"picked":"SKIP","floor":48}],"player_experience":304627,"relics_obtained":[{"floor":6,"key":"ats:Originium"},{"floor":6,"key":"Dota2Spire:ArcaneBoots"},{"floor":9,"key":"ats:Hidden Killer"},{"floor":11,"key":"ats:Originium"},{"floor":11,"key":"Dota2Spire:PowerTreads"},{"floor":23,"key":"ats:Originium"},{"floor":23,"key":"Replay:Bandana"},{"floor":26,"key":"Happy Flower"},{"floor":37,"key":"infinitespire:ShieldingShard"},{"floor":41,"key":"aspiration:FetidBarrel"},{"floor":43,"key":"infinitespire:Satchel"},{"floor":44,"key":"Dota2Spire:MagicBottle"}],"event_choices":[{"cards_removed":["ats:Apocalypse"],"damage_healed":0,"gold_gain":0,"player_choice":"Gave Card","damage_taken":0,"relics_obtained":["Gremlin Horn"],"max_hp_gain":0,"max_hp_loss":0,"event_name":"WeMeetAgain","floor":28,"gold_loss":0},{"damage_healed":0,"gold_gain":0,"player_choice":"Ignored","damage_taken":0,"max_hp_gain":0,"max_hp_loss":0,"event_name":"Ghosts","floor":31,"gold_loss":0},{"damage_healed":0,"gold_gain":0,"player_choice":"Memory 1","damage_taken":0,"max_hp_gain":0,"max_hp_loss":0,"event_name":"SensoryStone","floor":36,"gold_loss":0},{"damage_healed":0,"gold_gain":0,"player_choice":"Relic","damage_taken":0,"max_hp_gain":0,"max_hp_loss":0,"event_name":"Wheel of Change","floor":37,"gold_loss":0}],"is_beta":false,"boss_relics":[{"not_picked":["Velvet Choker","Honey Jar"],"picked":"Sozu"},{"not_picked":["aspiration:SilentSkillbook","Hololive_Finger"],"picked":"SlaversCollar"}],"items_purged_floors":[3,20,25,38,42],"is_endless":false,"potions_floor_spawned":[5,6,11,13,14,19,21,22,33,41,48],"ascension_level":0}}