{"host":"7k2a2omxz3voj5ax","time":1609427814,"event":{"mods":["BaseMod","Marisa£¨ìFÓê¡¡Ä§ÀíÉ³£©","Minty Spire (QoL Compilation)","Quick Restart","Spicy Shops","StSLib","Starting Relic: Pandora\u0027s Box","óô»ðÖ¸ÄÏ"],"gold_per_floor":[111,842,856,869,869,869,922,922,922,964,1015,1100,1100,1157,1157,1257,1257,1294,1339,1319,1356,237,237,293,308,386,441,491,491,529,589,589,685,685,726,726,770,806,34,93,137,192,215,281,293,358,406,418,430,442,454,466,478,186,214,214],"floor_reached":57,"playtime":2777,"items_purged":["DC","MasterSpark","ShootingEcho","NonDirectionalLaser+1"],"score":3546,"play_id":"f8cc6c5a-99b3-48b5-86cf-4df1cb36bb6a","local_time":"20210101001654","is_ascension_mode":true,"campfire_choices":[{"data":"WitchOfGreed","floor":6.0,"key":"SMITH"},{"data":"MilkyWay","floor":8.0,"key":"SMITH"},{"data":"BlazingStar","floor":15.0,"key":"SMITH"},{"data":"EarthLightRay","floor":23.0,"key":"SMITH"},{"data":"Singularity","floor":29.0,"key":"SMITH"},{"data":"UltimateShortwave","floor":32.0,"key":"SMITH"},{"floor":49.0,"key":"RECALL"},{"data":"AsteroidBelt","floor":53.0,"key":"SMITH"}],"circlet_count":0,"master_deck":["AscendersBane","UpSweep+1","AsteroidBelt+1","WitchLeyline","AsteroidBelt+1","MilkyWay+1","WitchLeyline","WitchOfGreed+1","BlazingStar+1","Singularity+1","MillisecondPulsars","WitchLeyline","EarthLightRay+1","Singularity+1","UltimateShortwave+1","OortCloud+1","EscapeVelocity+1","Acceleration+1","EarthLightRay+1","BlazeAway+1","OortCloud+1","ManaConvection+1","CollectingQuirk+1"],"relics":["MiniHakkero","TheAbacus","CaptainsWheel","Mummified Hand","Gremlin Horn","PreservedInsect","Runic Dome","AmplifyWand","Sundial","Frozen Egg 2","The Courier","Meat on the Bone","HornCleat","TungstenRod","Calling Bell","Bag of Preparation","Molten Egg 2","Thread and Needle","Toxic Egg 2","Art of War","FossilizedHelix","Ice Cream","Lantern","Blue Candle","MawBank","Du-Vu Doll","Smiling Mask","SimpleLauncher","War Paint"],"acts_visited":["Exordium","TheCity","TheBeyond","TheEnding"],"potions_floor_usage":[56],"damage_taken":[{"damage":0.0,"enemies":"Cultist","floor":1.0,"turns":2.0},{"damage":0.0,"enemies":"Jaw Worm","floor":3.0,"turns":3.0},{"damage":0.0,"enemies":"2 Louse","floor":4.0,"turns":2.0},{"damage":7.0,"enemies":"3 Sentries","floor":7.0,"turns":5.0},{"damage":5.0,"enemies":"Blue Slaver","floor":10.0,"turns":2.0},{"damage":7.0,"enemies":"Lagavulin","floor":11.0,"turns":6.0},{"damage":20.0,"enemies":"Lagavulin Event","floor":12.0,"turns":4.0},{"damage":0.0,"enemies":"3 Sentries","floor":14.0,"turns":2.0},{"damage":0.0,"enemies":"Slime Boss","floor":16.0,"turns":3.0},{"damage":13.0,"enemies":"Shell Parasite","floor":18.0,"turns":2.0},{"damage":16.0,"enemies":"2 Thieves","floor":19.0,"turns":2.0},{"damage":0.0,"enemies":"Cultist and Chosen","floor":21.0,"turns":2.0},{"damage":0.0,"enemies":"Slavers","floor":24.0,"turns":3.0},{"damage":0.0,"enemies":"Snake Plant","floor":25.0,"turns":1.0},{"damage":0.0,"enemies":"Book of Stabbing","floor":27.0,"turns":2.0},{"damage":17.0,"enemies":"Centurion and Healer","floor":30.0,"turns":4.0},{"damage":16.0,"enemies":"Gremlin Leader","floor":31.0,"turns":3.0},{"damage":5.0,"enemies":"Automaton","floor":33.0,"turns":6.0},{"damage":0.0,"enemies":"3 Darklings","floor":35.0,"turns":3.0},{"damage":0.0,"enemies":"3 Shapes","floor":37.0,"turns":3.0},{"damage":6.0,"enemies":"Writhing Mass","floor":38.0,"turns":3.0},{"damage":0.0,"enemies":"Giant Head","floor":40.0,"turns":4.0},{"damage":0.0,"enemies":"Jaw Worm Horde","floor":41.0,"turns":3.0},{"damage":0.0,"enemies":"Reptomancer","floor":42.0,"turns":2.0},{"damage":0.0,"enemies":"Giant Head","floor":44.0,"turns":2.0},{"damage":0.0,"enemies":"Nemesis","floor":46.0,"turns":3.0},{"damage":0.0,"enemies":"Spire Growth","floor":47.0,"turns":3.0},{"damage":0.0,"enemies":"Donu and Deca","floor":50.0,"turns":4.0},{"damage":19.0,"enemies":"Awakened One","floor":51.0,"turns":5.0},{"damage":0,"enemies":"Shield and Spear","floor":55,"turns":1},{"damage":23,"enemies":"The Heart","floor":56,"turns":6}],"seed_played":"-1830794557633619292","potions_obtained":[{"floor":4.0,"key":"AttackPotion"},{"floor":7.0,"key":"Fire Potion"},{"floor":10.0,"key":"Energy Potion"},{"floor":10.0,"key":"LiquidBronze"},{"floor":11.0,"key":"FearPotion"},{"floor":12.0,"key":"SkillPotion"},{"floor":12.0,"key":"AttackPotion"},{"floor":14.0,"key":"Strength Potion"},{"floor":16.0,"key":"DuplicationPotion"},{"floor":18.0,"key":"Energy Potion"},{"floor":19.0,"key":"FairyPotion"},{"floor":24.0,"key":"PowerPotion"},{"floor":27.0,"key":"EssenceOfSteel"},{"floor":30.0,"key":"Dexterity Potion"},{"floor":31.0,"key":"ColorlessPotion"},{"floor":33.0,"key":"BlessingOfTheForge"},{"floor":40.0,"key":"EntropicBrew"},{"floor":42.0,"key":"SpeedPotion"},{"floor":42.0,"key":"Dexterity Potion"},{"floor":46.0,"key":"Regen Potion"},{"floor":55,"key":"SmokeBomb"}],"is_trial":false,"path_per_floor":["M","$","M","M","?","R","E","R","T","M","E","?","?","E","R","B",null,"M","M","?","M","$","R","E","M","T","E","?","R","M","E","R","B",null,"M","?","M","M","$","E","M","E","T","E","?","E","M","?","R","B","B",null,"R","$","E","B",null],"character_chosen":"MARISA","items_purchased":["TheAbacus","AmplifyWand","Sundial","EarthLightRay","Frozen Egg 2","Toxic Egg 2","Art of War","FossilizedHelix","Ice Cream","EarthLightRay+1","SimpleLauncher"],"campfire_rested":0,"item_purchase_floors":[2,22,22,22,22,39,39,39,39,39,54],"current_hp_per_floor":[63,63,63,63,70,70,63,63,63,58,51,31,10,10,10,10,55,42,26,26,26,26,26,32,38,38,44,44,44,45,47,47,48,65,70,70,70,64,64,70,70,70,70,70,70,70,70,66,66,66,53,63,63,63,63,45],"gold":214,"neow_bonus":"REMOVE_CARD","is_daily":false,"chose_seed":false,"campfire_upgraded":7,"win_rate":0.0,"timestamp":1609427814,"path_taken":["M","$","M","?","?","R","E","R","T","M","E","?","?","E","R","BOSS","M","M","?","?","$","R","E","M","T","E","?","R","?","E","R","BOSS","M","?","M","M","$","E","?","E","T","E","?","E","?","?","R","BOSS","BOSS","R","$","E","BOSS"],"items_purchased_type":["Relic","Relic","Relic","Card","Relic","Relic","Relic","Relic","Relic","Card","Relic"],"build_version":"2020-12-22","purchased_purges":4,"victory":true,"max_hp_per_floor":[70,70,70,70,70,70,70,70,70,70,70,70,70,70,70,70,70,70,70,70,70,70,70,70,70,70,70,70,70,70,70,70,70,70,70,70,70,70,70,70,70,70,70,70,70,70,70,66,66,66,66,66,66,66,66,66],"card_choices":[{"not_picked":["DoubleSpark","IllusionStar","PowerUp"],"picked":"SKIP","floor":1.0},{"not_picked":["GalacticHalo","PowerUp"],"picked":"WitchLeyline","floor":3.0},{"not_picked":["ShootingEcho","SprinkleStarSeal"],"picked":"WitchOfGreed","floor":4.0},{"not_picked":["PulseMagic","ChargeUpSpray","FinalSpark"],"picked":"SKIP","floor":7.0},{"not_picked":["NonDirectionalLaser","ShootingEcho","MagicAbsorber"],"picked":"SKIP","floor":10.0},{"not_picked":["ShootingEcho","MagicAbsorber"],"picked":"NonDirectionalLaser","floor":10.0},{"not_picked":["ChargingUp","AsteroidBelt","EnergyRecoil"],"picked":"SKIP","floor":11.0},{"not_picked":["Orbital","WitchOfGreed"],"picked":"BlazingStar","floor":12.0},{"not_picked":["Orbital","StarlightTyphoon"],"picked":"Singularity","floor":14.0},{"not_picked":["AbsoluteMagnitude","JA"],"picked":"MillisecondPulsars","floor":16.0},{"not_picked":["IllusionStar","ShootingEcho"],"picked":"WitchLeyline","floor":18.0},{"not_picked":["GalacticHalo","MagicChant","MysteriousBeam"],"picked":"SKIP","floor":19.0},{"not_picked":["AsteroidBelt","DragonMeteor","MysteriousBeam"],"picked":"SKIP","floor":21.0},{"not_picked":["DarkSpark+1","IllusionStar","NonDirectionalLaser"],"picked":"SKIP","floor":24.0},{"not_picked":["DarkSpark+1","IllusionStar","NonDirectionalLaser"],"picked":"SKIP","floor":24.0},{"not_picked":["ShootingEcho","DoubleSpark","GravityBeat"],"picked":"SKIP","floor":25.0},{"not_picked":["MilkyWay+1","Occultation"],"picked":"Singularity+1","floor":27.0},{"not_picked":["MilkyWay","UnstableBomb"],"picked":"UltimateShortwave","floor":30.0},{"not_picked":["EnergyFlow+1","OpenUniverse"],"picked":"OortCloud+1","floor":31.0},{"not_picked":["StarDustReverie","ManaRampage"],"picked":"EscapeVelocity+1","floor":33.0},{"not_picked":["PulseMagic","MysteriousBeam+1","EnergyFlow+1"],"picked":"SKIP","floor":35.0},{"not_picked":["MilkyWay","SporeBomb"],"picked":"Acceleration","floor":37.0},{"not_picked":["MachineGunSpark+1","6A+1","FinalSpark+1"],"picked":"SKIP","floor":38.0},{"not_picked":["ShootTheMoon+1","MillisecondPulsars+1"],"picked":"BlazeAway+1","floor":40.0},{"not_picked":["DoubleSpark+1","PulseMagic+1","MysteriousBeam+1"],"picked":"SKIP","floor":41.0},{"not_picked":["SuperPerseids+1","MysteriousBeam+1","ManaRampage+1"],"picked":"SKIP","floor":42.0},{"not_picked":["Singularity+1","MagicAbsorber+1","SporeBomb+1"],"picked":"SKIP","floor":44.0},{"not_picked":["SuperPerseids+1","SporeBomb+1"],"picked":"ManaConvection+1","floor":46.0},{"not_picked":["OpenUniverse+1","NonDirectionalLaser+1","GalacticHalo+1"],"picked":"SKIP","floor":47.0},{"not_picked":["AsteroidBelt+1","DC+1"],"picked":"CollectingQuirk+1","floor":55}],"player_experience":374380,"relics_obtained":[{"floor":7.0,"key":"CaptainsWheel"},{"floor":11.0,"key":"Mummified Hand"},{"floor":12.0,"key":"Gremlin Horn"},{"floor":14.0,"key":"PreservedInsect"},{"floor":24.0,"key":"The Courier"},{"floor":26.0,"key":"Meat on the Bone"},{"floor":27.0,"key":"HornCleat"},{"floor":31.0,"key":"TungstenRod"},{"floor":34.0,"key":"Bag of Preparation"},{"floor":34.0,"key":"Molten Egg 2"},{"floor":34.0,"key":"Thread and Needle"},{"floor":40.0,"key":"Lantern"},{"floor":42.0,"key":"Blue Candle"},{"floor":43.0,"key":"MawBank"},{"floor":44.0,"key":"Du-Vu Doll"},{"floor":46.0,"key":"Smiling Mask"},{"floor":55,"key":"War Paint"}],"event_choices":[{"damage_healed":23.0,"max_hp_gain":0.0,"max_hp_loss":0.0,"gold_gain":0.0,"event_name":"Big Fish","player_choice":"Banana","floor":5.0,"gold_loss":0.0,"damage_taken":0.0},{"damage_healed":0.0,"max_hp_gain":0.0,"max_hp_loss":0.0,"gold_gain":0.0,"event_name":"Dead Adventurer","player_choice":"Searched \u00271\u0027 times","floor":12.0,"gold_loss":0.0,"damage_taken":0.0},{"damage_healed":0.0,"max_hp_gain":0.0,"max_hp_loss":0.0,"gold_gain":0.0,"event_name":"Shining Light","player_choice":"Entered Light","floor":13.0,"gold_loss":0.0,"damage_taken":21.0,"cards_upgraded":["NonDirectionalLaser","UpSweep"]},{"damage_healed":0.0,"max_hp_gain":0.0,"max_hp_loss":0.0,"gold_gain":0.0,"event_name":"The Woman in Blue","player_choice":"Bought 1 Potion","floor":20.0,"gold_loss":0.0,"damage_taken":0.0},{"damage_healed":0.0,"max_hp_gain":0.0,"max_hp_loss":0.0,"gold_gain":50.0,"event_name":"Golden Shrine","player_choice":"Pray","floor":28.0,"gold_loss":0.0,"damage_taken":0.0},{"cards_removed":["PowerUp"],"damage_healed":0.0,"max_hp_gain":0.0,"max_hp_loss":0.0,"gold_gain":0.0,"event_name":"Purifier","player_choice":"Purged","floor":36.0,"gold_loss":0.0,"damage_taken":0.0},{"damage_healed":0.0,"max_hp_gain":0.0,"max_hp_loss":0.0,"gold_gain":0.0,"event_name":"Duplicator","player_choice":"Copied","floor":45.0,"gold_loss":0.0,"damage_taken":0.0,"cards_obtained":["OortCloud"]},{"damage_healed":0.0,"max_hp_gain":0.0,"max_hp_loss":4.0,"gold_gain":0.0,"event_name":"Winding Halls","player_choice":"Max HP","floor":48.0,"gold_loss":0.0,"damage_taken":0.0}],"is_beta":false,"boss_relics":[{"not_picked":["Cursed Key","Sozu"],"picked":"Runic Dome"},{"not_picked":["ExperimentalFamiliar","Philosopher\u0027s Stone"],"picked":"Calling Bell"}],"items_purged_floors":[2,22,22,54],"is_endless":false,"potions_floor_spawned":[4,10,12,14,16,18,19,21,27,35,38,42,55],"ascension_level":20}}