{"host":"lsq35p0sdkx2xifo","time":1609394226,"event":{"mods":["AchievementEnabler","BaseMod","Googly Eyes","Highlight Path","Minty Spire (QoL Compilation)","StSLib","The Senshi"],"gold_per_floor":[115,40,50,28,28,58,69,19,44,72,72,103,122,150,150,226,226,241,98,117,133,147,180,180,180,180,180,211,311,324,358,358,358,358],"floor_reached":33,"playtime":3390,"items_purged":["Strike_G"],"score":714,"play_id":"988271a5-397b-4eae-85a6-7a1ab67cd912","local_time":"20201230215706","is_ascension_mode":true,"campfire_choices":[{"floor":15,"key":"REST"},{"data":"Backstab","floor":24,"key":"SMITH"},{"data":"Dash","floor":27,"key":"SMITH"},{"floor":32,"key":"REST"}],"circlet_count":0,"master_deck":["AscendersBane","Strike_G","Strike_G","Strike_G","Defend_G","Defend_G","Defend_G","Defend_G","Defend_G","Survivor","Neutralize","Skewer+1","Dagger Spray","Flying Knee","Dagger Spray","PiercingWail","Dash+1","Escape Plan","Flying Knee","Backflip+1","Unload","Prepared+1","Masterful Stab","Slice+1","Backstab+1","Leg Sweep+1","Doubt","Doubt","Acrobatics+1","Dash+1","Well Laid Plans"],"relics":["Ring of the Snake","NeowsBlessing","MealTicket","Sundial","Akabeko","Orichalcum","Bag of Marbles","Toxic Egg 2","Cursed Key","Lee\u0027s Waffle","Meat on the Bone","TungstenRod","Happy Flower","Prayer Wheel","Molten Egg 2","Singing Bowl"],"acts_visited":["Exordium","TheCity"],"potions_floor_usage":[7,10,10,23,28,29,33],"damage_taken":[{"damage":0,"enemies":"Jaw Worm","floor":1,"turns":1},{"damage":0,"enemies":"Cultist","floor":3,"turns":1},{"damage":0,"enemies":"Lagavulin","floor":6,"turns":1},{"damage":0,"enemies":"Small Slimes","floor":7,"turns":1},{"damage":0,"enemies":"Gremlin Nob","floor":10,"turns":2},{"damage":0,"enemies":"3 Sentries","floor":12,"turns":6},{"damage":0,"enemies":"Red Slaver","floor":13,"turns":1},{"damage":17,"enemies":"Lagavulin","floor":14,"turns":4},{"damage":53,"enemies":"Slime Boss","floor":16,"turns":15},{"damage":0,"enemies":"Chosen","floor":18,"turns":1},{"damage":1,"enemies":"Spheric Guardian","floor":20,"turns":3},{"damage":12,"enemies":"Cultist and Chosen","floor":21,"turns":5},{"damage":2,"enemies":"Snake Plant","floor":22,"turns":3},{"damage":10,"enemies":"Book of Stabbing","floor":23,"turns":4},{"damage":0,"enemies":"Slavers","floor":28,"turns":1},{"damage":0,"enemies":"Colosseum Slavers","floor":29,"turns":3},{"damage":4,"enemies":"Colosseum Nobs","floor":29,"turns":4},{"damage":1,"enemies":"Shelled Parasite and Fungi","floor":30,"turns":5},{"damage":6,"enemies":"Book of Stabbing","floor":31,"turns":4},{"damage":76,"enemies":"Automaton","floor":33,"turns":12}],"seed_played":"-2835799239383767916","potions_obtained":[{"floor":1,"key":"Energy Potion"},{"floor":6,"key":"Energy Potion"},{"floor":7,"key":"DuplicationPotion"},{"floor":20,"key":"BlessingOfTheForge"},{"floor":21,"key":"Poison Potion"},{"floor":23,"key":"AttackPotion"},{"floor":31,"key":"FearPotion"}],"is_trial":false,"path_per_floor":["M","$","M","$","?","E","M","?","T","E","?","E","M","E","R","B",null,"M","$","M","M","M","E","R","T","T","R","E","?","M","E","R","B"],"character_chosen":"THE_SILENT","items_purchased":["Flying Knee","Lee\u0027s Waffle"],"campfire_rested":2,"item_purchase_floors":[4,19],"current_hp_per_floor":[63,63,63,63,63,63,63,63,63,63,63,63,63,46,67,14,56,56,77,76,64,62,52,52,52,52,52,52,48,47,43,66,0,0],"gold":358,"neow_bonus":"THREE_ENEMY_KILL","is_daily":false,"chose_seed":false,"campfire_upgraded":2,"win_rate":0.0,"timestamp":1609394226,"path_taken":["M","$","M","$","?","E","?","?","T","E","?","E","?","E","R","BOSS","M","$","M","M","M","E","R","?","T","R","E","?","M","E","R","BOSS"],"items_purchased_type":["Card","Relic"],"build_version":"2020-12-22","purchased_purges":1,"victory":false,"max_hp_per_floor":[70,70,70,70,70,70,70,70,70,70,70,70,70,70,70,70,70,70,77,77,77,77,77,77,77,77,77,77,77,77,79,79,79,79],"card_choices":[{"not_picked":["Accuracy","Distraction"],"picked":"Skewer","floor":1},{"not_picked":["Prepared","Poisoned Stab"],"picked":"Dagger Spray","floor":3},{"not_picked":["Dagger Throw","Poisoned Stab"],"picked":"Dagger Spray","floor":6},{"not_picked":["Catalyst","Blade Dance"],"picked":"PiercingWail","floor":7},{"not_picked":["Distraction","PiercingWail"],"picked":"Dash","floor":10},{"not_picked":["Poisoned Stab","Night Terror"],"picked":"Escape Plan","floor":12},{"not_picked":["Concentrate","Choke"],"picked":"Flying Knee","floor":13},{"not_picked":["Deadly Poison+1","Prepared+1"],"picked":"Backflip+1","floor":14},{"not_picked":["Bullet Time+1","Tools of the Trade"],"picked":"Unload","floor":16},{"not_picked":["Dagger Throw","Poisoned Stab"],"picked":"Prepared+1","floor":18},{"not_picked":["Distraction+1","Poisoned Stab"],"picked":"Masterful Stab","floor":20},{"not_picked":["Backflip+1","Setup+1"],"picked":"Slice+1","floor":21},{"not_picked":["Acrobatics+1","Backflip+1"],"picked":"Backstab","floor":22},{"not_picked":["Setup+1","A Thousand Cuts"],"picked":"Leg Sweep+1","floor":23},{"not_picked":["Deadly Poison+1","Backflip+1"],"picked":"Acrobatics+1","floor":28},{"not_picked":["Sucker Punch+1","Deflect+1"],"picked":"Dash+1","floor":29},{"not_picked":["Crippling Poison+1","Outmaneuver+1"],"picked":"Well Laid Plans","floor":30},{"not_picked":["Acrobatics+1","Tactician+1","Underhanded Strike+1"],"picked":"SKIP","floor":30},{"not_picked":["Riddle With Holes+1","Underhanded Strike+1","Dodge and Roll+1"],"picked":"Singing Bowl","floor":31}],"player_experience":1322286,"relics_obtained":[{"floor":5,"key":"MealTicket"},{"floor":6,"key":"Sundial"},{"floor":9,"key":"Akabeko"},{"floor":10,"key":"Orichalcum"},{"floor":12,"key":"Bag of Marbles"},{"floor":14,"key":"Toxic Egg 2"},{"floor":23,"key":"Meat on the Bone"},{"floor":25,"key":"TungstenRod"},{"floor":28,"key":"Happy Flower"},{"floor":29,"key":"Prayer Wheel"},{"floor":29,"key":"Molten Egg 2"},{"floor":31,"key":"Singing Bowl"}],"event_choices":[{"damage_healed":0,"gold_gain":0,"player_choice":"Relic","damage_taken":0,"max_hp_gain":0,"max_hp_loss":0,"event_name":"Wheel of Change","floor":5,"gold_loss":0},{"cards_removed":["Strike_G"],"damage_healed":0,"gold_gain":0,"player_choice":"Card Removal","damage_taken":0,"max_hp_gain":0,"max_hp_loss":0,"event_name":"The Cleric","floor":8,"gold_loss":50},{"damage_healed":0,"gold_gain":0,"player_choice":"Upgraded","damage_taken":0,"max_hp_gain":0,"max_hp_loss":0,"event_name":"Upgrade Shrine","floor":11,"gold_loss":0,"cards_upgraded":["Skewer"]},{"damage_healed":0,"gold_gain":0,"player_choice":"Fight","damage_taken":0,"max_hp_gain":0,"max_hp_loss":0,"event_name":"Colosseum","floor":29,"gold_loss":0},{"damage_healed":0,"gold_gain":0,"player_choice":"Fought Nobs","damage_taken":0,"max_hp_gain":0,"max_hp_loss":0,"event_name":"Colosseum","floor":29,"gold_loss":0}],"is_beta":false,"boss_relics":[{"not_picked":["Sozu","Tiny House"],"picked":"Cursed Key"}],"items_purged_floors":[2],"is_endless":false,"potions_floor_spawned":[1,6,7,20,21,23,29,31],"killed_by":"Automaton","ascension_level":13}}