{"host":"yvb207ks1sg3cxef","time":1609437966,"event":{"mods":["2.2 Compatiblity","BaseMod","Bestiary","Colored Powertips","Minty Spire (QoL Compilation)","Permanent Neow","Quick Restart","Relic Stats","StSLib"],"gold_per_floor":[111,121,171,183,202,202,217,252,334,334,359,379,379,390,390,390,390],"floor_reached":16,"playtime":721,"items_purged":[],"score":264,"play_id":"bd56d676-fb69-45d2-a68a-bdedabe1a185","local_time":"20201231233606","is_ascension_mode":true,"campfire_choices":[{"data":"Corpse Explosion","floor":6.0,"key":"SMITH"},{"data":"Footwork","floor":10.0,"key":"SMITH"},{"data":"Footwork","floor":13.0,"key":"SMITH"},{"data":"Deadly Poison","floor":15.0,"key":"SMITH"}],"circlet_count":0,"master_deck":["AscendersBane","Strike_G","Strike_G","Strike_G","Strike_G","Strike_G","Defend_G","Defend_G","Defend_G","Defend_G","Defend_G","Survivor","Neutralize","Corpse Explosion+1","Endless Agony","Footwork+1","Blur","Footwork+1","Backflip","Backflip","Deadly Poison+1"],"relics":["Ring of the Snake","Bag of Preparation","Gremlin Horn","The Specimen"],"acts_visited":["Exordium"],"potions_floor_usage":[16,16],"damage_taken":[{"damage":5.0,"enemies":"Small Slimes","floor":1.0,"turns":6.0},{"damage":0.0,"enemies":"Cultist","floor":2.0,"turns":3.0},{"damage":0.0,"enemies":"Jaw Worm","floor":4.0,"turns":5.0},{"damage":3.0,"enemies":"Large Slime","floor":5.0,"turns":11.0},{"damage":6.0,"enemies":"Looter","floor":7.0,"turns":4.0},{"damage":8.0,"enemies":"3 Sentries","floor":8.0,"turns":7.0},{"damage":0.0,"enemies":"Lagavulin","floor":11.0,"turns":8.0},{"damage":0.0,"enemies":"2 Fungi Beasts","floor":12.0,"turns":5.0},{"damage":0.0,"enemies":"3 Louse","floor":14.0,"turns":3.0},{"damage":49,"enemies":"Slime Boss","floor":16,"turns":8}],"seed_played":"5759821730042752866","potions_obtained":[{"floor":2.0,"key":"Swift Potion"},{"floor":5.0,"key":"Regen Potion"},{"floor":8.0,"key":"Poison Potion"},{"floor":11.0,"key":"FearPotion"},{"floor":14.0,"key":"Fire Potion"}],"is_trial":false,"path_per_floor":["M","M","?","M","M","R","M","E","T","R","E","M","R","M","R","B"],"character_chosen":"THE_SILENT","items_purchased":[],"campfire_rested":0,"item_purchase_floors":[],"current_hp_per_floor":[54,54,48,48,45,45,39,46,46,46,46,46,46,46,46,0,0],"gold":390,"neow_bonus":"THREE_RARE_CARDS","is_daily":false,"chose_seed":false,"campfire_upgraded":4,"win_rate":0.0,"timestamp":1609437966,"path_taken":["M","M","?","?","M","R","M","E","T","R","E","M","R","M","R","BOSS"],"items_purchased_type":[],"build_version":"2020-12-22","purchased_purges":0,"victory":false,"max_hp_per_floor":[60,60,60,60,60,60,60,60,60,60,60,60,60,60,60,60,60],"relic_stats":{"Gremlin Horn":[1,1],"counters":[10,60],"Bag of Preparation":[9],"obtain_stats":[{"Gremlin Horn":9,"The Specimen":11,"Bag of Preparation":8,"Ring of the Snake":0},{"Gremlin Horn":6,"The Specimen":7,"Bag of Preparation":6,"Ring of the Snake":0},{"Gremlin Horn":36,"The Specimen":44,"Bag of Preparation":36,"Ring of the Snake":0}],"Ring of the Snake":[21]},"card_choices":[{"not_picked":["A Thousand Cuts","Envenom"],"picked":"Corpse Explosion","floor":0.0},{"not_picked":["Cloak And Dagger","PiercingWail"],"picked":"Endless Agony","floor":1.0},{"not_picked":["Riddle With Holes","Bane"],"picked":"Footwork","floor":2.0},{"not_picked":["Blade Dance","PiercingWail"],"picked":"Blur","floor":4.0},{"not_picked":["Acrobatics","Reflex","Riddle With Holes"],"picked":"SKIP","floor":5.0},{"not_picked":["Cloak And Dagger","Flying Knee"],"picked":"Footwork","floor":7.0},{"not_picked":["Phantasmal Killer","Catalyst"],"picked":"Backflip","floor":8.0},{"not_picked":["Dagger Throw","Poisoned Stab","Skewer"],"picked":"SKIP","floor":11.0},{"not_picked":["Masterful Stab","Skewer"],"picked":"Backflip","floor":12.0},{"not_picked":["Finisher","Dagger Throw"],"picked":"Deadly Poison","floor":14.0}],"player_experience":254762,"relics_obtained":[{"floor":8.0,"key":"Bag of Preparation"},{"floor":9.0,"key":"Gremlin Horn"},{"floor":11.0,"key":"The Specimen"}],"event_choices":[{"damage_healed":0.0,"max_hp_gain":0.0,"max_hp_loss":0.0,"gold_gain":50.0,"event_name":"FaceTrader","player_choice":"Touch","floor":3.0,"gold_loss":0.0,"damage_taken":6.0}],"is_beta":false,"boss_relics":[],"items_purged_floors":[],"is_endless":false,"potions_floor_spawned":[2,5,8,11,14],"killed_by":"Slime Boss","ascension_level":18}}