{"host":"873t0y8ybyo38pfq","time":1609430690,"event":{"mods":["BaseMod","Bestiary","Colored Map","Colored Powertips","Highlight Path","Minty Spire (QoL Compilation)","Quick Restart","RNG Fix","Rare Cards Sparkle","Relic Stats","StSLib"],"gold_per_floor":[109,127,141,141,66,66,83,83,83,117,392,404,404,6,6,6,6],"floor_reached":16,"playtime":342,"items_purged":["Regret"],"score":200,"play_id":"e81f5793-f121-4ee4-a8ee-bcfa2f32acb1","local_time":"20201231110450","is_ascension_mode":true,"campfire_choices":[{"data":"Reprogram","floor":6,"key":"SMITH"},{"data":"Streamline","floor":8,"key":"SMITH"},{"floor":13,"key":"REST"},{"floor":15,"key":"REST"}],"circlet_count":0,"master_deck":["AscendersBane","Strike_B","Strike_B","Strike_B","Strike_B","Defend_B","Defend_B","Defend_B","Defend_B","Dualcast","Thinking Ahead","Reprogram+1","Gash","Beam Cell","Streamline+1","Gash","Gash"],"relics":["Cracked Core","HornCleat","StrikeDummy","DollysMirror","Toy Ornithopter"],"acts_visited":["Exordium"],"potions_floor_usage":[16,16],"damage_taken":[{"damage":3,"enemies":"2 Louse","floor":1,"turns":4},{"damage":11,"enemies":"Cultist","floor":2,"turns":4},{"damage":6,"enemies":"Small Slimes","floor":3,"turns":4},{"damage":0,"enemies":"2 Fungi Beasts","floor":7,"turns":2},{"damage":26,"enemies":"Lagavulin","floor":10,"turns":5},{"damage":2,"enemies":"3 Louse","floor":12,"turns":3},{"damage":65,"enemies":"Slime Boss","floor":16,"turns":6}],"seed_played":"-7858125800237720834","potions_obtained":[{"floor":2,"key":"Explosive Potion"},{"floor":12,"key":"FearPotion"}],"is_trial":false,"path_per_floor":["M","M","M","?","?","R","M","R","T","E","?","M","R","$","R","B"],"character_chosen":"DEFECT","items_purchased":["DollysMirror","Toy Ornithopter"],"campfire_rested":2,"item_purchase_floors":[14,14],"current_hp_per_floor":[61,50,44,44,44,44,44,44,44,18,18,16,35,35,54,0,0],"gold":6,"neow_bonus":"RANDOM_COLORLESS_2","is_daily":false,"chose_seed":false,"campfire_upgraded":2,"win_rate":0.0,"timestamp":1609430690,"path_taken":["M","M","?","?","?","R","M","R","T","E","?","M","R","$","R","BOSS"],"items_purchased_type":["Relic","Relic"],"build_version":"2020-12-22","purchased_purges":1,"victory":false,"max_hp_per_floor":[64,64,64,64,64,64,64,64,64,64,64,64,64,64,64,64,64],"relic_stats":{"counters":[7,28],"obtain_stats":[{"HornCleat":9,"DollysMirror":14,"Cracked Core":0,"StrikeDummy":10,"Toy Ornithopter":14},{"HornCleat":4,"DollysMirror":6,"Cracked Core":0,"StrikeDummy":5,"Toy Ornithopter":6},{"HornCleat":14,"DollysMirror":22,"Cracked Core":0,"StrikeDummy":19,"Toy Ornithopter":22}],"Toy Ornithopter":10},"card_choices":[{"not_picked":["The Bomb","Metamorphosis"],"picked":"Thinking Ahead","floor":0},{"not_picked":["Redo","Compile Driver"],"picked":"Reprogram","floor":1},{"not_picked":["Scrape","Steam Power"],"picked":"Gash","floor":2},{"not_picked":["Sweeping Beam","Redo"],"picked":"Beam Cell","floor":3},{"not_picked":["Auto Shields","Rip and Tear"],"picked":"Streamline","floor":7},{"not_picked":["Lockon","Double Energy","Multi-Cast"],"picked":"SKIP","floor":10},{"not_picked":["Redo","Conserve Battery"],"picked":"Gash","floor":12}],"player_experience":1445695,"relics_obtained":[{"floor":9,"key":"HornCleat"},{"floor":10,"key":"StrikeDummy"}],"event_choices":[{"damage_healed":0,"gold_gain":0,"player_choice":"Ignored","damage_taken":0,"max_hp_gain":0,"max_hp_loss":0,"event_name":"Liars Game","floor":4,"gold_loss":0},{"cards_removed":["Zap"],"damage_healed":0,"gold_gain":0,"player_choice":"Card Removal","damage_taken":0,"max_hp_gain":0,"max_hp_loss":0,"event_name":"The Cleric","floor":5,"gold_loss":75},{"damage_healed":0,"gold_gain":275,"player_choice":"Desecrate","damage_taken":0,"max_hp_gain":0,"max_hp_loss":0,"event_name":"Golden Shrine","floor":11,"gold_loss":0,"cards_obtained":["Regret"]}],"is_beta":false,"boss_relics":[],"items_purged_floors":[14],"is_endless":false,"potions_floor_spawned":[2,12],"killed_by":"Slime Boss","ascension_level":20}}