{"host":"o5or1zybx7au40zl","time":1609423381,"event":{"mods":["Act Like it!","BaseMod","Better Third Choice","Conspire","Dota2Spire","Hubris","Minty Spire (QoL Compilation)","Replay The Spire","StSLib"],"gold_per_floor":[116,132,132,93,93,119,136,152,222,222,235,235,248,274,274,375,375,375,32,32,0,0,0,0,0,0,0,0,0,0,0,0,0,0,0,0,0,0,0,0,0,0],"floor_reached":41,"playtime":966,"items_purged":[],"score":522,"play_id":"d97417f4-61da-490d-94cc-32f295c6ab78","local_time":"20201231150301","is_ascension_mode":false,"campfire_choices":[{"floor":12,"key":"REST"},{"floor":15,"key":"REST"},{"floor":23,"key":"RECALL"},{"floor":32,"key":"REST"}],"circlet_count":0,"master_deck":["Strike_G","Strike_G","Strike_G","Defend_G","Defend_G","Defend_G","Defend_G","Defend_G","Survivor","Neutralize","Footwork","Blade Dance","Accuracy","Bludgeon+1","Accuracy","Envenom","Dagger Spray","Finisher","Burst","conspire:DoublingDagger+1","Cloak And Dagger","Blade Dance","Poisoned Stab+1","Unload","Infinite Blades+1","Escape Plan+1","Voices","Dash+1","Blade Dance+1"],"relics":["Ring of the Snake","NeowsBlessing","hubris:Towel","Dota2Spire:PhaseBoots","Bottled Tornado","hubris:Metronome","Peace Pipe","Odd Mushroom","Ectoplasm","Replay:Ringing Soul","Old Coin","Eternal Feather","NlothsMask","Empty Cage","FossilizedHelix","Ring of Fury","ReplayTheSpireMod:Ring of Collecting","Dota2Spire:BladeMail","Quantum Egg"],"acts_visited":["Exordium","TheCity","TheBeyond"],"potions_floor_usage":[16,16,25,27,27,30,30,33,40,41,41],"damage_taken":[{"damage":0,"enemies":"Small Slimes","floor":1,"turns":1},{"damage":0,"enemies":"2 Louse","floor":2,"turns":1},{"damage":0,"enemies":"3 Sentries","floor":6,"turns":1},{"damage":0,"enemies":"Cultist","floor":7,"turns":3},{"damage":10,"enemies":"Red Slaver","floor":8,"turns":3},{"damage":9,"enemies":"Blue Slaver","floor":11,"turns":2},{"damage":7,"enemies":"Lots of Slimes","floor":13,"turns":3},{"damage":16,"enemies":"The Mushroom Lair","floor":14,"turns":4},{"damage":26,"enemies":"The Guardian","floor":16,"turns":8},{"damage":12,"enemies":"Shell Parasite","floor":18,"turns":5},{"damage":9,"enemies":"2 Thieves","floor":21,"turns":3},{"damage":13,"enemies":"Centurion and Healer","floor":22,"turns":3},{"damage":15,"enemies":"Snecko","floor":24,"turns":3},{"damage":6,"enemies":"3 Cultists","floor":25,"turns":5},{"damage":22,"enemies":"Slavers","floor":27,"turns":5},{"damage":0,"enemies":"Cultist and Chosen","floor":29,"turns":3},{"damage":0,"enemies":"Centurion and Healer","floor":30,"turns":2},{"damage":1,"enemies":"3 Cultists","floor":31,"turns":4},{"damage":35,"enemies":"Champ","floor":33,"turns":8},{"damage":0,"enemies":"Orb Walker","floor":35,"turns":1},{"damage":50,"enemies":"2 Orb Walkers","floor":36,"turns":4},{"damage":0,"enemies":"conspire:MimicChest","floor":38,"turns":4},{"damage":15,"enemies":"3 Shapes","floor":39,"turns":4},{"damage":37,"enemies":"Reptomancer","floor":40,"turns":6},{"damage":19,"enemies":"Writhing Mass","floor":41,"turns":3}],"seed_played":"-4857070702729447746","potions_obtained":[{"floor":1,"key":"Fire Potion"},{"floor":7,"key":"AttackPotion"},{"floor":13,"key":"DuplicationPotion"},{"floor":16,"key":"Block Potion"},{"floor":18,"key":"AttackPotion"},{"floor":25,"key":"Block Potion"},{"floor":29,"key":"Energy Potion"},{"floor":31,"key":"FearPotion"},{"floor":35,"key":"CultistPotion"},{"floor":36,"key":"Adrenaline Potion"},{"floor":39,"key":"SteroidPotion"}],"is_trial":false,"path_per_floor":["M","M","?","$","?","E","M","M","T","?","M","R","M","?","R","B",null,"M","$","?","M","M","R","M","M","T","E","?","M","M","M","R","B",null,"M","?","?","?","M","E","M"],"character_chosen":"THE_SILENT","items_purchased":["Accuracy","Replay:Ringing Soul","Finisher"],"campfire_rested":3,"item_purchase_floors":[4,19,19],"current_hp_per_floor":[70,70,70,70,50,50,50,40,40,40,31,52,45,29,50,24,70,58,61,61,55,42,42,30,27,27,5,5,8,11,10,51,19,91,94,47,50,50,38,4,0,0],"gold":0,"neow_bonus":"THREE_ENEMY_KILL","is_daily":false,"chose_seed":false,"campfire_upgraded":0,"win_rate":0.0,"timestamp":1609423381,"path_taken":["M","M","?","$","?","E","M","M","T","?","M","R","M","?","R","BOSS","M","$","?","M","M","R","M","?","T","E","?","M","M","?","R","BOSS","M","?","?","?","M","E","M"],"items_purchased_type":["Card","Relic","Card"],"build_version":"2020-12-22","purchased_purges":0,"victory":false,"max_hp_per_floor":[70,70,70,70,70,70,70,70,70,70,70,70,70,70,70,70,70,70,73,73,76,76,76,79,82,82,82,82,85,88,88,88,91,91,94,97,100,100,103,106,106,106],"card_choices":[{"not_picked":["ReplayTheSpireMod:Shiv Toss","PiercingWail"],"picked":"Footwork","floor":1},{"not_picked":["Slice","ReplayTheSpireMod:Shiv Toss"],"picked":"Blade Dance","floor":2},{"not_picked":["ReplayTheSpireMod:Tripwire","Deadly Poison","Prepared"],"picked":"SKIP","floor":6},{"not_picked":["Draining Mist","Noxious Fumes"],"picked":"Accuracy","floor":7},{"not_picked":["Choke","Backflip","Flying Knee"],"picked":"SKIP","floor":8},{"not_picked":["Slice","ReplayTheSpireMod:Exploit Weakness","Deflect"],"picked":"SKIP","floor":11},{"not_picked":["Phantasmal Killer","Dagger Throw","Underhanded Strike"],"picked":"SKIP","floor":13},{"not_picked":["Adrenaline","Atom Bomb"],"picked":"Envenom","floor":16},{"not_picked":["Dodge and Roll","Flying Knee"],"picked":"Dagger Spray","floor":18},{"not_picked":["Backflip","Bouncing Flask"],"picked":"Burst","floor":21},{"not_picked":["Prepared","Bane","Acrobatics"],"picked":"SKIP","floor":22},{"not_picked":["Caltrops","Deflect+1"],"picked":"conspire:DoublingDagger+1","floor":24},{"not_picked":["Underhanded Strike","Fluid Movement+1"],"picked":"Cloak And Dagger","floor":25},{"not_picked":["Prepared","Endless Agony","Wraith Form v2"],"picked":"SKIP","floor":27},{"not_picked":["hubris:SlightOfHand","Prepared+1"],"picked":"Blade Dance","floor":29},{"not_picked":["Predator","Bane"],"picked":"Poisoned Stab+1","floor":30},{"not_picked":["Bane","Prepared","Deflect"],"picked":"SKIP","floor":31},{"not_picked":["Wraith Form v2","Tools of the Trade"],"picked":"Unload","floor":33},{"not_picked":["Caltrops","Bane+1"],"picked":"Infinite Blades+1","floor":35},{"not_picked":["Eviscerate+1","Backflip"],"picked":"Escape Plan+1","floor":36},{"not_picked":["Backflip","Blade Dance"],"picked":"Dash+1","floor":39},{"not_picked":["Flying Knee+1","Concentrate"],"picked":"Blade Dance+1","floor":40}],"player_experience":915843,"relics_obtained":[{"floor":6,"key":"Bottled Tornado"},{"floor":9,"key":"hubris:Metronome"},{"floor":14,"key":"Odd Mushroom"},{"floor":27,"key":"Eternal Feather"},{"floor":36,"key":"FossilizedHelix"},{"floor":37,"key":"Ring of Fury"},{"floor":37,"key":"ReplayTheSpireMod:Ring of Collecting"},{"floor":38,"key":"Dota2Spire:BladeMail"},{"floor":40,"key":"Quantum Egg"}],"event_choices":[{"damage_healed":0,"gold_gain":0,"player_choice":"Searched \u00271\u0027 times","damage_taken":0,"relics_obtained":["Peace Pipe"],"max_hp_gain":0,"max_hp_loss":0,"event_name":"Dead Adventurer","floor":10,"gold_loss":0},{"damage_healed":0,"gold_gain":0,"player_choice":"Fought Mushrooms","damage_taken":0,"max_hp_gain":0,"max_hp_loss":0,"event_name":"Mushrooms","floor":14,"gold_loss":0},{"damage_healed":0,"gold_gain":0,"player_choice":"Trade","damage_taken":0,"relics_obtained":["NlothsMask"],"max_hp_gain":0,"max_hp_loss":0,"event_name":"FaceTrader","floor":28,"gold_loss":0},{"damage_healed":0,"gold_gain":0,"player_choice":"Fight","damage_taken":0,"max_hp_gain":0,"max_hp_loss":0,"event_name":"Mysterious Sphere","floor":36,"gold_loss":0}],"is_beta":false,"boss_relics":[{"not_picked":["Fusion Hammer","Tiny House"],"picked":"Ectoplasm"},{"not_picked":["hubris:BlackHole","hubris:RunicObelisk"],"picked":"Empty Cage"}],"items_purged_floors":[],"is_endless":false,"potions_floor_spawned":[1,7,13,14,16,18,25,29,31,35,36,39],"killed_by":"Writhing Mass","ascension_level":0}}