{"host":"jyrk6jyquqqx2k2a","time":1609446982,"event":{"mods":["2.2 Compatiblity","AchievementEnabler","BaseMod","BetterRewards","ChefMod","Colored Map","Colored Powertips","Infinite Spire","Minty Spire (QoL Compilation)","Replay The Spire","Shop Mod","Spicy Shops","StSLib","The Marked"],"gold_per_floor":[217,217,199,213,228,228,247,247,247,264,280,299,310,37,37,141,141,152,166,166,166,22,22,57,57,57,75,75,75,91,91,91,192,192,204,224,1223,514,514,545,545,556,556,556,556,556,574,591,591,686,686,702,702,230,246,263,263,263,263,315,329,329,348,348,348,348,452,452,469,469,569,567,577,577,587,587,587,587,616,631,631,645,645,747,747,767,767,767,342,355,355,355,371,371,383,383,383,383,395,395,395,395],"floor_reached":101,"playtime":5390,"items_purged":["theMarked:Strike","theMarked:Defend","theMarked:Defend","Normality","Regret","Languid","Delirium","Hallucinations","Hallucinations","theMarked:Abjuration","theMarked:SoldierForm+1"],"score":1641,"play_id":"b4088fff-cf1c-4e47-8606-601193e5b224","local_time":"20201231153622","is_ascension_mode":false,"campfire_choices":[{"floor":6.0,"key":"REST"},{"floor":15.0,"key":"REST"},{"floor":23.0,"key":"REST"},{"floor":25.0,"key":"REST"},{"floor":28.0,"key":"REST"},{"floor":32.0,"key":"REST"},{"floor":41.0,"key":"REST"},{"floor":45.0,"key":"REST"},{"floor":57.0,"key":"REST"},{"data":"theMarked:Challenge","floor":59.0,"key":"SMITH"},{"data":"infinitespire:FutureSight","floor":62.0,"key":"SMITH"},{"floor":66.0,"key":"REST"},{"floor":74.0,"key":"REST"},{"floor":78.0,"key":"REST"},{"floor":83.0,"key":"REST"},{"floor":92,"key":"REST"},{"floor":97,"key":"REST"},{"floor":100,"key":"REST"}],"circlet_count":1,"master_deck":["theMarked:SoldierOfQuellstein","theMarked:Aftermath","theMarked:BanishingStrike","theMarked:MysticalArsenal","theMarked:TwofoldDefense","theMarked:ChainLightning","theMarked:BanishingStrike","theMarked:ParalyzingBlade","theMarked:StartUp","theMarked:EnhancedHearing","theMarked:Frustration","theMarked:WardOff","theMarked:EmpowerWeapon","theMarked:SummonStrength+1","theMarked:ElectricStrings+1","theMarked:MaelstromOfLightning+1","theMarked:Challenge+1","theMarked:LightningStrikesTwice+1","infinitespire:FutureSight+1","theMarked:SummonStrength+1","theMarked:SoldierForm+1","theMarked:BanishingStrike","theMarked:Overcharge+1","theMarked:ChainLightning+1","theMarked:ElementalBlade+1","theMarked:Parkour","theMarked:BindingBlade","theMarked:WardOff","theMarked:ChannelForce","theMarked:RepellingDischarge+1","theMarked:MuscleMemory","theMarked:DispelDoubt","infinitespire:NeuralNetwork+1","theMarked:KeepCalmAndFightOn","theMarked:TwofoldDefense","theMarked:GodGivenPower+1","Regret","theMarked:Static+1"],"relics":["theMarked:ArtifactOfAir","MerchantsRug","Replay:Ringing Soul","Blue Candle","Pear","infinitespire:CheckeredPen","Blue Doll","Frozen Egg 2","theMarked:Eyepatch","infinitespire:Broken Mirror","Toy Ornithopter","Circlet","Pet Ghost","Dream Catcher","Replay:WaspNest","Prayer Wheel","The Courier","Kunai","theMarked:SpiritSword","Lizard Tail","Blood Vial","Replay:Baseball","infinitespire:PuzzleCube","Mercury Hourglass","Replay:Wax Seal","Empty Cage","Torii","Bronze Scales","ReplayTheSpireMod:CursedCoin","BargainBundle","infinitespire:Bottled Soul","theMarked:NailFile"],"acts_visited":["Exordium","TheCity","TheBeyond","Exordium","TheCity","TheBeyond"],"potions_floor_usage":[86,101],"damage_taken":[{"damage":0.0,"enemies":"Small Slimes","floor":1.0,"turns":4.0},{"damage":18.0,"enemies":"infinitespire:Voidling","floor":4.0,"turns":4.0},{"damage":1.0,"enemies":"2 Louse","floor":5.0,"turns":4.0},{"damage":6.0,"enemies":"Lots of Slimes","floor":7.0,"turns":2.0},{"damage":1.0,"enemies":"Large Slime","floor":10.0,"turns":4.0},{"damage":10.0,"enemies":"Looter","floor":11.0,"turns":3.0},{"damage":21.0,"enemies":"Red Slaver","floor":12.0,"turns":4.0},{"damage":19.0,"enemies":"Large Slime","floor":13.0,"turns":5.0},{"damage":23.0,"enemies":"Slime Boss","floor":16.0,"turns":9.0},{"damage":42.0,"enemies":"3 Byrds","floor":18.0,"turns":7.0},{"damage":17.0,"enemies":"Spheric Guardian","floor":19.0,"turns":4.0},{"damage":17.0,"enemies":"Replay:Snechameleon","floor":24.0,"turns":6.0},{"damage":26.0,"enemies":"Centurion and Healer","floor":27.0,"turns":5.0},{"damage":11.0,"enemies":"Cultist and Chosen","floor":30.0,"turns":4.0},{"damage":102.0,"enemies":"Automaton","floor":33.0,"turns":12.0},{"damage":81.0,"enemies":"3 Darklings","floor":35.0,"turns":7.0},{"damage":0.0,"enemies":"3 Shapes","floor":36.0,"turns":1.0},{"damage":49.0,"enemies":"Nightmare","floor":40.0,"turns":4.0},{"damage":1.0,"enemies":"Spire Growth","floor":42.0,"turns":2.0},{"damage":67.0,"enemies":"4 Shapes","floor":47.0,"turns":4.0},{"damage":0.0,"enemies":"Writhing Mass","floor":48.0,"turns":1.0},{"damage":112.0,"enemies":"infinitespire:MassOfShapes","floor":50.0,"turns":7.0},{"damage":5.0,"enemies":"Cultist","floor":52.0,"turns":4.0},{"damage":2.0,"enemies":"2 Louse","floor":55.0,"turns":2.0},{"damage":23.0,"enemies":"Jaw Worm","floor":56.0,"turns":2.0},{"damage":0.0,"enemies":"Large Slime","floor":61.0,"turns":4.0},{"damage":16.0,"enemies":"Lots of Slimes","floor":63.0,"turns":2.0},{"damage":47.0,"enemies":"Slime Boss","floor":67.0,"turns":7.0},{"damage":33.0,"enemies":"3 Byrds","floor":69.0,"turns":3.0},{"damage":42.0,"enemies":"Chosen","floor":73.0,"turns":5.0},{"damage":0.0,"enemies":"Sentry and Sphere","floor":75.0,"turns":2.0},{"damage":144.0,"enemies":"Book of Stabbing","floor":79.0,"turns":4.0},{"damage":48.0,"enemies":"Snake Plant","floor":80.0,"turns":3.0},{"damage":25.0,"enemies":"Chosen and Byrds","floor":81.0,"turns":3.0},{"damage":20.0,"enemies":"Cultist and Chosen","floor":82.0,"turns":4.0},{"damage":41.0,"enemies":"Automaton","floor":84.0,"turns":4.0},{"damage":18,"enemies":"Orb Walker","floor":86,"turns":3},{"damage":104,"enemies":"3 Darklings","floor":90,"turns":5},{"damage":0,"enemies":"Transient","floor":93,"turns":1},{"damage":0,"enemies":"Writhing Mass","floor":95,"turns":1},{"damage":1,"enemies":"Maw","floor":99,"turns":4},{"damage":230,"enemies":"infinitespire:MassOfShapes","floor":101,"turns":8}],"seed_played":"-6500250170743051577","potions_obtained":[{"floor":4.0,"key":"LiquidBronze"},{"floor":7.0,"key":"Explosive Potion"},{"floor":10.0,"key":"Energy Potion"},{"floor":12.0,"key":"Languid Potion"},{"floor":16.0,"key":"GamblersBrew"},{"floor":19.0,"key":"Reflective Coating"},{"floor":24.0,"key":"EssenceOfSteel"},{"floor":27.0,"key":"Venom Potion"},{"floor":36.0,"key":"Languid Potion"},{"floor":61.0,"key":"SpeedPotion"}],"is_trial":false,"path_per_floor":["M","?","$","M","M","R","M","?","T","M","M","M","M","$","R","B",null,"M","M","?","?","$","R","E","R","T","M","R","AVR","M","?","R","B",null,"M","M","?","$","?","NM","R","M","T","?","R","?","M","M","R_BF","B",null,"M","?","$","M","M","R","?","R","T","M","R","M","AVR","?","R","B",null,"M","AVR","?","$","M","R","M","?","T","R","E","M","M","M","R","B",null,"M","AVR","?","$","M","?","R","M","T","M","?","R","?","M","R","B"],"character_chosen":"THE_DEFAULT","items_purchased":["MerchantsRug","theMarked:BanishingStrike","theMarked:MysticalArsenal","Replay:Ringing Soul","Blue Candle","Pear","theMarked:TwofoldDefense","theMarked:ChainLightning","Blue Doll","Frozen Egg 2","theMarked:LightningStrikesTwice+1","Pet Ghost","Dream Catcher","Replay:WaspNest","theMarked:ChainLightning+1","Lizard Tail","Blood Vial","Bronze Scales","ReplayTheSpireMod:CursedCoin","BargainBundle","Adrenaline Potion","theMarked:KeepCalmAndFightOn","theMarked:TwofoldDefense","infinitespire:Bottled Soul","theMarked:GodGivenPower+1"],"campfire_rested":16,"item_purchase_floors":[3,3,3,3,3,3,3,3,14,14,22,38,38,38,38,54,54,89,89,89,89,89,89,89,89],"current_hp_per_floor":[70,70,83,68,70,89,86,92,92,94,87,69,53,53,84,64,107,68,54,31,34,37,74,60,98,98,80,119,122,119,122,139,47,142,64,67,70,73,76,27,74,73,73,73,120,123,59,62,111,7,169,167,170,170,170,149,175,168,168,168,170,170,159,159,141,178,131,181,148,151,151,151,111,166,168,171,171,187,43,139,119,104,161,125,196,183,183,183,186,84,87,147,149,149,151,151,202,212,214,215,0,0],"gold":395,"neow_bonus":"HUNDRED_GOLD","is_daily":false,"chose_seed":false,"campfire_upgraded":2,"win_rate":0.0,"timestamp":1609446982,"path_taken":["M","?","$","M","?","R","M","?","T","M","?","M","M","$","R","BOSS","M","M","?","?","$","R","E","R","T","M","R","AVR","?","?","R","BOSS","M","M","?","$","?","NM","R","?","T","?","R","?","M","M","R_BF","BOSS","M","?","$","M","?","R","?","R","T","M","R","M","AVR","?","R","BOSS","M","AVR","?","$","M","R","?","?","T","R","E","M","?","M","R","BOSS","M","AVR","?","$","M","?","R","?","T","M","?","R","?","?","R","BOSS"],"items_purchased_type":["Relic","Card","Card","Relic","Relic","Relic","Card","Card","Relic","Relic","Card","Relic","Relic","Relic","Card","Relic","Relic","Relic","Relic","Relic","Potion","Card","Card","Relic","Card"],"build_version":"2020-12-22","purchased_purges":11,"victory":false,"max_hp_per_floor":[70,70,83,86,89,89,92,92,92,95,98,101,104,104,104,107,107,110,113,118,121,124,124,127,127,127,130,130,133,136,139,139,142,142,145,148,151,154,157,157,157,157,157,157,157,160,163,166,166,169,169,172,175,175,175,175,175,175,175,175,175,175,178,178,178,178,178,181,181,184,184,184,184,184,184,187,187,187,187,187,190,193,193,196,196,196,196,196,199,199,202,202,202,202,202,202,202,212,215,215,215,215],"card_choices":[{"not_picked":["theMarked:TwofoldDefense","theMarked:Static"],"picked":"theMarked:Aftermath","floor":1.0},{"not_picked":["theMarked:ChainLightning","theMarked:HeightenedSenses"],"picked":"theMarked:BanishingStrike","floor":4.0},{"not_picked":["theMarked:SwordAndMagic","theMarked:EnhanceMovement"],"picked":"theMarked:ParalyzingBlade","floor":5.0},{"not_picked":["theMarked:TurnInvisible","theMarked:HeightenedSenses"],"picked":"theMarked:StartUp","floor":7.0},{"not_picked":["theMarked:ElectricStrings","theMarked:WastefulAttack"],"picked":"theMarked:EnhancedHearing","floor":10.0},{"not_picked":["theMarked:TunnelVision","theMarked:RepellingDischarge"],"picked":"theMarked:Frustration","floor":11.0},{"not_picked":["theMarked:Aftermath","theMarked:Reabsorb"],"picked":"theMarked:WardOff","floor":12.0},{"not_picked":["theMarked:Static","theMarked:ElectricStrings"],"picked":"theMarked:EmpowerWeapon","floor":13.0},{"not_picked":["theMarked:FavorableWinds","theMarked:ThrowWeapon"],"picked":"theMarked:SummonStrength+1","floor":16.0},{"not_picked":["theMarked:TwofoldDefense","theMarked:ShockingTouch"],"picked":"theMarked:ElectricStrings","floor":18.0},{"not_picked":["theMarked:RepellingDischarge","theMarked:Improvise"],"picked":"theMarked:MaelstromOfLightning+1","floor":19.0},{"not_picked":["theMarked:TwofoldDefense","theMarked:Improvise"],"picked":"theMarked:LightningStrikesTwice","floor":24.0},{"not_picked":["theMarked:Overthink","theMarked:SwordAndMagic"],"picked":"theMarked:WastefulDefense","floor":27.0},{"not_picked":["theMarked:WardOff","theMarked:TwofoldDefense"],"picked":"theMarked:MagicAdept+1","floor":30.0},{"not_picked":["theMarked:Levitate","theMarked:TakeOffHeels"],"picked":"theMarked:SoldierForm+1","floor":33.0},{"not_picked":["theMarked:Panic","theMarked:Indomitable+1"],"picked":"theMarked:BanishingStrike","floor":35.0},{"not_picked":["theMarked:EnhancedHearing+1","theMarked:BanishingStrike"],"picked":"theMarked:Overcharge+1","floor":36.0},{"not_picked":["theMarked:Static","theMarked:Snap","theMarked:ElectricStrings+1"],"picked":"SKIP","floor":40.0},{"not_picked":["theMarked:SwordAndMagic","theMarked:LightningStrikesTwice+1","theMarked:EmpowerWeapon"],"picked":"SKIP","floor":42.0},{"not_picked":["theMarked:ElectricStrings","theMarked:Standoff+1","theMarked:Electrify"],"picked":"SKIP","floor":42.0},{"not_picked":["theMarked:WastefulAttack+1","theMarked:Parry+1"],"picked":"theMarked:ElementalBlade+1","floor":47.0},{"not_picked":["theMarked:WastefulAttack","theMarked:Polarize+1","theMarked:TunnelVision+1"],"picked":"SKIP","floor":47.0},{"not_picked":["theMarked:Parry+1","theMarked:TwofoldDefense"],"picked":"theMarked:Parkour","floor":48.0},{"not_picked":["theMarked:WastefulAttack","theMarked:TakeOffHeels","theMarked:Aftermath+1"],"picked":"SKIP","floor":48.0},{"not_picked":["theMarked:Abjuration","theMarked:Defy"],"picked":"theMarked:BindingBlade","floor":50.0},{"not_picked":["theMarked:Standoff+1","theMarked:PowerFlow"],"picked":"theMarked:WardOff","floor":52.0},{"not_picked":["theMarked:Generate","theMarked:Reabsorb","theMarked:EnhanceMovement"],"picked":"SKIP","floor":52.0},{"not_picked":["theMarked:ContemptForTheProud","theMarked:WastefulDefense","theMarked:Convert"],"picked":"SKIP","floor":55.0},{"not_picked":["theMarked:ResourceFulStrike","theMarked:RepellingDischarge","theMarked:Electrify"],"picked":"SKIP","floor":55.0},{"not_picked":["theMarked:MaelstromOfLightning","theMarked:RogueSparks+1","theMarked:TwofoldDefense"],"picked":"SKIP","floor":56.0},{"not_picked":["theMarked:Static","theMarked:HeightenedSenses","theMarked:BanishingStrike"],"picked":"SKIP","floor":56.0},{"not_picked":["theMarked:WastefulAttack","theMarked:HeightenedSenses","theMarked:SwordAndMagic"],"picked":"SKIP","floor":61.0},{"not_picked":["theMarked:Generate","theMarked:Parry","theMarked:PowerFlow"],"picked":"SKIP","floor":61.0},{"not_picked":["theMarked:TunnelVision","theMarked:ContemptForTheProud"],"picked":"theMarked:ChannelForce","floor":63.0},{"not_picked":["theMarked:StartUp","theMarked:BanishingWave","theMarked:ElectricStrings"],"picked":"SKIP","floor":63.0},{"not_picked":["theMarked:EmpowerWeapon","theMarked:PowerFlow","theMarked:Seal"],"picked":"SKIP","floor":69.0},{"not_picked":["theMarked:RepellingDischarge","theMarked:HeightenedSenses","theMarked:ElectricStrings+1"],"picked":"SKIP","floor":69.0},{"not_picked":["theMarked:ElectricStrings","theMarked:WastefulDefense","theMarked:Frustration"],"picked":"SKIP","floor":73.0},{"not_picked":["theMarked:ParalyzingBlade","theMarked:Frustration+1","theMarked:ContemptForTheProud"],"picked":"SKIP","floor":73.0},{"not_picked":["theMarked:Challenge","theMarked:BanishingStrike","theMarked:WastefulAttack+1"],"picked":"SKIP","floor":75.0},{"not_picked":["theMarked:HeightenedSenses","theMarked:MysticalArsenal+1","theMarked:ChainLightning"],"picked":"SKIP","floor":75.0},{"not_picked":["theMarked:UnarmedFury","theMarked:ContemptForTheProud","theMarked:DeterminationOfTheMarked+1"],"picked":"SKIP","floor":79.0},{"not_picked":["theMarked:Electrify","theMarked:EnhancedHearing+1","theMarked:Parkour"],"picked":"SKIP","floor":80.0},{"not_picked":["theMarked:BanishingWave+1","theMarked:WastefulDefense+1","theMarked:BanishingStrike"],"picked":"SKIP","floor":80.0},{"not_picked":["theMarked:Static","theMarked:ElectricStrings"],"picked":"theMarked:RepellingDischarge+1","floor":81.0},{"not_picked":["theMarked:TunnelVision","theMarked:EnhanceMovement","theMarked:BanishingStrike+1"],"picked":"SKIP","floor":81.0},{"not_picked":["theMarked:BanishingStrike","theMarked:Aftermath","theMarked:LightningStrikesTwice"],"picked":"SKIP","floor":82.0},{"not_picked":["theMarked:Frustration","theMarked:Indomitable","theMarked:MuscleMemory"],"picked":"SKIP","floor":82.0},{"not_picked":["theMarked:Frustration","theMarked:Indomitable"],"picked":"theMarked:MuscleMemory","floor":82.0},{"not_picked":["theMarked:BanishingStrike","theMarked:Aftermath","theMarked:LightningStrikesTwice"],"picked":"SKIP","floor":82.0},{"not_picked":["theMarked:FavorableWinds","theMarked:ThrowWeapon"],"picked":"theMarked:DispelDoubt","floor":84.0},{"not_picked":["Replay:Fractal Strike","infinitespire:Menacing"],"picked":"infinitespire:NeuralNetwork","floor":84.0},{"not_picked":["theMarked:HeightenedSenses","theMarked:ShockingTouch","theMarked:ResourceFulStrike+1"],"picked":"SKIP","floor":86},{"not_picked":["theMarked:Opportunist+1","theMarked:WastefulDefense","theMarked:SwordAndMagic"],"picked":"SKIP","floor":86},{"not_picked":["theMarked:WardOff+1","theMarked:HeightenedSenses+1","theMarked:TakeCover"],"picked":"SKIP","floor":90},{"not_picked":["theMarked:WardOff","theMarked:PowerFlow","theMarked:RepellingDischarge"],"picked":"SKIP","floor":90},{"not_picked":["theMarked:Improvise+1","theMarked:SwordAndMagic","theMarked:Frustration"],"picked":"SKIP","floor":93},{"not_picked":["theMarked:Electrify","theMarked:ReduceFriction+1","theMarked:BanishingStrike"],"picked":"SKIP","floor":93},{"not_picked":["theMarked:Frustration+1","theMarked:Parkour+1","theMarked:TakeOffHeels"],"picked":"SKIP","floor":95},{"not_picked":["theMarked:HeightenedSenses","theMarked:Standoff+1","theMarked:Frustration+1"],"picked":"SKIP","floor":95},{"not_picked":["theMarked:RepellingDischarge","theMarked:Snap"],"picked":"theMarked:Static+1","floor":99},{"not_picked":["theMarked:LightningStrikesTwice","theMarked:KeepCalmAndFightOn","theMarked:Improvise+1"],"picked":"SKIP","floor":99}],"player_experience":247501,"relics_obtained":[{"floor":9.0,"key":"infinitespire:CheckeredPen"},{"floor":24.0,"key":"Matryoshka"},{"floor":26.0,"key":"infinitespire:Broken Mirror"},{"floor":26.0,"key":"Toy Ornithopter"},{"floor":40.0,"key":"Prayer Wheel"},{"floor":43.0,"key":"The Courier"},{"floor":43.0,"key":"Kunai"},{"floor":46.0,"key":"Ring of Hypnosis"},{"floor":60.0,"key":"Replay:Baseball"},{"floor":77.0,"key":"Mercury Hourglass"},{"floor":79.0,"key":"Replay:Wax Seal"},{"floor":94,"key":"theMarked:NailFile"}],"event_choices":[{"damage_healed":0.0,"max_hp_gain":0.0,"max_hp_loss":0.0,"gold_gain":0.0,"cards_transformed":["theMarked:Strike"],"event_name":"Transmorgrifier","player_choice":"Transformed","floor":2.0,"gold_loss":0.0,"damage_taken":0.0,"cards_obtained":["theMarked:Overthink"]},{"cards_removed":["theMarked:Overthink"],"damage_healed":6.0,"max_hp_gain":0.0,"max_hp_loss":0.0,"gold_gain":0.0,"event_name":"Bonfire Elementals","player_choice":"Offered Uncommon","floor":8.0,"gold_loss":0.0,"damage_taken":0.0},{"damage_healed":0.0,"max_hp_gain":5.0,"max_hp_loss":0.0,"gold_gain":0.0,"event_name":"Forgotten Altar","player_choice":"Shed Blood","floor":20.0,"gold_loss":0.0,"damage_taken":28.0},{"damage_healed":0.0,"max_hp_gain":0.0,"max_hp_loss":0.0,"gold_gain":0.0,"cards_transformed":["theMarked:Strike"],"event_name":"Transmorgrifier","player_choice":"Transformed","floor":21.0,"gold_loss":0.0,"damage_taken":0.0,"cards_obtained":["theMarked:Challenge"]},{"damage_healed":0.0,"max_hp_gain":0.0,"max_hp_loss":0.0,"gold_gain":0.0,"event_name":"Duplicator","player_choice":"Copied","floor":31.0,"gold_loss":0.0,"damage_taken":0.0,"cards_obtained":["theMarked:SummonStrength"]},{"damage_healed":0.0,"max_hp_gain":0.0,"max_hp_loss":0.0,"gold_gain":999.0,"event_name":"MindBloom","player_choice":"Gold","floor":37.0,"gold_loss":0.0,"damage_taken":0.0,"cards_obtained":["Normality","Normality"]},{"damage_healed":0.0,"max_hp_gain":0.0,"max_hp_loss":0.0,"gold_gain":0.0,"event_name":"Match and Keep!","player_choice":"3 cards matched","floor":39.0,"gold_loss":0.0,"damage_taken":0.0,"cards_obtained":["Flash of Steel","Delirium","theMarked:SoldierForm"]},{"damage_healed":0.0,"max_hp_gain":0.0,"max_hp_loss":0.0,"gold_gain":0.0,"event_name":"Tomb of Lord Red Mask","player_choice":"Ignored","floor":44.0,"gold_loss":0.0,"damage_taken":0.0},{"damage_healed":0.0,"max_hp_gain":0.0,"max_hp_loss":0.0,"gold_gain":0.0,"event_name":"Match and Keep!","player_choice":"1 cards matched","floor":53.0,"gold_loss":0.0,"damage_taken":0.0,"cards_obtained":["theMarked:Abjuration"]},{"cards_removed":["Normality"],"damage_healed":0.0,"max_hp_gain":0.0,"max_hp_loss":0.0,"gold_gain":0.0,"event_name":"Golden Wing","player_choice":"Card Removal","floor":58.0,"gold_loss":0.0,"damage_taken":7.0},{"damage_healed":0.0,"max_hp_gain":0.0,"max_hp_loss":0.0,"gold_gain":0.0,"event_name":"Scrap Ooze","player_choice":"Success","floor":65.0,"gold_loss":0.0,"damage_taken":18.0,"relics_obtained":["infinitespire:PuzzleCube"]},{"damage_healed":0.0,"max_hp_gain":0.0,"max_hp_loss":0.0,"gold_gain":100.0,"event_name":"Golden Shrine","player_choice":"Pray","floor":71.0,"gold_loss":0.0,"damage_taken":0.0},{"damage_healed":0.0,"max_hp_gain":0.0,"max_hp_loss":0.0,"gold_gain":0.0,"event_name":"Match and Keep!","player_choice":"1 cards matched","floor":76.0,"gold_loss":0.0,"damage_taken":0.0,"cards_obtained":["Amnesia"]},{"cards_removed":["theMarked:WastefulDefense"],"damage_healed":0,"gold_gain":0,"player_choice":"Removed Skill","damage_taken":0,"max_hp_gain":0,"max_hp_loss":0,"event_name":"Falling","floor":88,"gold_loss":0},{"damage_healed":0,"gold_gain":0,"cards_transformed":["Replay:Hysterical Blindness"],"player_choice":"Transformed","damage_taken":0,"max_hp_gain":0,"max_hp_loss":0,"event_name":"Transmorgrifier","floor":91,"gold_loss":0,"cards_obtained":["Regret"]},{"damage_healed":0,"gold_gain":0,"player_choice":"Ignored","damage_taken":0,"max_hp_gain":0,"max_hp_loss":0,"event_name":"Tomb of Lord Red Mask","floor":96,"gold_loss":0},{"cards_removed":["theMarked:MagicAdept"],"damage_healed":0,"gold_gain":0,"player_choice":"Offered Rare","damage_taken":0,"max_hp_gain":10,"max_hp_loss":0,"event_name":"Bonfire Elementals","floor":98,"gold_loss":0}],"is_beta":false,"boss_relics":[{"not_picked":["Empty Cage","Black Star"],"picked":"theMarked:Eyepatch"},{"not_picked":["Philosopher\u0027s Stone","Replay:Wanted Poster","Replay:Drink Me"]},{"not_picked":["Pandora\u0027s Box","Runic Dome"],"picked":"theMarked:SpiritSword"},{"not_picked":["Painkiller Herb","Black Star"],"picked":"Kintsugi"},{"not_picked":["Replay:Drink Me","ReplayTheSpireMod:SealedPack"],"picked":"Empty Cage"}],"items_purged_floors":[3,22,29,38,54,64,70,72,72,87,89],"is_endless":true,"potions_floor_spawned":[4,7,10,12,16,19,24,27,36,42,47,61,63,67,73,75,82,84,95,99],"killed_by":"infinitespire:MassOfShapes","ascension_level":0}}