{"host":"vfg9szunmpjwj08o","time":1609458460,"event":{"mods":["Act Like it!","BaseMod","Challenge The Spire","Colored Map","Colored Powertips","Minty Spire (QoL Compilation)","StSLib","Waifu the Spire"],"gold_per_floor":[138,138,176,232,252,323,323,338,338,338,374,426,326,326,326,326,326],"floor_reached":16,"playtime":553,"items_purged":["Strike_B"],"score":203,"play_id":"5f7ca8ec-4fe8-4b6c-a58c-699bc516c973","local_time":"20210101004740","is_ascension_mode":true,"campfire_choices":[{"data":"Zap","floor":7,"key":"SMITH"},{"data":"Dualcast","floor":15,"key":"SMITH"}],"circlet_count":0,"master_deck":["AscendersBane","Strike_B","Strike_B","Defend_B","Defend_B","Defend_B","Defend_B","Zap+1","Dualcast+1","HandOfGreed","Self Repair","Go for the Eyes","Chill","Coolheaded","White Noise","Heatsinks","Compile Driver"],"relics":["Cracked Core","Bird Faced Urn","Pantograph","Golden Idol"],"acts_visited":["Exordium"],"potions_floor_usage":[6,11,12],"damage_taken":[{"damage":7,"enemies":"Cultist","floor":1,"turns":4},{"damage":7,"enemies":"Jaw Worm","floor":3,"turns":2},{"damage":4,"enemies":"Small Slimes","floor":4,"turns":4},{"damage":10,"enemies":"Red Slaver","floor":5,"turns":3},{"damage":15,"enemies":"3 Sentries","floor":6,"turns":7},{"damage":4,"enemies":"Blue Slaver","floor":8,"turns":3},{"damage":3,"enemies":"Exordium Thugs","floor":11,"turns":6},{"damage":13,"enemies":"Lots of Slimes","floor":12,"turns":5},{"damage":49,"enemies":"Hexaghost","floor":16,"turns":9}],"seed_played":"109100093079980760","potions_obtained":[{"floor":4,"key":"Explosive Potion"},{"floor":6,"key":"LiquidMemories"},{"floor":8,"key":"EssenceOfSteel"},{"floor":11,"key":"GamblersBrew"}],"is_trial":false,"path_per_floor":["M","?","M","M","M","E","R","M","T","?","M","M","$","?","R","B"],"character_chosen":"DEFECT","items_purchased":["Compile Driver"],"campfire_rested":0,"item_purchase_floors":[13],"current_hp_per_floor":[39,32,25,28,25,17,17,13,13,13,19,17,17,17,17,0,0],"gold":326,"neow_bonus":"RANDOM_COLORLESS_2","is_daily":false,"chose_seed":false,"campfire_upgraded":2,"win_rate":0.0,"timestamp":1609458460,"path_taken":["M","?","M","M","M","E","R","M","T","?","M","M","$","?","R","BOSS"],"items_purchased_type":["Card"],"build_version":"2020-12-22","purchased_purges":1,"victory":false,"max_hp_per_floor":[71,71,71,71,71,71,71,71,71,71,71,71,71,64,64,64,64],"card_choices":[{"not_picked":["Chrysalis","Metamorphosis"],"picked":"HandOfGreed","floor":0},{"not_picked":["Barrage","Stack"],"picked":"Self Repair","floor":1},{"not_picked":["Steam","Sunder"],"picked":"Go for the Eyes","floor":3},{"not_picked":["Melter","Ball Lightning"],"picked":"Chill","floor":4},{"not_picked":["Barrage","Stack","Undo"],"picked":"SKIP","floor":5},{"not_picked":["Tempest","Sweeping Beam","Steam"],"picked":"SKIP","floor":6},{"not_picked":["Conserve Battery","Rip and Tear"],"picked":"Coolheaded","floor":8},{"not_picked":["Go for the Eyes","Rebound"],"picked":"White Noise","floor":11},{"not_picked":["Beam Cell","Melter"],"picked":"Heatsinks","floor":12}],"player_experience":1027076,"relics_obtained":[{"floor":6,"key":"Bird Faced Urn"},{"floor":9,"key":"Pantograph"}],"event_choices":[{"cards_removed":["Strike_B"],"damage_healed":0,"gold_gain":0,"player_choice":"Card Removal","damage_taken":7,"max_hp_gain":0,"max_hp_loss":0,"event_name":"Golden Wing","floor":2,"gold_loss":0},{"damage_healed":0,"gold_gain":0,"player_choice":"Fled","damage_taken":0,"max_hp_gain":0,"max_hp_loss":0,"event_name":"Scrap Ooze","floor":10,"gold_loss":0},{"damage_healed":0,"gold_gain":0,"player_choice":"Lose Max HP","damage_taken":0,"relics_obtained":["Golden Idol"],"max_hp_gain":0,"max_hp_loss":7,"event_name":"Golden Idol","floor":14,"gold_loss":0}],"is_beta":false,"boss_relics":[],"items_purged_floors":[13],"is_endless":false,"potions_floor_spawned":[4,6,8,11],"killed_by":"Hexaghost","ascension_level":19}}