{"host":"s9n53dspxjwkh5no","time":1609387285,"event":{"mods":["AchievementEnabler","Aspiration","Bard","BaseMod","Beaked The Cultist","Better Altar","Better Match","Better Note","Better Sensory Stone","Better Skull","Better Third Choice","BetterRewards","Colored Map","Colored Powertips","Conspire","Dio Mod","Disable Question Mark Monsters","Downfall","Energized Spire","Halation","Hermit","Hubris","Marisa????????","Marked Mod","Melee Mod","Minty Spire (QoL Compilation)","Quick Restart","Random Character Button","Rare Cards Sparkle","Reimu??????","Relic Stats","Remilia??????","Replay The Spire","Shade Mod","Small Relic Pack","Spicy Shops","StSLib","The Animator","The Bug Knight","The Construct","The Disciple","The Hierophant","The Problem Sleuth","The Runesmith","The Servant 0.9.4","The Valiant","The Wild Card","TheArtist","TheBandit","TheVacant","Wandering Minibosses","vexMod"],"gold_per_floor":[117,117,320,27,52,52,83,83,109,142,142,171,190,202,202,297,297,314,314,314,78,96,96,96,96,110,121,121,199,213,153,153,75,75,178,178,192,192,192,218,218,218,218,237,237,253,270,290,318,245,245,245],"floor_reached":53,"playtime":2936,"items_purged":[],"score":968,"play_id":"3a5c4764-1614-48cc-b490-51db895ad511","local_time":"20201230210125","is_ascension_mode":false,"campfire_choices":[{"floor":6.0,"key":"REST"},{"floor":8.0,"key":"REST"},{"floor":11.0,"key":"REST"},{"floor":15,"key":"REST"},{"floor":23,"key":"REST"},{"floor":32,"key":"REST"},{"floor":34,"key":"REST"},{"floor":42,"key":"RECALL"},{"floor":51,"key":"REST"}],"circlet_count":0,"master_deck":["animator:Strike_Overlord","animator:Defend_Overlord","animator:Strike","animator:Strike","animator:Defend+1","animator:Cocytus","animator:Demiurge","animator:Kira","animator:KyokoSakura","animator:Fredrika","animator:Mikaela","animator:RoyMustang","animator:Envy","animator:MetalKnight","animator:Layla","animator:Entoma+2","animator:Greed","animator:Mitsurugi","animator:Sloth","animator:Vanir","animator:Azekura","animator:Wiz","animator:EmiyaShirou+1","MastersStateliness","Pot Of Greed","Pot Of Greed","animator:Hans","animator:ElricEdward+1","animator:Berserker+1","animator:Spearman+1","animator:HigakiRinne","animator:Eris","animator:Tatsumaki","Malaise","Terror","Slice","Pot Of Greed","animator:Emonzaemon","animator:Yoichi+1","animator:NagisaMomoe","beaked:Windmill+1","beaked:WildInstinct"],"relics":["animator:LivingPicture","animator:TheMissingPiece","vexMod:PlasmaPancake","conspire:Dentures","RuthlessExorcism:ReiMu","halation:LostSnail","aspiration:FetidBarrel","Tiny Chest","PreservedInsect","animator:ShionDessert","vexMod:BigBerry","Nloth\u0027s Gift","Bird Faced Urn","Grinning Jar","aspiration:FrozenJewel","BranchBurnRelic","halation:Thesaurus","TheAbacus","aspiration:BeakedSkillbook","halation:PapillonHeart","Toy Ornithopter","hubris:Towel","Lantern","ScarletDevilRocket"],"acts_visited":["Exordium","TheCity","TheBeyond"],"potions_floor_usage":[18,18,35,35,46,47,52],"damage_taken":[{"damage":6.0,"enemies":"Jaw Worm","floor":1.0,"turns":2.0},{"damage":0.0,"enemies":"Small Slimes","floor":5.0,"turns":1.0},{"damage":48.0,"enemies":"Lagavulin","floor":7.0,"turns":5.0},{"damage":19.0,"enemies":"conspire:MimicChest","floor":10.0,"turns":5.0},{"damage":10.0,"enemies":"Gremlin Nob","floor":12.0,"turns":3.0},{"damage":0,"enemies":"2 Louse","floor":13,"turns":1},{"damage":0,"enemies":"Exordium Wildlife","floor":14,"turns":1},{"damage":10,"enemies":"Slime Boss","floor":16,"turns":5},{"damage":9,"enemies":"3 Byrds","floor":18,"turns":3},{"damage":36,"enemies":"conspire:FuzzyDice","floor":22,"turns":4},{"damage":36,"enemies":"Snake Plant","floor":26,"turns":4},{"damage":39,"enemies":"conspire:HollyBat","floor":27,"turns":7},{"damage":6,"enemies":"3 Cultists","floor":30,"turns":3},{"damage":39,"enemies":"conspire:MysteriousRune","floor":35,"turns":8},{"damage":0,"enemies":"3 Shapes","floor":37,"turns":2},{"damage":29,"enemies":"Orb Walker","floor":44,"turns":3},{"damage":3,"enemies":"Transient","floor":46,"turns":5},{"damage":58,"enemies":"Spire Growth","floor":47,"turns":6},{"damage":6,"enemies":"Sphere and 2 Shapes","floor":48,"turns":4},{"damage":0,"enemies":"HollowMod:StalkingDevout","floor":49,"turns":4},{"damage":97,"enemies":"Donu and Deca","floor":52,"turns":9}],"seed_played":"-7511175121849642672","potions_obtained":[{"floor":1.0,"key":"Explosive Potion"},{"floor":10.0,"key":"SpeedPotion"},{"floor":13,"key":"champ:CounterPotion"},{"floor":14,"key":"Block Potion"},{"floor":18,"key":"champ:CounterPotion"},{"floor":22,"key":"SkillPotion"},{"floor":35,"key":"Reflective Coating"},{"floor":44,"key":"sneckomod:MuddlingPotion"},{"floor":49,"key":"Adrenaline Potion"}],"is_trial":false,"path_per_floor":["M","?","?","$","M","R","E","R","T","?","R","E","M","M","R","B",null,"M","?","?","$","M","R","PTL","PTL","M","M","T","T","M","?","R","$","R","B",null,"M","?","?","T","?","R","?","M","T","M","M","M","E","$","R","B",null],"character_chosen":"THE_ANIMATOR","items_purchased":["vexMod:PlasmaPancake","Orrery","RuthlessExorcism:ReiMu","halation:LostSnail","Bird Faced Urn","Grinning Jar","halation:Thesaurus","ScarletDevilRocket"],"campfire_rested":8,"item_purchase_floors":[0,4,4,4,21,21,33,50],"current_hp_per_floor":[66,66,38,39,39,60,12,33,33,14,35,25,25,25,46,36,103,96,96,96,96,69,100,100,100,70,43,43,43,39,39,70,70,101,74,105,107,107,102,102,102,102,102,80,80,92,47,47,51,51,81,28],"gold":245,"neow_bonus":"","is_daily":false,"chose_seed":false,"campfire_upgraded":0,"win_rate":0.0,"timestamp":1609387285,"path_taken":["M","?","?","$","?","R","E","R","T","?","R","E","M","M","R","BOSS","M","?","?","$","M","R","PTL","PTL","M","M","T","?","M","?","R","$","R","BOSS","M","?","?","?","?","R","?","M","T","M","M","M","E","$","R","BOSS"],"items_purchased_type":["Relic","Relic","Relic","Relic","Relic","Relic","Relic","Relic"],"build_version":"2020-12-22","purchased_purges":0,"victory":true,"max_hp_per_floor":[72,72,72,73,73,73,73,73,73,73,73,73,73,73,73,73,103,105,105,105,105,105,105,105,105,105,105,105,105,105,105,105,105,105,105,105,107,107,102,102,102,102,102,102,102,102,102,102,102,102,102,102],"relic_stats":{"TheAbacus":[12],"counters":[64,275],"Bird Faced Urn":[40],"Tiny Chest":2,"PreservedInsect":77,"Nloth\u0027s Gift":9,"obtain_stats":[{"TwistedFunnel":19,"ScarletDevilRocket":6,"HollowMod:StagPassRelic":19,"Ring of Searing":8,"vexMod:CardConverter":31,"aspiration:BabyByrd":10,"Strawberry":29,"Iron Hammer":31,"Replay:Wax Seal":4,"conspire:Dentures":0,"Dead Branch":28,"Oddly Smooth Stone":9,"conspire:SlowCooker":17,"halation:Thesaurus":33,"aspiration:FrozenJewel":29,"Replay:Baseball":24,"vexMod:Cooldron":0,"relicPack:KazumaCape":34,"energizedSpire:NeverEndingSparkler":17,"Bird Faced Urn":21,"Nloth\u0027s Gift":20,"Grinning Jar":21,"aspiration:BeakedSkillbook":36,"vexMod:BigBerry":17,"vexMod:PlasmaPancake":0,"animator:ShionDessert":12,"halation:PapillonHeart":39,"Lantern":49,"animator:TheMissingPiece":0,"Blue Doll":20,"BranchBurnRelic":32,"TheAbacus":33,"animator:PurgingStone":0,"Mummified Hand":26,"Ring of Peace":5,"hubris:ScarierMask":17,"Tiny Chest":9,"hubris:DisguiseKit":13,"NeowsBlessing":0,"aspiration:FetidBarrel":7,"Thread and Needle":9,"PreservedInsect":10,"hubris:Towel":43,"vexMod:Dragonfruit":0,"halation:EternalFortune":15,"Orrery":4,"animator:LivingPicture":0,"halation:LostSnail":4,"halation:PinkSoulGem":12,"Toy Ornithopter":40,"RuthlessExorcism:ReiMu":4},{"TwistedFunnel":33,"ScarletDevilRocket":3,"HollowMod:StagPassRelic":33,"Ring of Searing":15,"vexMod:CardConverter":38,"aspiration:BabyByrd":5,"Strawberry":36,"Iron Hammer":38,"Replay:Wax Seal":26,"conspire:Dentures":43,"Dead Branch":55,"Oddly Smooth Stone":5,"conspire:SlowCooker":19,"halation:Thesaurus":56,"aspiration:FrozenJewel":55,"Replay:Baseball":10,"vexMod:Cooldron":11,"relicPack:KazumaCape":39,"energizedSpire:NeverEndingSparkler":32,"Bird Faced Urn":52,"Nloth\u0027s Gift":52,"Grinning Jar":52,"aspiration:BeakedSkillbook":57,"vexMod:BigBerry":51,"vexMod:PlasmaPancake":43,"animator:ShionDessert":48,"halation:PapillonHeart":58,"Lantern":63,"animator:TheMissingPiece":0,"Blue Doll":8,"BranchBurnRelic":56,"TheAbacus":56,"animator:PurgingStone":0,"Mummified Hand":35,"Ring of Peace":2,"hubris:ScarierMask":6,"Tiny Chest":46,"hubris:DisguiseKit":18,"NeowsBlessing":0,"aspiration:FetidBarrel":46,"Thread and Needle":15,"PreservedInsect":47,"hubris:Towel":58,"vexMod:Dragonfruit":25,"halation:EternalFortune":31,"Orrery":44,"animator:LivingPicture":0,"halation:LostSnail":44,"halation:PinkSoulGem":5,"Toy Ornithopter":58,"RuthlessExorcism:ReiMu":44},{"TwistedFunnel":144,"ScarletDevilRocket":4,"HollowMod:StagPassRelic":144,"Ring of Searing":63,"vexMod:CardConverter":165,"aspiration:BabyByrd":10,"Strawberry":158,"Iron Hammer":165,"Replay:Wax Seal":110,"conspire:Dentures":190,"Dead Branch":231,"Oddly Smooth Stone":10,"conspire:SlowCooker":82,"halation:Thesaurus":234,"aspiration:FrozenJewel":231,"Replay:Baseball":39,"vexMod:Cooldron":46,"relicPack:KazumaCape":173,"energizedSpire:NeverEndingSparkler":139,"Bird Faced Urn":216,"Nloth\u0027s Gift":216,"Grinning Jar":216,"aspiration:BeakedSkillbook":242,"vexMod:BigBerry":213,"vexMod:PlasmaPancake":190,"animator:ShionDessert":206,"halation:PapillonHeart":244,"Lantern":266,"animator:TheMissingPiece":0,"Blue Doll":29,"BranchBurnRelic":234,"TheAbacus":234,"animator:PurgingStone":0,"Mummified Hand":153,"Ring of Peace":2,"hubris:ScarierMask":20,"Tiny Chest":198,"hubris:DisguiseKit":71,"NeowsBlessing":0,"aspiration:FetidBarrel":198,"Thread and Needle":63,"PreservedInsect":203,"hubris:Towel":244,"vexMod:Dragonfruit":106,"halation:EternalFortune":130,"Orrery":192,"animator:LivingPicture":0,"halation:LostSnail":192,"halation:PinkSoulGem":10,"Toy Ornithopter":244,"RuthlessExorcism:ReiMu":192}],"Toy Ornithopter":15},"card_choices":[{"not_picked":["animator:Jibril","animator:Illya"],"picked":"animator:KyokoSakura","floor":1.0},{"not_picked":["animator:Laby","animator:Cocytus"],"picked":"animator:Fredrika","floor":3.0},{"not_picked":["animator:LeleiLaLalena","animator:LizardPriest"],"picked":"animator:Mikaela","floor":4.0},{"not_picked":["animator:ChlammyZell","animator:HomuraAkemi"],"picked":"animator:RoyMustang","floor":4.0},{"not_picked":["animator:Kuribayashi","animator:LizardPriest"],"picked":"animator:Envy","floor":4.0},{"not_picked":["animator:Caster","animator:HighElfArcher"],"picked":"animator:MetalKnight","floor":4.0},{"not_picked":["animator:DolaRiku","animator:Tet"],"picked":"animator:Layla","floor":4.0},{"not_picked":["animator:Priestess","animator:KrulTepes"],"picked":"animator:Entoma","floor":5.0},{"not_picked":["animator:Kyubey","animator:Sloth"],"picked":"animator:Greed","floor":7.0},{"not_picked":["animator:Mikaela","animator:CrowleyEusford"],"picked":"animator:Mitsurugi","floor":10.0},{"not_picked":["animator:Pride","animator:ElricEdward"],"picked":"animator:Sloth","floor":12},{"not_picked":["animator:SakuraMatou","animator:DolaStephanie"],"picked":"animator:Vanir","floor":13},{"not_picked":["animator:Evileye","animator:Shiro"],"picked":"animator:Azekura","floor":14},{"not_picked":["animator:Envy","animator:Guren"],"picked":"animator:Wiz","floor":16},{"not_picked":["animator:Vesta","animator:SilverFang"],"picked":"animator:EmiyaShirou+1","floor":18},{"not_picked":["animator:Verdia","animator:Mitsurugi"],"picked":"animator:Hans","floor":22},{"not_picked":["animator:DolaStephanie","animator:Hitei"],"picked":"animator:ElricEdward+1","floor":26},{"not_picked":["animator:Verdia","animator:Ara"],"picked":"animator:Berserker+1","floor":27},{"not_picked":["animator:Kazuma+1","animator:Bozes"],"picked":"animator:Spearman+1","floor":30},{"not_picked":["animator:Saber","animator:Eve"],"picked":"animator:HigakiRinne","floor":35},{"not_picked":["animator:YunYun","animator:Kazuma","animator:Mitsurugi"],"picked":"animator:Eris","floor":37},{"not_picked":["animator:ShinjiMatou+1","animator:ElricAlphonse","beaked:RitualOfBody"],"picked":"animator:Emonzaemon","floor":44},{"not_picked":["animator:MaesHughes","animator:TsurugaMeisai","animator:Elsword"],"picked":"animator:Yoichi+1","floor":46},{"not_picked":["animator:Mikaela+1","animator:Lancer+1","animator:Aqua"],"picked":"animator:NagisaMomoe","floor":47},{"not_picked":["animator:Mitsuba+1","animator:ChlammyZell","animator:Guy+1"],"picked":"beaked:Windmill+1","floor":48},{"not_picked":["animator:Caster","beaked:CursingBlood+1","animator:Emonzaemon"],"picked":"beaked:WildInstinct","floor":49}],"player_experience":372359,"relics_obtained":[{"floor":7.0,"key":"aspiration:FetidBarrel"},{"floor":9.0,"key":"Tiny Chest"},{"floor":10.0,"key":"PreservedInsect"},{"floor":12,"key":"animator:ShionDessert"},{"floor":28,"key":"Dead Branch"},{"floor":29,"key":"aspiration:FrozenJewel"},{"floor":40,"key":"Toy Ornithopter"},{"floor":49,"key":"Lantern"}],"event_choices":[{"cards_removed":["animator:Entoma"],"damage_healed":0,"gold_gain":0,"player_choice":"Take \u0026 Give","damage_taken":0,"max_hp_gain":0,"max_hp_loss":0,"event_name":"betterNote:BetterNote","floor":19,"gold_loss":0,"cards_obtained":["MastersStateliness"]},{"damage_healed":0,"gold_gain":0,"player_choice":"Traded Relic","damage_taken":0,"relics_obtained":["Nloth\u0027s Gift"],"max_hp_gain":0,"max_hp_loss":0,"event_name":"N\u0027loth","floor":20,"relics_lost":["animator:PurgingStone"],"gold_loss":0}],"is_beta":false,"boss_relics":[{"not_picked":["hubris:TerracottaHorce","vexMod:TanglingVine"],"picked":"vexMod:BigBerry"},{"not_picked":["vexMod:RockOfEvil","conspire:SlowCooker"],"picked":"aspiration:BeakedSkillbook"}],"items_purged_floors":[],"is_endless":false,"potions_floor_spawned":[1,10,13,14,16,18,22,30,35,44,49],"ascension_level":0}}