{"host":"vm8b3ptwl81uq21f","time":1609373427,"event":{"mods":["BaseMod","BetterRewards","Colored Map","Colored Powertips","Downfall","GifTheSpireLib","Googly Eyes","GungeonMod","Halation","Hubris","Infinite Spire","Minty Spire (QoL Compilation)","Quick Restart","Rare Cards Sparkle","Replay The Spire","Shop Mod","StSLib","Stuff the Spire","The Bug Knight","The IronCluck","[IsaacMod]????"],"gold_per_floor":[111,186,203,53,67,95,110,110,178,178,189,224,224,241,241,338,338,352,352,363,374,66,66,86,115,115,115,115],"floor_reached":27,"playtime":1526,"items_purged":[],"score":320,"play_id":"7c301af5-5a2c-4b97-badf-be04b124dc40","local_time":"20201230191027","is_ascension_mode":false,"campfire_choices":[{"data":"HollowMod:CycloneSlash","floor":10,"key":"SMITH"},{"data":"HollowMod:DesolateDive","floor":15,"key":"SMITH"},{"data":"HollowMod:LifebloodCore","floor":23,"key":"SMITH"}],"circlet_count":0,"master_deck":["HollowMod:NailStrikeStart","HollowMod:NailStrikeStart","HollowMod:NailStrikeStart","HollowMod:NailStrikeStart","HollowMod:QuickDashStart+1","HollowMod:QuickDashStart","HollowMod:QuickDashStart","HollowMod:QuickDashStart","HollowMod:FocusHealStart+1","HollowMod:PogoStrike","HollowMod:CycloneSlash+1","HollowMod:DesolateDive+1","HollowMod:SoulVessel+1","HollowMod:HowlingWraiths","HollowMod:LifebloodCore+1","HollowMod:MonarchWings+1","Ghostly","Ghostly","Ghostly","Ghostly","Ghostly","HollowMod:CoiledNail+1","HollowMod:MantisMark","HollowMod:DoubleDash"],"relics":["HollowMod:VesselMask","HushsDoor","BelialBook","War Paint","HollowMod:StagPassRelic","HollowMod:LifeEnderRelic","hubris:Towel","Frozen Egg 2","Replay:Baseball","hubris:Reverence","halation:Risk","Replay:Lucky Slots","MerchantsRug","Boot","Pet Ghost"],"acts_visited":["Exordium","TheCity"],"potions_floor_usage":[12,16,16,21,25],"damage_taken":[{"damage":2,"enemies":"Cultist","floor":1,"turns":4},{"damage":0,"enemies":"2 Louse","floor":3,"turns":2},{"damage":1,"enemies":"Small Slimes","floor":5,"turns":3},{"damage":0,"enemies":"3 Sentries","floor":6,"turns":4},{"damage":2,"enemies":"Exordium Wildlife","floor":7,"turns":6},{"damage":1,"enemies":"2 Fungi Beasts","floor":11,"turns":2},{"damage":0,"enemies":"Lagavulin","floor":12,"turns":3},{"damage":0,"enemies":"Large Slime","floor":14,"turns":3},{"damage":63,"enemies":"Hexaghost","floor":16,"turns":10},{"damage":12,"enemies":"Shell Parasite","floor":18,"turns":5},{"damage":2,"enemies":"Spheric Guardian","floor":20,"turns":7},{"damage":7,"enemies":"Shelled Parasite and Fungi","floor":21,"turns":7},{"damage":3,"enemies":"Centurion and Healer","floor":24,"turns":5},{"damage":29,"enemies":"HollowMod:Nosk","floor":25,"turns":12}],"seed_played":"-2081719022516278922","potions_obtained":[{"floor":3,"key":"FearPotion"},{"floor":5,"key":"Dexterity Potion"},{"floor":7,"key":"Slimebound:ThreeZeroPotion"},{"floor":16,"key":"SkillPotion"},{"floor":18,"key":"Fruit Juice"},{"floor":20,"key":"AttackPotion"},{"floor":21,"key":"champ:CounterPotion"},{"floor":25,"key":"Swift Potion"}],"is_trial":false,"path_per_floor":["M","?","M","?","M","E","M","?","T","R","M","E","T","M","R","B",null,"M","?","M","M","$","R","M","E","T","AVR"],"character_chosen":"THE_BUGKNIGHT","items_purchased":["Replay:Lucky Slots","MerchantsRug"],"campfire_rested":0,"item_purchase_floors":[22,22],"current_hp_per_floor":[74,63,69,69,75,75,75,75,75,75,74,74,74,74,74,17,75,63,37,35,33,33,33,39,13,13,13,13],"gold":115,"neow_bonus":"RANDOM_COMMON_RELIC","is_daily":false,"chose_seed":false,"campfire_upgraded":3,"win_rate":0.0,"timestamp":1609373427,"path_taken":["M","?","M","?","M","E","M","?","T","R","M","E","?","M","R","BOSS","M","?","?","M","?","R","?","E","T","AVR"],"items_purchased_type":["Relic","Relic"],"build_version":"2020-12-22","purchased_purges":0,"victory":false,"max_hp_per_floor":[75,75,75,75,75,75,75,75,75,75,75,75,75,75,75,75,75,75,37,37,42,42,42,42,42,42,42,42],"card_choices":[{"not_picked":[],"picked":"ChaosCard","floor":0},{"not_picked":["HollowMod:SiblingsShadow","HollowMod:InfectedAttack","HollowMod:GoodIntentions"],"picked":"SKIP","floor":1},{"not_picked":["HollowMod:ShapeofUnn","HollowMod:CoiledNail"],"picked":"HollowMod:CycloneSlash","floor":3},{"not_picked":["HollowMod:ElderbugsWisdom","HollowMod:DescendingDark","HollowMod:SharpenedShadows"],"picked":"SKIP","floor":5},{"not_picked":["HollowMod:DoubleDash","HollowMod:CoiledNail"],"picked":"Bomb","floor":6},{"not_picked":["HollowMod:MawleksShell","HollowMod:NewLittleFool"],"picked":"HollowMod:DesolateDive","floor":7},{"not_picked":["HollowMod:SoulSplash","HollowMod:VengefulSpirit"],"picked":"HollowMod:SoulVessel+1","floor":11},{"not_picked":["HollowMod:VengefulVoid","HollowMod:ShadowDash","HollowMod:MawleksShell"],"picked":"SKIP","floor":12},{"not_picked":["HollowMod:VoidDash","HollowMod:SiblingsSouls"],"picked":"HollowMod:HowlingWraiths","floor":14},{"not_picked":["HollowMod:NewInfectedGuardian","HollowMod:VoidDash"],"picked":"HollowMod:LifebloodCore","floor":16},{"not_picked":["HollowMod:CloakDash","HollowMod:Grubsong+1"],"picked":"HollowMod:MonarchWings+1","floor":18},{"not_picked":["HollowMod:SharpenedShadows+1","HollowMod:DescendingDark+1","HollowMod:SharpenedNail"],"picked":"SKIP","floor":20},{"not_picked":["HollowMod:AbyssShriek+1","HollowMod:GoodIntentions"],"picked":"HollowMod:CoiledNail+1","floor":21},{"not_picked":["HollowMod:MonarchWings+1","HollowMod:HowlingWraiths"],"picked":"HollowMod:MantisMark","floor":24},{"not_picked":["HollowMod:FallenFury","HollowMod:theNailsmith"],"picked":"HollowMod:DoubleDash","floor":25}],"player_experience":335808,"relics_obtained":[{"floor":6,"key":"HollowMod:LifeEnderRelic"},{"floor":9,"key":"Frozen Egg 2"},{"floor":12,"key":"Replay:Baseball"},{"floor":13,"key":"hubris:Reverence"},{"floor":25,"key":"Boot"},{"floor":26,"key":"Pet Ghost"}],"event_choices":[{"damage_healed":0,"gold_gain":75,"player_choice":"Gather Gold","damage_taken":11,"max_hp_gain":0,"max_hp_loss":0,"event_name":"World of Goop","floor":2,"gold_loss":0},{"damage_healed":0,"gold_gain":0,"player_choice":"Became a Ghost","damage_taken":0,"max_hp_gain":0,"max_hp_loss":38,"event_name":"Ghosts","floor":19,"gold_loss":0,"cards_obtained":["Ghostly","Ghostly","Ghostly","Ghostly","Ghostly"]}],"is_beta":false,"boss_relics":[{"not_picked":["StuffTheSpire:ModemDavis","halation:PlatinumPhoenix"],"picked":"halation:Risk"},{"not_picked":[]}],"items_purged_floors":[],"is_endless":false,"potions_floor_spawned":[3,5,7,11,16,18,20,21,25],"ascension_level":0}}