{"host":"wghdsg8ym2wc7ov9","time":1609398357,"event":{"mods":["AchievementEnabler","Astrologer","BaseMod","Beaked The Cultist","Better Altar","Better Note","Colored Map","Hermit","Highlight Path","Jorbs\u0027s Wanderer Trilogy","Minty Spire (QoL Compilation)","Random Character Button","Relic Stats","Shop Mod","StSLib","The Blackbeard","The Bladedancer","The Cursed","The Gatherer","The Hierophant","The Mystic","The Senshi","The Servant 0.9.4"],"gold_per_floor":[116,116,135,150,150,185,185,198,198,250,350,399,399,431,431,570,597,630,738,838,823,847,847,847,847],"floor_reached":24,"playtime":3481,"items_purged":[],"score":216,"play_id":"71af13bd-ec39-44f3-89e2-2eb51e8c313f","local_time":"20201230230557","is_ascension_mode":false,"campfire_choices":[{"floor":7.0,"key":"REST"},{"data":"beaked:Ceremony","floor":13.0,"key":"SMITH"},{"data":"beaked:Ceremony","floor":15.0,"key":"SMITH"},{"data":"beaked:Evade","floor":23.0,"key":"SMITH"}],"circlet_count":0,"master_deck":["beaked:Strike_Y","beaked:Strike_Y","beaked:Strike_Y","beaked:Strike_Y","beaked:Defend_Y","beaked:Defend_Y","beaked:Defend_Y","beaked:Defend_Y","beaked:Ceremony+1","beaked:Ceremony+1","beaked:Ceremony","beaked:BraceForImpact","beaked:BraceForImpact","beaked:Roost","beaked:Brace","beaked:WarriorEssence","beaked:VigorBurst","beaked:SurvivalInstinct","beaked:AwakenedForm","beaked:WildInstinct+1","beaked:DigDeeper+1","beaked:Sacrifice+1","beaked:Evade+1","Good Instincts","Trip","beaked:Tweet","beaked:SurvivalInstinct"],"relics":["beaked:MendingPlumage","Golden Idol","CaptainsWheel","Torii","Calipers","CeramicFish","Boot","Astrolabe"],"acts_visited":["Exordium","TheCity"],"potions_floor_usage":[],"damage_taken":[{"damage":8.0,"enemies":"Cultist","floor":1.0,"turns":5.0},{"damage":10.0,"enemies":"Jaw Worm","floor":3.0,"turns":5.0},{"damage":4.0,"enemies":"Small Slimes","floor":4.0,"turns":5.0},{"damage":53.0,"enemies":"Gremlin Nob","floor":6.0,"turns":6.0},{"damage":12.0,"enemies":"Red Slaver","floor":8.0,"turns":8.0},{"damage":17.0,"enemies":"Lagavulin","floor":10.0,"turns":9.0},{"damage":20.0,"enemies":"3 Sentries","floor":12.0,"turns":9.0},{"damage":9.0,"enemies":"3 Louse","floor":14.0,"turns":5.0},{"damage":9.0,"enemies":"Hexaghost","floor":16.0,"turns":9.0},{"damage":51.0,"enemies":"Shell Parasite","floor":18.0,"turns":9.0},{"damage":3.0,"enemies":"2 Thieves","floor":21.0,"turns":5.0},{"damage":33.0,"enemies":"Centurion and Healer","floor":22.0,"turns":11.0},{"damage":73,"enemies":"Slavers","floor":24,"turns":6}],"seed_played":"6759523402544932341","potions_obtained":[{"floor":4.0,"key":"Weak Potion"},{"floor":10.0,"key":"BlessingOfTheForge"},{"floor":14.0,"key":"SneckoOil"},{"floor":16.0,"key":"PowerPotion"},{"floor":18.0,"key":"Explosive Potion"}],"is_trial":false,"path_per_floor":["M","?","M","M","?","E","R","M","T","E","?","E","R","M","R","B",null,"M","?","?","M","M","R","E"],"character_chosen":"BEAKED_THE_CULTIST","items_purchased":[],"campfire_rested":1,"item_purchase_floors":[],"current_hp_per_floor":[51,38,43,55,48,9,25,42,42,46,46,60,60,59,59,60,60,34,9,9,29,39,39,0,0],"gold":847,"neow_bonus":"TEN_PERCENT_HP_BONUS","is_daily":false,"chose_seed":false,"campfire_upgraded":3,"win_rate":0.0,"timestamp":1609398357,"path_taken":["M","?","M","M","?","E","R","M","T","E","?","E","R","?","R","BOSS","M","?","?","M","M","R","E"],"items_purchased_type":[],"build_version":"2020-12-22","purchased_purges":0,"victory":false,"max_hp_per_floor":[55,55,55,55,55,55,55,55,55,60,60,60,60,60,60,60,60,60,60,60,60,60,60,60,60],"relic_stats":{"Torii":22,"counters":[13,92],"Golden Idol":77,"CeramicFish":108,"Astrolabe":["beaked:WildInstinct","beaked:DigDeeper","beaked:Sacrifice"],"Boot":[4],"obtain_stats":[{"CaptainsWheel":5,"Calipers":9,"Torii":6,"Golden Idol":2,"CeramicFish":10,"Astrolabe":17,"beaked:MendingPlumage":0,"Boot":12},{"CaptainsWheel":3,"Calipers":5,"Torii":4,"Golden Idol":1,"CeramicFish":6,"Astrolabe":9,"beaked:MendingPlumage":0,"Boot":7},{"CaptainsWheel":15,"Calipers":29,"Torii":21,"Golden Idol":5,"CeramicFish":38,"Astrolabe":61,"beaked:MendingPlumage":0,"Boot":47}]},"card_choices":[{"not_picked":["beaked:TuckingFeathers","beaked:HuntressSpirit"],"picked":"beaked:BraceForImpact","floor":1.0},{"not_picked":["beaked:Devastation","beaked:Mantra"],"picked":"beaked:BraceForImpact","floor":3.0},{"not_picked":["beaked:Overexert","beaked:Poke"],"picked":"beaked:Roost","floor":4.0},{"not_picked":["beaked:Insight","beaked:Redirect"],"picked":"beaked:Brace","floor":6.0},{"not_picked":["beaked:Brace","beaked:StunningBlow"],"picked":"beaked:WarriorEssence","floor":8.0},{"not_picked":["beaked:FeelMyPain","beaked:WarriorEssence"],"picked":"beaked:VigorBurst","floor":10.0},{"not_picked":["beaked:TuckingFeathers","beaked:CursingBlood"],"picked":"beaked:SurvivalInstinct","floor":12.0},{"not_picked":["beaked:DigDeep","beaked:Daydream"],"picked":"beaked:AwakenedForm","floor":14.0},{"not_picked":["beaked:CheekyTricks","beaked:VolatileMisfortune"],"picked":"beaked:ShadowFade","floor":16.0},{"not_picked":["beaked:FeelMyPain+1","beaked:DigDeep+1"],"picked":"beaked:Evade","floor":18.0},{"not_picked":["beaked:VigorBurst","beaked:SurvivalInstinct"],"picked":"beaked:Tweet","floor":21.0},{"not_picked":["beaked:FeelMyPain","beaked:Redirect"],"picked":"beaked:SurvivalInstinct","floor":22.0}],"player_experience":558992,"relics_obtained":[{"floor":6.0,"key":"Torii"},{"floor":9.0,"key":"Calipers"},{"floor":10.0,"key":"CeramicFish"},{"floor":12.0,"key":"Boot"}],"event_choices":[{"damage_healed":0.0,"max_hp_gain":0.0,"max_hp_loss":0.0,"gold_gain":0.0,"event_name":"Golden Idol","player_choice":"Take Damage","floor":2.0,"gold_loss":0.0,"damage_taken":13.0,"relics_obtained":["Golden Idol"]},{"damage_healed":0.0,"max_hp_gain":0.0,"max_hp_loss":0.0,"gold_gain":0.0,"event_name":"Scrap Ooze","player_choice":"Success","floor":5.0,"gold_loss":0.0,"damage_taken":7.0,"relics_obtained":["CaptainsWheel"]},{"damage_healed":0.0,"max_hp_gain":0.0,"max_hp_loss":0.0,"gold_gain":100.0,"event_name":"Golden Shrine","player_choice":"Pray","floor":11.0,"gold_loss":0.0,"damage_taken":0.0},{"damage_healed":0.0,"max_hp_gain":0.0,"max_hp_loss":0.0,"gold_gain":90.0,"event_name":"Knowing Skull","player_choice":"CARD GOLD CARD ","floor":19.0,"potions_obtained":[],"gold_loss":0.0,"damage_taken":25.0,"cards_obtained":["Good Instincts","Trip"]},{"damage_healed":0.0,"max_hp_gain":0.0,"max_hp_loss":0.0,"gold_gain":100.0,"event_name":"Golden Shrine","player_choice":"Pray","floor":20.0,"gold_loss":0.0,"damage_taken":0.0}],"is_beta":false,"boss_relics":[{"not_picked":["Velvet Choker","Fusion Hammer"],"picked":"Astrolabe"}],"items_purged_floors":[],"is_endless":false,"potions_floor_spawned":[4,10,14,16,18],"killed_by":"Slavers","ascension_level":0}}