{"host":"tzyzz5n7hg2ni9q2","time":1609429143,"event":{"mods":["BaseMod","Minty Spire (QoL Compilation)","Quick Restart"],"gold_per_floor":[110,110,128,147,0,0,30,48,102,131,131,159,7,34,34,146,146,135,146,146,245,53,80,80,80,80],"floor_reached":25,"playtime":883,"items_purged":[],"score":229,"play_id":"3ec351e4-1897-4138-bdb9-58fe1da4151e","local_time":"20201231163903","is_ascension_mode":false,"campfire_choices":[{"data":"Bash","floor":6.0,"key":"SMITH"},{"floor":15.0,"key":"REST"},{"floor":24,"key":"REST"}],"circlet_count":0,"master_deck":["Strike_R","Strike_R","Strike_R","Strike_R","Strike_R","Defend_R","Defend_R","Defend_R","Defend_R","Bash+1","Metallicize","Dropkick","True Grit","Seeing Red","Impervious","Carnage","Barricade+1","Shrug It Off"],"relics":["Black Blood","Sling","Frozen Egg 2","Juzu Bracelet","Odd Mushroom","CeramicFish","Chemical X","Regal Pillow","Peace Pipe"],"acts_visited":["Exordium","TheCity"],"potions_floor_usage":[23,23,23],"damage_taken":[{"damage":6.0,"enemies":"Cultist","floor":1.0,"turns":3.0},{"damage":5.0,"enemies":"2 Louse","floor":3.0,"turns":4.0},{"damage":3.0,"enemies":"Jaw Worm","floor":4.0,"turns":5.0},{"damage":24.0,"enemies":"3 Sentries","floor":7.0,"turns":10.0},{"damage":3.0,"enemies":"2 Fungi Beasts","floor":8.0,"turns":4.0},{"damage":8.0,"enemies":"The Mushroom Lair","floor":10.0,"turns":6.0},{"damage":31.0,"enemies":"Lagavulin","floor":12.0,"turns":6.0},{"damage":9.0,"enemies":"Red Slaver","floor":14.0,"turns":5.0},{"damage":53.0,"enemies":"Hexaghost","floor":16.0,"turns":13.0},{"damage":18.0,"enemies":"2 Thieves","floor":18.0,"turns":4.0},{"damage":36.0,"enemies":"Spheric Guardian","floor":19.0,"turns":6.0},{"damage":48,"enemies":"Slavers","floor":23,"turns":10},{"damage":0,"enemies":"3 Cultists","floor":25,"turns":1}],"seed_played":"-8172501277886841898","potions_obtained":[{"floor":0.0,"key":"EssenceOfSteel"},{"floor":0.0,"key":"FairyPotion"},{"floor":0.0,"key":"Ancient Potion"},{"floor":7.0,"key":"Strength Potion"},{"floor":8.0,"key":"DuplicationPotion"},{"floor":14.0,"key":"Swift Potion"},{"floor":16.0,"key":"Strength Potion"},{"floor":23,"key":"Regen Potion"}],"is_trial":false,"path_per_floor":["M","$","M","M","$","R","E","M","T","?","?","E","$","M","R","B",null,"M","M","?","?","$","E","R","M"],"character_chosen":"IRONCLAD","items_purchased":["Sling","Chemical X","Shrug It Off","Regal Pillow"],"campfire_rested":2,"item_purchase_floors":[5,13,22,22],"current_hp_per_floor":[80,80,80,80,80,80,62,65,65,63,63,38,38,35,59,12,80,74,50,50,50,50,14,53,53,53],"gold":80,"neow_bonus":"THREE_SMALL_POTIONS","is_daily":false,"chose_seed":false,"campfire_upgraded":1,"win_rate":0.0,"timestamp":1609429143,"path_taken":["M","$","M","M","?","R","E","?","T","?","?","E","$","M","R","BOSS","M","M","?","?","$","E","R","M"],"items_purchased_type":["Relic","Relic","Card","Relic"],"build_version":"2020-12-22","purchased_purges":0,"victory":false,"max_hp_per_floor":[80,80,80,80,80,80,80,80,80,80,80,80,80,80,80,80,80,80,80,80,80,80,80,80,80,80],"card_choices":[{"not_picked":["Entrench","Clothesline"],"picked":"Metallicize","floor":1.0},{"not_picked":["Anger","Sword Boomerang","Thunderclap"],"picked":"SKIP","floor":3.0},{"not_picked":["Impervious","Reckless Charge"],"picked":"Dropkick","floor":4.0},{"not_picked":["Pummel","Impervious"],"picked":"True Grit","floor":7.0},{"not_picked":["Infernal Blade","Warcry","Dark Embrace+1"],"picked":"SKIP","floor":8.0},{"not_picked":["Body Slam","Rage"],"picked":"Seeing Red","floor":10.0},{"not_picked":["Infernal Blade","Headbutt","Warcry"],"picked":"SKIP","floor":12.0},{"not_picked":["Cleave","True Grit"],"picked":"Carnage","floor":14.0},{"not_picked":["Demon Form+1","Juggernaut+1"],"picked":"Barricade+1","floor":16.0},{"not_picked":["True Grit","Heavy Blade","Thunderclap"],"picked":"SKIP","floor":18.0},{"not_picked":["Headbutt","Feel No Pain+1","Combust+1"],"picked":"SKIP","floor":19.0},{"not_picked":["Havoc","Pommel Strike","Brutality+1"],"picked":"SKIP","floor":23}],"player_experience":209728,"relics_obtained":[{"floor":7.0,"key":"Frozen Egg 2"},{"floor":9.0,"key":"Juzu Bracelet"},{"floor":10.0,"key":"Odd Mushroom"},{"floor":12.0,"key":"CeramicFish"},{"floor":23,"key":"Peace Pipe"}],"event_choices":[{"damage_healed":0.0,"max_hp_gain":0.0,"max_hp_loss":0.0,"gold_gain":0.0,"event_name":"Mushrooms","player_choice":"Fought Mushrooms","floor":10.0,"gold_loss":0.0,"damage_taken":0.0},{"damage_healed":0.0,"max_hp_gain":0.0,"max_hp_loss":0.0,"gold_gain":0.0,"event_name":"Match and Keep!","player_choice":"1 cards matched","floor":11.0,"gold_loss":0.0,"damage_taken":0.0,"cards_obtained":["Impervious"]},{"damage_healed":0.0,"max_hp_gain":0.0,"max_hp_loss":0.0,"gold_gain":0.0,"event_name":"Ghosts","player_choice":"Ignored","floor":20.0,"gold_loss":0.0,"damage_taken":0.0},{"damage_healed":0.0,"max_hp_gain":0.0,"max_hp_loss":0.0,"gold_gain":99.0,"event_name":"Nest","player_choice":"Stole From Cult","floor":21.0,"gold_loss":0.0,"damage_taken":0.0}],"is_beta":false,"boss_relics":[{"not_picked":["Fusion Hammer","Calling Bell"],"picked":"Black Blood"}],"items_purged_floors":[],"is_endless":false,"potions_floor_spawned":[7,8,14,16,23],"killed_by":"3 Cultists","ascension_level":0}}