{"host":"os7ajuuouznx3pj7","time":1609387770,"event":{"mods":["AchievementEnabler","BaseMod","Bestiary","Block Reminder","Colored Map","Colored Powertips","Keyboard Shortcuts","Minty Spire (QoL Compilation)","Quick Restart","Relic Stats","SuperFastMode"],"gold_per_floor":[113,127,141,178,178,178,9,9,9,26,55,67,93,111,111,186,186,186,186,186,186,101,101,101,101,101,101,101,101,101,101,101,101,101,101,101,101,101,0,0,0,0,0,0,0,0,0,0,0,0],"floor_reached":51,"playtime":9186,"items_purged":[],"score":1476,"play_id":"eb1caad7-a770-4412-8f7e-354b735d120e","local_time":"20201231020930","is_ascension_mode":true,"campfire_choices":[{"data":"Twin Strike","floor":6.0,"key":"SMITH"},{"data":"Sword Boomerang","floor":8.0,"key":"SMITH"},{"data":"Perfected Strike","floor":15.0,"key":"SMITH"},{"data":"Heavy Blade","floor":24.0,"key":"SMITH"},{"data":"J.A.X.","floor":29.0,"key":"SMITH"},{"data":"Demon Form","floor":32.0,"key":"SMITH"},{"floor":40.0,"key":"RECALL"},{"data":"Bludgeon","floor":45,"key":"SMITH"},{"data":"Dark Embrace","floor":49,"key":"SMITH"}],"circlet_count":0,"master_deck":["AscendersBane","Strike_R+1","Strike_R+1","Strike_R+1","Strike_R+1","Strike_R+1","Defend_R+1","Defend_R+1","Defend_R+1","Bash+1","Shockwave+1","Twin Strike+1","Sword Boomerang+1","Battle Trance+1","Burning Pact+1","Iron Wave+1","Demon Form+1","Perfected Strike+1","Offering+1","Spot Weakness+1","J.A.X.+1","Heavy Blade+1","Twin Strike+1","Twin Strike+1","Sword Boomerang+1","Fiend Fire+1","Pummel+1","Mind Blast+1","Clothesline+1","Bludgeon+1","Pummel+1","Dark Embrace+1"],"relics":["Burning Blood","Vajra","Centennial Puzzle","StrikeDummy","Letter Opener","Pen Nib","Ectoplasm","Oddly Smooth Stone","Self Forming Clay","Strawberry","Orichalcum","Snecko Eye","Mark of the Bloom","Red Mask","Potion Belt","Darkstone Periapt","Mummified Hand","Du-Vu Doll"],"acts_visited":["Exordium","TheCity","TheBeyond"],"potions_floor_usage":[50,50],"damage_taken":[{"damage":12.0,"enemies":"Jaw Worm","floor":1.0,"turns":2.0},{"damage":2.0,"enemies":"Small Slimes","floor":2.0,"turns":4.0},{"damage":0.0,"enemies":"Cultist","floor":3.0,"turns":3.0},{"damage":0.0,"enemies":"2 Fungi Beasts","floor":4.0,"turns":2.0},{"damage":13.0,"enemies":"3 Louse","floor":10.0,"turns":2.0},{"damage":5.0,"enemies":"Gremlin Nob","floor":11.0,"turns":3.0},{"damage":12.0,"enemies":"Exordium Wildlife","floor":12.0,"turns":3.0},{"damage":20.0,"enemies":"Lagavulin","floor":13.0,"turns":4.0},{"damage":11.0,"enemies":"Looter","floor":14.0,"turns":2.0},{"damage":27.0,"enemies":"Hexaghost","floor":16.0,"turns":5.0},{"damage":16.0,"enemies":"Shell Parasite","floor":18.0,"turns":2.0},{"damage":9.0,"enemies":"Chosen","floor":21.0,"turns":3.0},{"damage":15.0,"enemies":"Gremlin Leader","floor":23.0,"turns":3.0},{"damage":24.0,"enemies":"Slavers","floor":27.0,"turns":3.0},{"damage":3.0,"enemies":"Snecko","floor":28.0,"turns":3.0},{"damage":0.0,"enemies":"Snake Plant","floor":30.0,"turns":2.0},{"damage":0.0,"enemies":"3 Cultists","floor":31.0,"turns":3.0},{"damage":36.0,"enemies":"Automaton","floor":33.0,"turns":6.0},{"damage":3.0,"enemies":"Orb Walker","floor":35.0,"turns":1.0},{"damage":11.0,"enemies":"3 Shapes","floor":37.0,"turns":2.0},{"damage":0.0,"enemies":"3 Darklings","floor":41.0,"turns":2.0},{"damage":9,"enemies":"Reptomancer","floor":42,"turns":2},{"damage":3,"enemies":"Writhing Mass","floor":46,"turns":2},{"damage":6,"enemies":"Giant Head","floor":47,"turns":4},{"damage":0,"enemies":"2 Orb Walkers","floor":48,"turns":2},{"damage":50,"enemies":"Donu and Deca","floor":50,"turns":4}],"seed_played":"-1923307749064791840","potions_obtained":[{"floor":1.0,"key":"ColorlessPotion"},{"floor":2.0,"key":"SneckoOil"},{"floor":13.0,"key":"SpeedPotion"},{"floor":14.0,"key":"BloodPotion"},{"floor":21.0,"key":"Block Potion"},{"floor":23.0,"key":"Weak Potion"},{"floor":25.0,"key":"BloodPotion"},{"floor":25.0,"key":"EssenceOfSteel"},{"floor":27.0,"key":"PowerPotion"},{"floor":35.0,"key":"BloodPotion"},{"floor":47,"key":"BloodPotion"},{"floor":48,"key":"Strength Potion"}],"is_trial":false,"path_per_floor":["M","M","M","M","?","R","$","R","T","M","E","M","E","M","R","B",null,"M","?","?","M","?","E","R","?","T","E","M","R","M","M","R","B",null,"M","?","M","?","?","R","M","E","T","?","R","M","E","?","R","B",null],"character_chosen":"IRONCLAD","items_purchased":["Centennial Puzzle"],"campfire_rested":0,"item_purchase_floors":[7],"current_hp_per_floor":[62,66,72,75,75,75,75,75,75,68,69,63,49,44,44,23,62,52,52,52,49,49,40,40,70,77,59,62,62,68,74,74,44,73,76,76,71,82,82,82,82,73,73,73,73,70,64,64,64,14],"gold":0,"neow_bonus":"RANDOM_COMMON_RELIC","is_daily":false,"chose_seed":false,"campfire_upgraded":8,"win_rate":0.0,"timestamp":1609387770,"path_taken":["M","M","M","M","?","R","$","R","T","M","E","M","E","M","R","BOSS","M","?","?","M","?","E","R","?","T","E","M","R","?","M","R","BOSS","M","?","M","?","?","R","M","E","T","?","R","M","E","?","R","BOSS"],"items_purchased_type":["Relic"],"build_version":"2020-12-22","purchased_purges":0,"victory":true,"max_hp_per_floor":[75,75,75,75,75,75,75,75,75,75,75,75,75,75,75,75,75,75,75,75,75,75,75,75,75,82,82,82,82,82,82,82,82,82,82,82,82,82,82,82,82,82,82,78,78,78,78,78,78,78],"relic_stats":{"Darkstone Periapt":0,"Mark of the Bloom":51,"counters":[26,74],"Self Forming Clay":[66],"Pen Nib":[10],"Letter Opener":[30],"Orichalcum":[42],"Burning Blood":117,"Centennial Puzzle":[54],"Mummified Hand":[4],"Snecko Eye":[43,38,37,48],"Ectoplasm":418,"obtain_stats":[{"Potion Belt":42,"Darkstone Periapt":43,"Mark of the Bloom":38,"Self Forming Clay":23,"Vajra":0,"Oddly Smooth Stone":22,"Pen Nib":13,"Letter Opener":11,"Orichalcum":27,"Burning Blood":0,"Du-Vu Doll":48,"Centennial Puzzle":7,"Mummified Hand":47,"Strawberry":26,"Snecko Eye":34,"Ectoplasm":17,"Red Mask":39,"StrikeDummy":9},{"Potion Belt":22,"Darkstone Periapt":22,"Mark of the Bloom":20,"Self Forming Clay":13,"Vajra":0,"Oddly Smooth Stone":12,"Pen Nib":8,"Letter Opener":6,"Orichalcum":14,"Burning Blood":0,"Du-Vu Doll":25,"Centennial Puzzle":4,"Mummified Hand":24,"Strawberry":13,"Snecko Eye":18,"Ectoplasm":10,"Red Mask":20,"StrikeDummy":4},{"Potion Belt":62,"Darkstone Periapt":62,"Mark of the Bloom":58,"Self Forming Clay":38,"Vajra":0,"Oddly Smooth Stone":35,"Pen Nib":23,"Letter Opener":16,"Orichalcum":41,"Burning Blood":0,"Du-Vu Doll":70,"Centennial Puzzle":11,"Mummified Hand":68,"Strawberry":38,"Snecko Eye":55,"Ectoplasm":30,"Red Mask":58,"StrikeDummy":11}]},"card_choices":[{"not_picked":["Cleave","Anger"],"picked":"Shockwave","floor":1.0},{"not_picked":["Perfected Strike","Flex"],"picked":"Twin Strike","floor":2.0},{"not_picked":["Armaments","Iron Wave"],"picked":"Sword Boomerang","floor":3.0},{"not_picked":["Thunderclap","Warcry"],"picked":"Battle Trance","floor":4.0},{"not_picked":["Evolve","Brutality","Anger"],"picked":"SKIP","floor":10.0},{"not_picked":["True Grit","Clothesline"],"picked":"Burning Pact","floor":11.0},{"not_picked":["Havoc","Searing Blow"],"picked":"Iron Wave","floor":12.0},{"not_picked":["Headbutt","Limit Break"],"picked":"Demon Form","floor":13.0},{"not_picked":["Iron Wave","Havoc"],"picked":"Perfected Strike","floor":14.0},{"not_picked":["Exhume","Juggernaut"],"picked":"Offering","floor":16.0},{"not_picked":["Flex","Havoc"],"picked":"Spot Weakness","floor":18.0},{"not_picked":["Clash","Entrench","Havoc"],"picked":"SKIP","floor":21.0},{"not_picked":["Sword Boomerang","Perfected Strike"],"picked":"Heavy Blade","floor":23.0},{"not_picked":["Berserk","Armaments+1"],"picked":"Twin Strike","floor":27.0},{"not_picked":["Thunderclap","Clash"],"picked":"Twin Strike","floor":28.0},{"not_picked":["Perfected Strike","Havoc","Pommel Strike"],"picked":"SKIP","floor":30.0},{"not_picked":["Clothesline","Sever Soul"],"picked":"Sword Boomerang","floor":31.0},{"not_picked":["Corruption","Offering"],"picked":"Fiend Fire","floor":33.0},{"not_picked":["Metallicize","Clothesline"],"picked":"Pummel","floor":35.0},{"not_picked":["Finesse","Purity"],"picked":"Mind Blast","floor":36.0},{"not_picked":["Iron Wave","Anger","True Grit+1"],"picked":"SKIP","floor":37.0},{"not_picked":["Havoc","Rupture"],"picked":"Clothesline+1","floor":41.0},{"not_picked":["Carnage","Uppercut"],"picked":"Bludgeon","floor":42},{"not_picked":["Battle Trance","Armaments+1","Pommel Strike+1"],"picked":"SKIP","floor":46},{"not_picked":["Rupture+1","Shrug It Off"],"picked":"Pummel+1","floor":47},{"not_picked":["Twin Strike","Flame Barrier"],"picked":"Dark Embrace","floor":48}],"player_experience":714169,"relics_obtained":[{"floor":9.0,"key":"StrikeDummy"},{"floor":11.0,"key":"Letter Opener"},{"floor":13.0,"key":"Pen Nib"},{"floor":23.0,"key":"Self Forming Clay"},{"floor":26.0,"key":"Strawberry"},{"floor":27.0,"key":"Orichalcum"},{"floor":42,"key":"Potion Belt"},{"floor":43,"key":"Darkstone Periapt"},{"floor":47,"key":"Mummified Hand"},{"floor":48,"key":"Du-Vu Doll"}],"event_choices":[{"cards_removed":["Defend_R"],"damage_healed":0.0,"max_hp_gain":0.0,"max_hp_loss":0.0,"gold_gain":0.0,"event_name":"Living Wall","player_choice":"Forget","floor":5.0,"gold_loss":0.0,"damage_taken":0.0},{"damage_healed":0.0,"max_hp_gain":0.0,"max_hp_loss":0.0,"gold_gain":0.0,"event_name":"Back to Basics","player_choice":"Simplicity","floor":19.0,"gold_loss":0.0,"damage_taken":0.0,"cards_upgraded":["Strike_R","Strike_R","Strike_R","Strike_R","Strike_R","Defend_R","Defend_R","Defend_R"]},{"damage_healed":0.0,"max_hp_gain":0.0,"max_hp_loss":0.0,"gold_gain":0.0,"event_name":"Drug Dealer","player_choice":"Obtain J.A.X.","floor":20.0,"gold_loss":0.0,"damage_taken":0.0,"cards_obtained":["J.A.X."]},{"damage_healed":0.0,"max_hp_gain":0.0,"max_hp_loss":0.0,"gold_gain":0.0,"event_name":"Addict","player_choice":"Obtained Relic","floor":22.0,"gold_loss":85.0,"damage_taken":0.0,"relics_obtained":["Oddly Smooth Stone"]},{"damage_healed":0.0,"max_hp_gain":0.0,"max_hp_loss":0.0,"gold_gain":0.0,"event_name":"Lab","player_choice":"Got Potions","floor":25.0,"gold_loss":0.0,"damage_taken":0.0},{"damage_healed":0.0,"max_hp_gain":0.0,"max_hp_loss":0.0,"gold_gain":0.0,"event_name":"SensoryStone","player_choice":"Memory 1","floor":36.0,"gold_loss":0.0,"damage_taken":0.0},{"damage_healed":0.0,"max_hp_gain":0.0,"max_hp_loss":0.0,"gold_gain":0.0,"event_name":"MindBloom","player_choice":"Upgrade","floor":38.0,"gold_loss":0.0,"damage_taken":0.0,"cards_upgraded":["Bash","Shockwave","Battle Trance","Burning Pact","Iron Wave","Offering","Spot Weakness","Twin Strike","Twin Strike","Sword Boomerang","Fiend Fire","Pummel","Mind Blast"],"relics_obtained":["Mark of the Bloom"]},{"damage_healed":0.0,"max_hp_gain":0.0,"max_hp_loss":0.0,"gold_gain":0.0,"event_name":"Tomb of Lord Red Mask","player_choice":"Paid","floor":39.0,"gold_loss":101.0,"damage_taken":0.0,"relics_obtained":["Red Mask"]},{"damage_healed":0,"gold_gain":0,"player_choice":"Max HP","damage_taken":0,"max_hp_gain":0,"max_hp_loss":4,"event_name":"Winding Halls","floor":44,"gold_loss":0},{"damage_healed":0,"gold_gain":0,"player_choice":"Fight","damage_taken":0,"max_hp_gain":0,"max_hp_loss":0,"event_name":"Mysterious Sphere","floor":48,"gold_loss":0}],"is_beta":false,"boss_relics":[{"not_picked":["Runic Dome","Fusion Hammer"],"picked":"Ectoplasm"},{"not_picked":["Tiny House","Runic Cube"],"picked":"Snecko Eye"}],"items_purged_floors":[],"is_endless":false,"potions_floor_spawned":[1,2,13,14,21,23,27,35,47,48],"ascension_level":19}}