{"host":"fhwr1fuluf6086fh","time":1609450388,"event":{"mods":["2.2 Compatiblity","Act Like it!","BaseMod","Elementarium","Hermit","Minty Spire (QoL Compilation)","Robot Space Explorer","StSLib","The Blue Laboratory","The Caster","The Dragon Tamer","The Factory","The Hierophant","TheLocksmith"],"gold_per_floor":[119,133,149,149,162,190,3,3,3,35,35,50,50,80,80,178,478,498,509,509,521,148,148,179,198,221,246,246,246,276,290,290,393,393,411,430,41,53,70,105,116,116,116,21,38,88,88,101,101,101],"floor_reached":51,"playtime":8173,"items_purged":[],"score":948,"play_id":"8b7f447a-5f46-4257-82a3-27c569332180","local_time":"20201231163308","is_ascension_mode":true,"campfire_choices":[{"data":"caster:GlacialShield","floor":11,"key":"SMITH"},{"data":"caster:DiablosFlame","floor":15,"key":"SMITH"},{"floor":23,"key":"REST"},{"floor":28,"key":"REST"},{"data":"caster:Explosion","floor":32,"key":"SMITH"},{"floor":42,"key":"REST"},{"floor":47,"key":"REST"},{"floor":49,"key":"REST"}],"circlet_count":0,"master_deck":["caster:Meteor","caster:strike+1","caster:strike+1","caster:strike+1","caster:strike+1","caster:defend+1","caster:defend+1","caster:defend+1","caster:defend+1","caster:defend+1","caster:WallOfMirrors","caster:FireWall","caster:DiablosFlame","caster:FrostDriver","caster:Explosion+1","caster:GlacialShield+1","caster:Grimoire+1","caster:Slick+1","caster:FlashFrost","caster:DiablosFlame+1","caster:Sleet","caster:StormGust","CurseOfTheBell","caster:MeteorStorm+1","caster:MeteorStorm+1","caster:WallOfMirrors","caster:MagicWeapon","caster:GlacialShield+1","caster:Fireball","caster:Grimoire+1","caster:BookThrow+1","caster:Tundra","caster:ShortenedChant+1","caster:MagicAttunement+1","caster:ManaOverflow+1","caster:Enfeeble+1","caster:FlashFrost","caster:Incinerate","caster:MagicAttunement+1","caster:DiamondDust","caster:Inferno+1","caster:Enfeeble+1","caster:Grimoire+1","caster:Grimoire+1","caster:FrostDriver+1","caster:MagicBarrier+1"],"relics":["SacredBark","Lantern","Strawberry","Meat on the Bone","TungstenRod","Calling Bell","Dream Catcher","Frozen Egg 2","Old Coin","Oddly Smooth Stone","Bronze Scales","Ancient Tea Set","Pen Nib","Ornamental Fan","Smiling Mask","SlaversCollar","Potion Belt","Art of War","Singing Bowl","Gambling Chip"],"acts_visited":["Exordium","TheCity","TheBeyond"],"potions_floor_usage":[6,10,14,21,24,24,27,30,33,33,38,38,39,41,48,50,50],"damage_taken":[{"damage":0,"enemies":"2 Louse","floor":1,"turns":3},{"damage":0,"enemies":"Small Slimes","floor":2,"turns":4},{"damage":0,"enemies":"Cultist","floor":3,"turns":5},{"damage":27,"enemies":"Exordium Thugs","floor":5,"turns":6},{"damage":1,"enemies":"Lagavulin","floor":6,"turns":10},{"damage":0,"enemies":"Gremlin Nob","floor":10,"turns":3},{"damage":0,"enemies":"3 Louse","floor":12,"turns":4},{"damage":1,"enemies":"Lagavulin","floor":14,"turns":6},{"damage":14,"enemies":"Hexaghost","floor":16,"turns":11},{"damage":0,"enemies":"Chosen","floor":18,"turns":5},{"damage":16,"enemies":"2 Thieves","floor":19,"turns":4},{"damage":35,"enemies":"Cultist and Chosen","floor":21,"turns":8},{"damage":21,"enemies":"Gremlin Leader","floor":24,"turns":7},{"damage":21,"enemies":"3 Cultists","floor":25,"turns":5},{"damage":6,"enemies":"Slavers","floor":27,"turns":6},{"damage":7,"enemies":"Gremlin Leader","floor":30,"turns":5},{"damage":5,"enemies":"Shelled Parasite and Fungi","floor":31,"turns":2},{"damage":38,"enemies":"Champ","floor":33,"turns":10},{"damage":38,"enemies":"3 Shapes","floor":35,"turns":7},{"damage":34,"enemies":"3 Darklings","floor":36,"turns":5},{"damage":0,"enemies":"Spire Growth","floor":38,"turns":5},{"damage":9,"enemies":"Jaw Worm Horde","floor":39,"turns":4},{"damage":52,"enemies":"Nemesis","floor":40,"turns":7},{"damage":9,"enemies":"Writhing Mass","floor":41,"turns":6},{"damage":27,"enemies":"Spire Growth","floor":45,"turns":6},{"damage":4,"enemies":"Mind Bloom Boss Battle","floor":46,"turns":7},{"damage":12,"enemies":"Sphere and 2 Shapes","floor":48,"turns":8},{"damage":24,"enemies":"Donu and Deca","floor":50,"turns":7}],"seed_played":"7084904580865951919","potions_obtained":[{"floor":2,"key":"SpeedPotion"},{"floor":6,"key":"Ancient Potion"},{"floor":10,"key":"GamblersBrew"},{"floor":14,"key":"blueLaboratory:SavagePotion"},{"floor":18,"key":"SpeedPotion"},{"floor":24,"key":"blueLaboratory:SavagePotion"},{"floor":25,"key":"Block Potion"},{"floor":27,"key":"AttackPotion"},{"floor":31,"key":"PowerPotion"},{"floor":39,"key":"blueLaboratory:EnragingPotion"},{"floor":41,"key":"Fruit Juice"},{"floor":46,"key":"blueLaboratory:BottledHope"},{"floor":48,"key":"blueLaboratory:NullPotion"}],"is_trial":false,"path_per_floor":["M","M","M","?","M","E","$","?","T","E","R","M","?","E","R","B",null,"M","M","?","M","$","R","E","M","T","E","R","?","E","M","R","B",null,"M","M","$","M","M","E","M","R","T","$","M","?","R","M","R","B",null],"character_chosen":"THE_CASTER","items_purchased":["caster:GlacialShield","caster:Grimoire","PowerPotion","Fire Potion","Oddly Smooth Stone","Bronze Scales","caster:MagicWeapon","PowerPotion","Potion Belt","Fruit Juice","Energy Potion","caster:Incinerate","Swift Potion","blueLaboratory:ImpenetrablePotion"],"campfire_rested":5,"item_purchase_floors":[7,7,7,7,22,22,22,22,37,37,37,37,37,44],"current_hp_per_floor":[64,64,64,69,42,41,41,41,48,48,48,48,48,47,47,45,76,76,60,60,37,37,59,50,41,41,47,69,69,62,57,57,31,76,50,28,28,50,53,13,26,54,54,54,41,51,81,69,99,75],"gold":101,"neow_bonus":"BOSS_RELIC","is_daily":false,"chose_seed":false,"campfire_upgraded":3,"win_rate":0.0,"timestamp":1609450388,"path_taken":["M","M","M","?","M","E","$","?","T","E","R","M","?","E","R","BOSS","M","?","?","M","$","R","E","M","T","E","R","?","E","M","R","BOSS","M","M","$","M","M","E","M","R","T","?","M","?","R","M","R","BOSS"],"items_purchased_type":["Card","Card","Potion","Potion","Relic","Relic","Card","Potion","Relic","Potion","Potion","Card","Potion","Potion"],"build_version":"2020-12-22","purchased_purges":0,"victory":true,"max_hp_per_floor":[64,64,64,69,69,69,69,69,76,76,76,76,76,76,76,76,76,76,76,76,76,76,76,76,76,76,76,76,76,76,76,76,76,76,76,76,76,86,86,86,96,96,96,96,98,100,100,100,100,100],"card_choices":[{"not_picked":["caster:GlacialShield","caster:Illusion"],"picked":"caster:WallOfMirrors","floor":1},{"not_picked":["caster:Conflagrate","caster:Elementalize"],"picked":"caster:FireWall","floor":2},{"not_picked":["caster:Unearth","caster:MegaloSpark"],"picked":"caster:DiablosFlame","floor":3},{"not_picked":["caster:Enfeeble","caster:Sultry"],"picked":"caster:FrostDriver","floor":5},{"not_picked":["caster:Unearth","caster:DiamondDust"],"picked":"caster:Explosion","floor":6},{"not_picked":["caster:Fissure","caster:LightningBolt"],"picked":"caster:FlashFrost","floor":10},{"not_picked":["caster:MagicWeapon","caster:Illusion"],"picked":"caster:DiablosFlame","floor":12},{"not_picked":["caster:FlashFrost","caster:Ramuh"],"picked":"caster:Sleet","floor":14},{"not_picked":["caster:Explosion","caster:ManaOverflow"],"picked":"caster:StormGust","floor":16},{"not_picked":["caster:MagicResonance","caster:QuickCast+1"],"picked":"caster:MeteorStorm+1","floor":18},{"not_picked":["caster:GlacialShield","caster:FrostDriver"],"picked":"caster:MeteorStorm+1","floor":19},{"not_picked":["caster:LAZER","caster:WallOfRocks"],"picked":"caster:WallOfMirrors","floor":21},{"not_picked":["caster:LightningBolt+1","caster:Embers"],"picked":"caster:GlacialShield+1","floor":23},{"not_picked":["caster:DiamondDust","caster:Sandstorm"],"picked":"caster:Fireball","floor":24},{"not_picked":["caster:Fissure","caster:FlashFrost"],"picked":"caster:Grimoire+1","floor":25},{"not_picked":["caster:LightningBolt+1","caster:Sleet"],"picked":"caster:BookThrow+1","floor":27},{"not_picked":["caster:StaticField+1","caster:SpontaneousCombustion"],"picked":"caster:Tundra","floor":28},{"not_picked":["caster:GateOfBabylon","caster:FrigidBeam"],"picked":"caster:ShortenedChant+1","floor":30},{"not_picked":["caster:WallOfAsh+1","caster:Sandstorm"],"picked":"caster:MagicAttunement+1","floor":31},{"not_picked":["caster:SunGoddessAmaterasu+1","caster:StormGust"],"picked":"caster:ManaOverflow+1","floor":33},{"not_picked":["caster:PyroclasticTide","caster:Sandstorm+1"],"picked":"caster:Enfeeble+1","floor":35},{"not_picked":["caster:QuickCast+1","caster:Enfeeble+1"],"picked":"caster:FlashFrost","floor":36},{"not_picked":["caster:MagicResonance","caster:JupitelThunder+1"],"picked":"caster:MagicAttunement+1","floor":38},{"not_picked":["caster:BloodRitual","caster:QuickCast"],"picked":"caster:DiamondDust","floor":39},{"not_picked":["caster:GlacialShield","caster:FlashFrost+1"],"picked":"caster:Inferno+1","floor":40},{"not_picked":["caster:JupitelThunder","caster:FlashSpeed"],"picked":"caster:Enfeeble+1","floor":41},{"not_picked":["caster:Discharge","caster:Charge+1"],"picked":"caster:Grimoire+1","floor":42},{"not_picked":["caster:FrigidBeam+1","caster:MagicBarrier","caster:WallOfSwords"],"picked":"Singing Bowl","floor":45},{"not_picked":["caster:FrigidBeam","caster:LightningBolt+1","caster:MagicWeapon"],"picked":"Singing Bowl","floor":46},{"not_picked":["caster:Enfeeble","caster:MegaloSpark+1"],"picked":"caster:Grimoire+1","floor":47},{"not_picked":["caster:MegaloSpark","caster:BloodRitual"],"picked":"caster:FrostDriver+1","floor":48},{"not_picked":["caster:Enfeeble","caster:LAZER"],"picked":"caster:MagicBarrier+1","floor":49}],"player_experience":943168,"relics_obtained":[{"floor":6,"key":"Lantern"},{"floor":9,"key":"Strawberry"},{"floor":10,"key":"Meat on the Bone"},{"floor":14,"key":"TungstenRod"},{"floor":17,"key":"Dream Catcher"},{"floor":17,"key":"Frozen Egg 2"},{"floor":17,"key":"Old Coin"},{"floor":24,"key":"Ancient Tea Set"},{"floor":26,"key":"Pen Nib"},{"floor":27,"key":"Ornamental Fan"},{"floor":30,"key":"Smiling Mask"},{"floor":40,"key":"Art of War"},{"floor":43,"key":"Singing Bowl"},{"floor":46,"key":"Gambling Chip"}],"event_choices":[{"damage_healed":0,"gold_gain":0,"player_choice":"Donut","damage_taken":0,"max_hp_gain":5,"max_hp_loss":0,"event_name":"Big Fish","floor":4,"gold_loss":0},{"damage_healed":0,"gold_gain":0,"player_choice":"Upgraded","damage_taken":0,"max_hp_gain":0,"max_hp_loss":0,"event_name":"Upgrade Shrine","floor":13,"gold_loss":0,"cards_upgraded":["caster:Grimoire"]},{"damage_healed":0,"gold_gain":0,"player_choice":"Simplicity","damage_taken":0,"max_hp_gain":0,"max_hp_loss":0,"event_name":"Back to Basics","floor":20,"gold_loss":0,"cards_upgraded":["caster:strike","caster:strike","caster:strike","caster:strike","caster:defend","caster:defend","caster:defend","caster:defend","caster:defend"]},{"cards_removed":["caster:DivertFocus"],"damage_healed":0,"gold_gain":0,"player_choice":"Purged","damage_taken":0,"max_hp_gain":0,"max_hp_loss":0,"event_name":"Purifier","floor":29,"gold_loss":0},{"damage_healed":0,"gold_gain":0,"player_choice":"Fight","damage_taken":0,"max_hp_gain":0,"max_hp_loss":0,"event_name":"MindBloom","floor":46,"gold_loss":0}],"is_beta":false,"boss_relics":[{"not_picked":["Busted Crown","Coffee Dripper"],"picked":"Calling Bell"},{"not_picked":["Astrolabe","Pandora\u0027s Box"],"picked":"SlaversCollar"}],"items_purged_floors":[],"is_endless":false,"potions_floor_spawned":[2,6,10,14,18,24,25,27,31,39,41,46,48],"ascension_level":1}}