{"host":"bz6gkvdcavhdnmlv","time":1609443858,"event":{"mods":["2.2 Compatiblity","Aspiration","BaseMod","BetterRewards","Block Reminder","CCEM","Clawfect","Colored Map","Conspire","Downfall","Energized Spire","GifTheSpireLib","Googly Eyes","Halation","Highlight Path","Hubris","Infinite Spire","Minty Spire (QoL Compilation)","Permanent Neow","Quick Restart","Replay The Spire","Spicy Shops","StSLib","Stuff the Spire","SuperFastMode","The Construct","The IronCluck","Unceasing Turn Reminder","everything is the same but u backflip on backflip"],"gold_per_floor":[10115,10115,10115,10115,9918,9932,9949,9949,9973,9973,9822,9832,9857,9871,9871,9971,9971,9983,9983,9760,9772,9785,9785,9785],"floor_reached":23,"playtime":1153,"items_purged":[],"score":291,"play_id":"c5df1c0c-d1b1-4add-9b63-2856f069927e","local_time":"20201231144418","is_ascension_mode":false,"campfire_choices":[{"data":"construct:Autoturret","floor":8,"key":"SMITH"},{"floor":15,"key":"RECALL"}],"circlet_count":0,"master_deck":["construct:Strike_Gold","construct:Strike_Gold","construct:Strike_Gold","construct:Strike_Gold","construct:Strike_Gold","construct:Defend_Gold","construct:Defend_Gold","construct:Defend_Gold","construct:Defend_Gold","construct:Defend_Gold","construct:AttackMode","construct:DefenseMode","construct:Autoturret+1","construct:Autoturret","construct:Autoturret","construct:Autoturret","construct:PointDefense","construct:PointDefense","construct:ScopeCore","construct:BatteryCore","construct:Autoturret","construct:ReactiveShield+1"],"relics":["construct:Cogwheel","hubris:TenFootPole","Pear","Calipers","Ice Cream","TungstenRod","Anchor","Orichalcum","halation:BottledLove","Simple Rune","Ancient Tea Set","hubris:DeckOfHolding","Busted Crown","SsserpentHead","Potion Belt"],"acts_visited":["Exordium","TheCity"],"potions_floor_usage":[16,22,23,23],"damage_taken":[{"damage":5,"enemies":"Jaw Worm","floor":1,"turns":6},{"damage":0,"enemies":"Small Slimes","floor":6,"turns":7},{"damage":4,"enemies":"Cultist","floor":7,"turns":8},{"damage":0,"enemies":"3 Louse","floor":12,"turns":5},{"damage":4,"enemies":"Lagavulin","floor":13,"turns":11},{"damage":11,"enemies":"Exordium Wildlife","floor":14,"turns":8},{"damage":28,"enemies":"Slime Boss","floor":16,"turns":15},{"damage":4,"enemies":"3 Byrds","floor":18,"turns":7},{"damage":12,"enemies":"Shell Parasite","floor":21,"turns":8},{"damage":7,"enemies":"Snecko","floor":22,"turns":6},{"damage":76,"enemies":"Slavers","floor":23,"turns":4}],"seed_played":"-6916531490916002266","potions_obtained":[{"floor":6,"key":"Block Potion"},{"floor":7,"key":"Explosive Potion"},{"floor":12,"key":"Adrenaline Potion"},{"floor":22,"key":"Fire Potion"}],"is_trial":false,"path_per_floor":["M","?","?","?","$","M","M","R","T","?","$","M","E","M","R_BF","B",null,"M","?","$","M","M","E"],"character_chosen":"THE_CONSTRUCT_MOD","items_purchased":["construct:Autoturret","hubris:TenFootPole","Pear","construct:Autoturret","Simple Rune","construct:PointDefense","Ancient Tea Set","construct:Autoturret","Potion Belt"],"campfire_rested":0,"item_purchase_floors":[0,0,0,5,5,11,11,20,20],"current_hp_per_floor":[90,90,90,90,90,90,86,86,86,86,86,86,82,71,71,43,95,91,91,91,79,72,0,0],"gold":9785,"neow_bonus":"","is_daily":false,"chose_seed":false,"campfire_upgraded":1,"win_rate":0.0,"timestamp":1609443858,"path_taken":["M","?","?","?","$","M","?","R","T","?","?","M","E","M","R_BF","BOSS","M","?","$","M","M","E"],"items_purchased_type":["Card","Relic","Relic","Card","Relic","Card","Relic","Card","Relic"],"build_version":"2020-12-22","purchased_purges":0,"victory":false,"max_hp_per_floor":[95,95,95,95,95,95,95,95,95,95,95,95,95,95,95,95,95,95,95,95,95,95,95,95],"card_choices":[{"not_picked":["construct:OneWayMirror","construct:Versatility"],"picked":"construct:Autoturret","floor":1},{"not_picked":["construct:Isolate","construct:UnbalancingBlast"],"picked":"construct:Autoturret","floor":6},{"not_picked":["construct:ShiftStrike","construct:PowerUp","construct:Chainstrike"],"picked":"SKIP","floor":7},{"not_picked":["construct:Hazardproof","construct:ClusterMines","construct:ShiftGuard"],"picked":"SKIP","floor":12},{"not_picked":["construct:Backup","construct:SweepLaser"],"picked":"construct:PointDefense","floor":13},{"not_picked":["construct:CriticalHit","construct:Impenetrable"],"picked":"construct:ScopeCore","floor":14},{"not_picked":["construct:ClockworkEgg","construct:SpinDrive"],"picked":"construct:BatteryCore","floor":16},{"not_picked":["construct:SaveState"],"picked":"SKIP","floor":18},{"not_picked":[],"picked":"construct:ReactiveShield+1","floor":21},{"not_picked":["construct:SweepLaser"],"picked":"SKIP","floor":22}],"player_experience":214088,"relics_obtained":[{"floor":3,"key":"halation:BottledLove"},{"floor":13,"key":"hubris:DeckOfHolding"}],"event_choices":[{"damage_healed":0,"gold_gain":0,"player_choice":"Ignored","damage_taken":0,"max_hp_gain":0,"max_hp_loss":0,"event_name":"Golden Idol","floor":2,"gold_loss":0},{"damage_healed":0,"gold_gain":0,"player_choice":"0 cards matched","damage_taken":0,"max_hp_gain":0,"max_hp_loss":0,"event_name":"Match and Keep!","floor":4,"gold_loss":0,"cards_obtained":[]},{"damage_healed":0,"gold_gain":0,"player_choice":"Ignored","damage_taken":0,"max_hp_gain":0,"max_hp_loss":0,"event_name":"Golden Wing","floor":10,"gold_loss":0},{"damage_healed":0,"gold_gain":0,"player_choice":"Trade","damage_taken":0,"relics_obtained":["SsserpentHead"],"max_hp_gain":0,"max_hp_loss":0,"event_name":"FaceTrader","floor":19,"gold_loss":0}],"is_beta":false,"boss_relics":[{"not_picked":["hubris:Stopwatch","Sozu"],"picked":"Busted Crown"}],"items_purged_floors":[],"is_endless":false,"potions_floor_spawned":[6,7,12,22],"killed_by":"Slavers","ascension_level":0}}