{"host":"b0hh64pqctf46s8m","time":1609444754,"event":{"mods":["Act Like it!","Aspiration","BaseMod","Bestiary","Better Third Choice","CCEM","CapriCore","ChefMod","Conspire","Curses Come First","Displayed Cursed Tome","Dota2Spire","Downfall","Ekko","Elementarium","Evolution","Fireblade Mod","Halation","Hallownest","Hermit","Hubris","Infinite Spire","Jess\u0027s Bottle","JesterMod","Jorbs\u0027s Wanderer Trilogy","Koishi","Kratos Character Expansion","Lobotomy","Luminous","Mari Mod (Legacy)","Mari\u0027s V1 Patch","Menagerie","Mimic Mod","Minty Spire (QoL Compilation)","Pale of the Ancients","Permanent Neow","Pikachu Mod","QueenMod","Random Character Button","Relic Sorter","Relic Stats","Replay The Spire","Robot Space Explorer","Shade Mod","StSLib","The Blue Laboratory","The Caster","The Dragon Tamer","The Hayseed","The Immortal","The Marked","TheLocksmith","TheSwordswoman","TheVacant","TheWitcher","Treasure Hunter","UnlockEverythingMod","Wandering Minibosses","vexMod","??????REMEMod"],"gold_per_floor":[99,99,99,39,53,53,53,72,72,72,72,87,87,12,12,110,110,125,125,125,142,42,68,68,68,68,83,83,83,83],"floor_reached":29,"playtime":1139,"items_purged":["QueenMod:Strike","QueenMod:Strike"],"score":241,"play_id":"45723d00-01bb-404a-a9b0-f2f8043ad69e","local_time":"20201231115914","is_ascension_mode":false,"campfire_choices":[{"data":"QueenMod:Ravage","floor":7,"key":"SMITH"},{"data":"QueenMod:Gather","floor":10,"key":"SMITH"},{"data":"QueenMod:SwarmingStrike","floor":13,"key":"SMITH"},{"data":"QueenMod:Recruit","floor":15,"key":"SMITH"},{"floor":24,"key":"REST"},{"data":"QueenMod:QuickJabs","floor":25,"key":"SMITH"}],"circlet_count":0,"master_deck":["QueenMod:Defend","QueenMod:Defend","QueenMod:Defend","QueenMod:Defend","QueenMod:QuickJabs+1","QueenMod:Recruit+1","QueenMod:Parry+1","QueenMod:InspiringStrike+1","BigBird","QueenMod:SwarmingStrike+1","QueenMod:Ravage+1","QueenMod:Gather+1","QueenMod:HoneycombSmash+1","TH:TreasureMap"],"relics":["QueenMod:QueensBanner","halation:VictoryRuler","EVO:Axolotl","REME_ComplimentaryCards","CogitoBucket","FossilizedHelix","ReplayTheSpireMod:TigerMarble","Hallownest:DreamNailRelic","Snecko Heart","BehaviorAdjustment","halation:QuantumPhysicsTextbook"],"acts_visited":["Hallownest:Greenpath","TheCity"],"potions_floor_usage":[29,29,29,29],"damage_taken":[{"damage":1,"enemies":"2_ Uuma","floor":1,"turns":6},{"damage":0,"enemies":"Hallownest:2_MossCreeps","floor":5,"turns":4},{"damage":21,"enemies":"Hallownest:eliteVengeflyKing","floor":6,"turns":7},{"damage":0,"enemies":"Hallownest:2_Tiktiks_and_1_Crawlid","floor":8,"turns":1},{"damage":0,"enemies":"Hallownest:monsterAspidMother","floor":12,"turns":2},{"damage":24,"enemies":"Hallownest:BossFalseKnight","floor":16,"turns":9},{"damage":14,"enemies":"Chosen","floor":18,"turns":2},{"damage":0,"enemies":"Spheric Guardian","floor":21,"turns":1},{"damage":41,"enemies":"Nightmare","floor":23,"turns":7},{"damage":0,"enemies":"Centurion and Healer","floor":27,"turns":6},{"damage":13,"enemies":"conspire:HollyBat","floor":28,"turns":5},{"damage":31,"enemies":"Book of Stabbing","floor":29,"turns":4}],"seed_played":"5902152855718026620","potions_obtained":[{"floor":5,"key":"Energy Potion"},{"floor":6,"key":"GamblersBrew"},{"floor":8,"key":"ColorlessPotion"}],"is_trial":false,"path_per_floor":["M","?","?","$","M","E","R","M","T","R","?","M","R","$","R","B",null,"M","?","?","M","$","NM","R","R","T","M","M","E"],"character_chosen":"THE_QUEEN","items_purchased":["QueenMod:InspiringStrike+1"],"campfire_rested":1,"item_purchase_floors":[4],"current_hp_per_floor":[74,74,74,74,74,53,53,53,53,53,53,53,53,53,53,29,75,61,61,61,61,61,20,42,42,42,42,29,0,0],"gold":83,"neow_bonus":"","is_daily":false,"chose_seed":false,"campfire_upgraded":5,"win_rate":0.0,"timestamp":1609444754,"path_taken":["M","?","?","$","M","E","R","M","T","R","?","?","R","$","R","BOSS","M","?","?","?","$","NM","R","R","T","M","M","E"],"items_purchased_type":["Card"],"build_version":"2020-12-22","purchased_purges":2,"victory":false,"max_hp_per_floor":[75,75,75,75,75,75,75,75,75,75,75,75,75,75,75,75,75,75,75,75,75,75,75,75,75,75,75,75,75,75],"relic_stats":{"counters":[13,55],"obtain_stats":[{"CogitoBucket":0,"Snecko Heart":17,"halation:QuantumPhysicsTextbook":23,"QueenMod:QueensBanner":0,"halation:VictoryRuler":26,"BehaviorAdjustment":18,"ReplayTheSpireMod:TigerMarble":9,"Hallownest:DreamNailRelic":11,"EVO:Axolotl":0,"FossilizedHelix":6,"REME_ComplimentaryCards":0},{"CogitoBucket":0,"Snecko Heart":6,"halation:QuantumPhysicsTextbook":10,"QueenMod:QueensBanner":0,"halation:VictoryRuler":10,"BehaviorAdjustment":8,"ReplayTheSpireMod:TigerMarble":4,"Hallownest:DreamNailRelic":4,"EVO:Axolotl":0,"FossilizedHelix":3,"REME_ComplimentaryCards":0},{"CogitoBucket":0,"Snecko Heart":29,"halation:QuantumPhysicsTextbook":40,"QueenMod:QueensBanner":0,"halation:VictoryRuler":40,"BehaviorAdjustment":32,"ReplayTheSpireMod:TigerMarble":18,"Hallownest:DreamNailRelic":18,"EVO:Axolotl":0,"FossilizedHelix":17,"REME_ComplimentaryCards":0}]},"card_choices":[{"not_picked":["QueenMod:Ravage","QueenMod:Gather"],"picked":"QueenMod:Parry","floor":1},{"not_picked":["Bloodbath","WallGazer"],"picked":"BigBird","floor":5},{"not_picked":["QueenMod:Fleche","QueenMod:Incubate"],"picked":"QueenMod:SwarmingStrike","floor":5},{"not_picked":["TH:PixieDust","TH:ElvenBoots"],"picked":"SKIP","floor":6},{"not_picked":["QueenMod:Ravage","QueenMod:DefendOrder","QueenMod:ScoutingParty"],"picked":"SKIP","floor":6},{"not_picked":["QueenMod:DefendOrder","QueenMod:ScoutingParty"],"picked":"QueenMod:Ravage","floor":6},{"not_picked":["TH:PixieDust","TH:ElvenBoots"],"picked":"SKIP","floor":6},{"not_picked":["QueenMod:Honeyblaster","QueenMod:HexGuard"],"picked":"QueenMod:Gather","floor":8},{"not_picked":["TH:CopperCoins","TH:DeckOfManyThings"],"picked":"SKIP","floor":9},{"not_picked":["TH:CopperCoins","TH:DeckOfManyThings"],"picked":"SKIP","floor":9},{"not_picked":["QueenMod:Advisor","QueenMod:Parry","QueenMod:SplitStrike"],"picked":"SKIP","floor":12},{"not_picked":["QueenMod:Rally","QueenMod:Regroup"],"picked":"QueenMod:HoneycombSmash+1","floor":18},{"not_picked":["QueenMod:Fleche","QueenMod:SplitStrike+1","QueenMod:ProtectQueen"],"picked":"SKIP","floor":21},{"not_picked":["TH:ElvenBoots","TH:PixieDust"],"picked":"SKIP","floor":23},{"not_picked":["QueenMod:SwarmTactics","QueenMod:AttackOrder","QueenMod:SplitStrike"],"picked":"SKIP","floor":23},{"not_picked":["TH:CopperCoins"],"picked":"TH:TreasureMap","floor":26},{"not_picked":["QueenMod:Rally","QueenMod:Conscripts","QueenMod:Beekeeping+1"],"picked":"SKIP","floor":27},{"not_picked":["QueenMod:CrossGuard+1","QueenMod:StrategicGenius","QueenMod:BusyBees"],"picked":"SKIP","floor":28}],"player_experience":1477621,"relics_obtained":[{"floor":6,"key":"FossilizedHelix"},{"floor":9,"key":"ReplayTheSpireMod:TigerMarble"},{"floor":23,"key":"halation:QuantumPhysicsTextbook"},{"floor":26,"key":"halation:VictoryRuler"}],"event_choices":[],"is_beta":false,"boss_relics":[{"not_picked":["Black Star","vexMod:ImprovementManual"],"picked":"Snecko Heart"}],"items_purged_floors":[14,22],"is_endless":false,"potions_floor_spawned":[5,6,8,16,18,28],"killed_by":"Book of Stabbing","ascension_level":0}}