{"host":"96bpdudduaq3ttpf","time":1609381026,"event":{"mods":["2.2 Compatiblity","Act Like it!","Astrologer","Bard","Bartender","BaseMod","CapriCore","Challenge The Spire","Chen","Downfall","Elementarium","Energized Spire","Friendly Minions","Gensokyo","GifTheSpireLib","Hallownest","Hermit","Jorbs\u0027s Wanderer Trilogy","KinomotoSakuraMod(????)","Koishi","KomeijiMod","Mari Mod (Legacy)","Mari\u0027s V1 Patch","Marisa????????","Mimic Mod","Minty Spire (QoL Compilation)","Prisma Mod","Quick Restart","Remilia??????","Replay The Spire","Robot Space Explorer","Shade Mod","StSLib","Td1madao Mod","The Administrix","The Bladedancer","The Bug Knight","The Construct","The Cursed","The Factory","The Forsaken","The Gatherer","The Hierophant","The Immortal","The IronCluck","The Jungle","The Marked","The Mystic","The Necromancer","The Runesmith","The Senshi","The Servant 0.9.4","Wandering Minibosses","WarShipGirlsR/????R mod","Yohane!","Yuyuko"],"gold_per_floor":[571,86,120,155,183,183,183,14,48,76,103,103,103,31,57,89,118,152],"floor_reached":19,"playtime":963,"items_purged":[],"score":370,"play_id":"6fecda7a-9b9f-4adb-badd-2d37c9d6dccb","local_time":"20201230191706","daily_mods":["challengethespire:Bronze Difficulty","challengethespire:Elite Rush","Uncertain Future"],"is_ascension_mode":false,"campfire_choices":[{"floor":7,"key":"REST"},{"floor":13,"key":"REST"}],"circlet_count":0,"master_deck":["Strike_Bartender","Strike_Bartender+1","Strike_Bartender","Strike_Bartender","Defend_Bartender","Defend_Bartender","Defend_Bartender","Defend_Bartender","Somersault+1","Apotheosis+1","Raptor_Form+1","Bitters","Butterfly_Float+1","Pot Of Greed","Pot Of Greed+1","Training_Dummy+1","Ripple+1","Free_Pour+1","Momentum","Meteodrive","Well_Drinks+1","Breathe_Deep","Glare+1"],"relics":["Sneakers","Black Star","Sling","PreservedInsect","Runesmith:Nanobots","HollowMod:StagPassRelic","champ:Barbells","champ:DuelingGlove","Regal Pillow","Whetstone","FossilizedHelix","Grinning Jar","Toxic Egg 2","Sozu","Membership Card","Runesmith:AutoHammer","Pen Nib","HollowMod:PaleOreRelic","HollowMod:QueensCombRelic","Unceasing Top","Strawberry","Fusion Hammer","Guide Book","Bronze Scales","Vajra","ReplayTheSpireMod:Shallot","Shuriken","ReplayTheSpireMod:Lightbulb","Meat on the Bone","Anchor","Bag of Preparation"],"acts_visited":["Exordium"],"potions_floor_usage":[],"damage_taken":[{"damage":2,"enemies":"Gremlin Nob","floor":3,"turns":3},{"damage":18,"enemies":"Lagavulin","floor":4,"turns":3},{"damage":14,"enemies":"3 Sentries","floor":5,"turns":4},{"damage":6,"enemies":"Book of Stabbing","floor":9,"turns":2},{"damage":21,"enemies":"Slavers","floor":10,"turns":4},{"damage":9,"enemies":"Gremlin Leader","floor":11,"turns":3},{"damage":0,"enemies":"Nemesis","floor":15,"turns":4},{"damage":9,"enemies":"Reptomancer","floor":16,"turns":2},{"damage":0,"enemies":"Giant Head","floor":17,"turns":4},{"damage":10,"enemies":"Shield and Spear","floor":18,"turns":3}],"seed_played":"936890098663916233","potions_obtained":[{"floor":3,"key":"construct:ShiftPotion"},{"floor":4,"key":"CalmPotion"}],"is_trial":true,"path_per_floor":["$","$","E","E","E","T","R","$","E","E","E","T","R","$","E","E","E","E",null],"character_chosen":"BARTENDER","items_purchased":["Runesmith:Nanobots","Apotheosis","HollowMod:StagPassRelic","Raptor_Form","champ:Barbells","Membership Card","Ripple+1","Guide Book"],"campfire_rested":2,"item_purchase_floors":[1,1,2,2,2,8,8,14],"current_hp_per_floor":[70,70,68,50,36,36,70,70,64,43,44,44,53,53,53,44,53,43],"gold":152,"neow_bonus":"","is_daily":false,"chose_seed":false,"campfire_upgraded":0,"win_rate":0.0,"timestamp":1609381026,"path_taken":["$","$","E","E","E","T","R","$","E","E","E","T","R","$","E","E","E","E"],"items_purchased_type":["Relic","Card","Relic","Card","Relic","Relic","Card","Relic"],"build_version":"2020-12-22","purchased_purges":0,"victory":true,"max_hp_per_floor":[70,70,70,70,70,70,70,70,70,46,53,53,53,53,53,53,53,53],"card_choices":[],"player_experience":765467,"relics_obtained":[{"floor":3,"key":"champ:DuelingGlove"},{"floor":3,"key":"Regal Pillow"},{"floor":4,"key":"Whetstone"},{"floor":4,"key":"FossilizedHelix"},{"floor":5,"key":"Grinning Jar"},{"floor":5,"key":"Toxic Egg 2"},{"floor":9,"key":"Runesmith:AutoHammer"},{"floor":9,"key":"Pen Nib"},{"floor":10,"key":"HollowMod:PaleOreRelic"},{"floor":10,"key":"HollowMod:QueensCombRelic"},{"floor":11,"key":"Unceasing Top"},{"floor":11,"key":"Strawberry"},{"floor":15,"key":"Bronze Scales"},{"floor":15,"key":"Vajra"},{"floor":16,"key":"ReplayTheSpireMod:Shallot"},{"floor":16,"key":"Shuriken"},{"floor":17,"key":"ReplayTheSpireMod:Lightbulb"},{"floor":17,"key":"Meat on the Bone"},{"floor":18,"key":"Anchor"},{"floor":18,"key":"Bag of Preparation"}],"event_choices":[],"is_beta":false,"boss_relics":[{"not_picked":["Pandora\u0027s Box","Replay:Wanted Poster"],"picked":"Sozu"},{"not_picked":["Cursed Key","energizedSpire:MagnifyingGlass"],"picked":"Fusion Hammer"}],"items_purged_floors":[],"is_endless":false,"potions_floor_spawned":[3,4,15,16,17],"ascension_level":0}}