{"host":"6b00v7211em4ihns","time":1609418900,"event":{"mods":["BaseMod","Bestiary","Better Match","Minty Spire (QoL Compilation)","Relic Stats","Spicy Shops","StSLib"],"gold_per_floor":[117,117,136,146,162,162,194,194,221,221,221,256,270,282,282,361,361,374,394,309,326,326,326,338,371,394,394,407,12,25,45,45,119,169,180,195,195,195,213,238,238,252,252,280,280,300,331,342,342,342,342],"floor_reached":50,"playtime":16440,"items_purged":["Pain","Strike_G+1"],"score":1176,"play_id":"8129808d-6415-49b7-aa81-534e919de825","local_time":"20201231124820","daily_mods":["Red Cards"],"is_ascension_mode":true,"campfire_choices":[{"data":"Flechettes","floor":6,"key":"SMITH"},{"data":"Corruption","floor":8,"key":"SMITH"},{"floor":10,"key":"REST"},{"data":"Corpse Explosion","floor":15,"key":"SMITH"},{"floor":23,"key":"REST"},{"floor":27,"key":"REST"},{"floor":32,"key":"REST"},{"floor":41,"key":"REST"},{"floor":49,"key":"RECALL"}],"circlet_count":0,"master_deck":["AscendersBane","Strike_G+1","Strike_G+1","Strike_G+1","Defend_G+1","Defend_G+1","Defend_G+1","Defend_G+1","Defend_G+1","Survivor","Neutralize","Dagger Spray+1","Corpse Explosion+1","Flechettes+1","Pommel Strike","Corruption+1","Caltrops","Adrenaline","Predator","Outmaneuver+1","Immolate","Deadly Poison","Leg Sweep","Shrug It Off","Inflame","Juggernaut+1","Noxious Fumes+1","Dash+1","Feel No Pain","Intimidate+1","Uppercut","Caltrops+1"],"relics":["Ring of the Snake","War Paint","Ancient Tea Set","MealTicket","Snecko Eye","Ice Cream","Bottled Flame","Happy Flower","OrangePellets","Tiny House","Thread and Needle","Dead Branch","Prayer Wheel"],"acts_visited":["Exordium","TheCity","TheBeyond"],"potions_floor_usage":[7,12,16,18,25,33,33,42,44,50],"damage_taken":[{"damage":0,"enemies":"2 Louse","floor":1,"turns":2},{"damage":0,"enemies":"Cultist","floor":3,"turns":3},{"damage":1,"enemies":"Jaw Worm","floor":4,"turns":4},{"damage":1,"enemies":"3 Louse","floor":5,"turns":3},{"damage":26,"enemies":"Gremlin Nob","floor":7,"turns":4},{"damage":0,"enemies":"3 Sentries","floor":12,"turns":2},{"damage":8,"enemies":"Looter","floor":13,"turns":4},{"damage":0,"enemies":"2 Fungi Beasts","floor":14,"turns":4},{"damage":29,"enemies":"The Guardian","floor":16,"turns":11},{"damage":18,"enemies":"2 Thieves","floor":18,"turns":3},{"damage":13,"enemies":"Chosen","floor":19,"turns":4},{"damage":0,"enemies":"3 Cultists","floor":21,"turns":2},{"damage":11,"enemies":"Sentry and Sphere","floor":24,"turns":3},{"damage":21,"enemies":"Gremlin Leader","floor":25,"turns":4},{"damage":0,"enemies":"Snake Plant","floor":28,"turns":4},{"damage":9,"enemies":"Centurion and Healer","floor":30,"turns":3},{"damage":1,"enemies":"Chosen and Byrds","floor":31,"turns":4},{"damage":21,"enemies":"Champ","floor":33,"turns":11},{"damage":6,"enemies":"3 Shapes","floor":35,"turns":3},{"damage":5,"enemies":"Orb Walker","floor":36,"turns":4},{"damage":13,"enemies":"4 Shapes","floor":39,"turns":4},{"damage":0,"enemies":"Mind Bloom Boss Battle","floor":40,"turns":6},{"damage":8,"enemies":"Jaw Worm Horde","floor":42,"turns":2},{"damage":14,"enemies":"Nemesis","floor":44,"turns":7},{"damage":6,"enemies":"Spire Growth","floor":46,"turns":4},{"damage":7,"enemies":"Giant Head","floor":47,"turns":6},{"damage":0,"enemies":"Maw","floor":48,"turns":5},{"damage":54,"enemies":"Awakened One","floor":50,"turns":14}],"seed_played":"-2811686002707698100","potions_obtained":[{"floor":1,"key":"GamblersBrew"},{"floor":11,"key":"PowerPotion"},{"floor":11,"key":"EntropicBrew"},{"floor":12,"key":"Strength Potion"},{"floor":19,"key":"FairyPotion"},{"floor":33,"key":"DuplicationPotion"},{"floor":40,"key":"SteroidPotion"},{"floor":42,"key":"ColorlessPotion"},{"floor":47,"key":"Poison Potion"}],"is_trial":true,"path_per_floor":["M","?","M","M","M","R","E","R","T","R","?","E","M","M","R","B",null,"M","M","?","M","?","R","M","E","T","R","M","$","M","M","R","B",null,"M","M","?","?","M","?","R","M","T","E","?","M","E","M","R","B"],"character_chosen":"THE_SILENT","items_purchased":["OrangePellets","DuplicationPotion"],"campfire_rested":5,"item_purchase_floors":[29,29],"current_hp_per_floor":[59,59,59,58,57,57,31,31,31,50,50,50,42,42,42,13,53,35,22,22,22,22,41,30,9,9,28,28,43,34,33,52,31,62,56,51,51,51,38,38,58,50,50,36,36,30,23,23,23,0,0],"gold":342,"neow_bonus":"","is_daily":false,"chose_seed":false,"campfire_upgraded":3,"win_rate":0.0,"timestamp":1609418900,"path_taken":["M","?","M","M","M","R","E","R","T","R","?","E","M","M","R","BOSS","M","?","?","M","?","R","M","E","T","R","M","$","M","M","R","BOSS","M","M","?","?","M","?","R","M","T","E","?","M","E","M","R","BOSS"],"items_purchased_type":["Relic","Potion"],"build_version":"2020-12-22","purchased_purges":2,"victory":false,"max_hp_per_floor":[66,66,66,66,66,66,66,66,66,66,66,66,66,66,66,66,66,66,66,66,66,66,66,66,66,66,66,66,66,66,66,66,66,71,71,71,71,67,67,67,67,67,67,67,67,67,67,67,67,67,67],"relic_stats":{"OrangePellets":[20],"Happy Flower":[25],"counters":[28,130],"Dead Branch":[61],"Snecko Eye":[115,118,104,98],"MealTicket":15,"Prayer Wheel":1,"War Paint":["Defend_G","Defend_G"],"obtain_stats":[{"Ice Cream":20,"Tiny House":34,"Happy Flower":26,"Dead Branch":44,"Thread and Needle":40,"War Paint":7,"Ancient Tea Set":9,"OrangePellets":29,"Bottled Flame":25,"Snecko Eye":17,"MealTicket":12,"Prayer Wheel":47,"Ring of the Snake":0},{"Ice Cream":11,"Tiny House":18,"Happy Flower":14,"Dead Branch":24,"Thread and Needle":22,"War Paint":5,"Ancient Tea Set":5,"OrangePellets":15,"Bottled Flame":14,"Snecko Eye":9,"MealTicket":6,"Prayer Wheel":26,"Ring of the Snake":0},{"Ice Cream":44,"Tiny House":75,"Happy Flower":53,"Dead Branch":101,"Thread and Needle":92,"War Paint":16,"Ancient Tea Set":16,"OrangePellets":57,"Bottled Flame":53,"Snecko Eye":37,"MealTicket":18,"Prayer Wheel":111,"Ring of the Snake":0}],"Ring of the Snake":[56]},"card_choices":[{"not_picked":["Disarm","Twin Strike"],"picked":"Dagger Spray","floor":1},{"not_picked":["Iron Wave","Clothesline"],"picked":"Corpse Explosion","floor":3},{"not_picked":["Warcry","Second Wind"],"picked":"Flechettes","floor":4},{"not_picked":["Outmaneuver","Combust"],"picked":"Pommel Strike","floor":5},{"not_picked":["Cleave","Sentinel"],"picked":"Corruption","floor":7},{"not_picked":["Prepared","Havoc"],"picked":"Caltrops","floor":12},{"not_picked":["Clash","Dodge and Roll","Whirlwind"],"picked":"SKIP","floor":13},{"not_picked":["Iron Wave","Havoc","Outmaneuver"],"picked":"SKIP","floor":14},{"not_picked":["Corruption","Bludgeon"],"picked":"Adrenaline","floor":16},{"not_picked":["Slice","Rupture"],"picked":"Predator","floor":18},{"not_picked":["Bane","Warcry"],"picked":"Outmaneuver+1","floor":19},{"not_picked":["Distraction","Riddle With Holes"],"picked":"Immolate","floor":21},{"not_picked":["Deflect","Infernal Blade"],"picked":"Deadly Poison","floor":24},{"not_picked":["Iron Wave","True Grit"],"picked":"Leg Sweep","floor":25},{"not_picked":["Iron Wave","Dagger Throw"],"picked":"Shrug It Off","floor":28},{"not_picked":["Headbutt","Sever Soul","Rampage"],"picked":"SKIP","floor":30},{"not_picked":["Twin Strike","Flying Knee"],"picked":"Inflame","floor":31},{"not_picked":["Grand Finale","Limit Break"],"picked":"Juggernaut","floor":33},{"not_picked":["Underhanded Strike","Deflect+1"],"picked":"Noxious Fumes+1","floor":35},{"not_picked":["Havoc","Blur"],"picked":"Dash+1","floor":36},{"not_picked":["Flechettes+1","Iron Wave","Carnage"],"picked":"SKIP","floor":39},{"not_picked":["All Out Attack+1","Endless Agony"],"picked":"Feel No Pain","floor":42},{"not_picked":["Ghostly Armor","Cloak And Dagger+1","Rage"],"picked":"SKIP","floor":44},{"not_picked":["Warcry","Cleave"],"picked":"Intimidate+1","floor":46},{"not_picked":["Combust","Deadly Poison","Masterful Stab"],"picked":"SKIP","floor":47},{"not_picked":["Armaments","Infinite Blades+1"],"picked":"Uppercut","floor":48},{"not_picked":["Dropkick","Carnage"],"picked":"Caltrops+1","floor":48}],"player_experience":2460157,"relics_obtained":[{"floor":7,"key":"War Paint"},{"floor":9,"key":"Ancient Tea Set"},{"floor":12,"key":"MealTicket"},{"floor":25,"key":"Bottled Flame"},{"floor":26,"key":"Happy Flower"},{"floor":40,"key":"Thread and Needle"},{"floor":44,"key":"Dead Branch"},{"floor":47,"key":"Prayer Wheel"}],"event_choices":[{"damage_healed":0,"gold_gain":0,"player_choice":"Grow","damage_taken":0,"max_hp_gain":0,"max_hp_loss":0,"event_name":"Living Wall","floor":2,"gold_loss":0,"cards_upgraded":["Dagger Spray"]},{"damage_healed":0,"gold_gain":0,"player_choice":"Got Potions","damage_taken":0,"max_hp_gain":0,"max_hp_loss":0,"event_name":"Lab","floor":11,"gold_loss":0},{"damage_healed":0,"gold_gain":0,"player_choice":"Obtained Relic","damage_taken":0,"relics_obtained":["Ice Cream"],"max_hp_gain":0,"max_hp_loss":0,"event_name":"Addict","floor":20,"gold_loss":85},{"damage_healed":0,"gold_gain":0,"player_choice":"Simplicity","damage_taken":0,"max_hp_gain":0,"max_hp_loss":0,"event_name":"Back to Basics","floor":22,"gold_loss":0,"cards_upgraded":["Strike_G","Strike_G","Strike_G","Strike_G","Strike_G","Defend_G","Defend_G","Defend_G"]},{"cards_removed":["Strike_G"],"damage_healed":0,"gold_gain":0,"player_choice":"Removed Attack","damage_taken":0,"max_hp_gain":0,"max_hp_loss":0,"event_name":"Falling","floor":37,"gold_loss":0},{"damage_healed":0,"gold_gain":0,"player_choice":"Max HP","damage_taken":0,"max_hp_gain":0,"max_hp_loss":4,"event_name":"Winding Halls","floor":38,"gold_loss":0},{"damage_healed":0,"gold_gain":0,"player_choice":"Fight","damage_taken":0,"max_hp_gain":0,"max_hp_loss":0,"event_name":"MindBloom","floor":40,"gold_loss":0},{"damage_healed":0,"gold_gain":0,"player_choice":"Ignored","damage_taken":0,"max_hp_gain":0,"max_hp_loss":0,"event_name":"Tomb of Lord Red Mask","floor":45,"gold_loss":0}],"is_beta":false,"boss_relics":[{"not_picked":["HoveringKite","SlaversCollar"],"picked":"Snecko Eye"},{"not_picked":["Velvet Choker","Coffee Dripper"],"picked":"Tiny House"}],"items_purged_floors":[29,29],"is_endless":false,"potions_floor_spawned":[1,12,13,14,19,21,33,36,40,42,47,48],"killed_by":"Awakened One","ascension_level":20}}