{"host":"fdzt26oh6i4vaxrk","time":1609458344,"event":{"mods":["BaseMod","Colored Map","Minty Spire (QoL Compilation)"],"gold_per_floor":[209,229,241,48,60,60,90,116,190,205,205,205,205,241,241,337,337,355,93,93,93],"floor_reached":20,"playtime":16857,"items_purged":["Strike_B"],"score":371,"play_id":"239dfd0d-b3d7-410d-93b4-0eed801c06dc","local_time":"20210101004544","is_ascension_mode":true,"campfire_choices":[{"floor":6.0,"key":"REST"},{"floor":11.0,"key":"REST"},{"data":"Defragment","floor":13.0,"key":"SMITH"},{"floor":15.0,"key":"REST"}],"circlet_count":0,"master_deck":["AscendersBane","Strike_B","Strike_B","Strike_B","Defend_B","Defend_B","Defend_B","Defend_B","Zap","Dualcast","Compile Driver","Sweeping Beam","Conserve Battery","Chaos","Defragment+1","Leap","Leap","Static Discharge","Steam","Buffer","Creative AI","Leap","Self Repair","Leap"],"relics":["Cracked Core","Emotion Chip","Omamori","Golden Idol","Bottled Tornado","Inserter"],"acts_visited":["Exordium","TheCity"],"potions_floor_usage":[20],"damage_taken":[{"damage":2.0,"enemies":"Jaw Worm","floor":1.0,"turns":4.0},{"damage":2.0,"enemies":"2 Louse","floor":2.0,"turns":3.0},{"damage":5.0,"enemies":"Small Slimes","floor":3.0,"turns":2.0},{"damage":15.0,"enemies":"Gremlin Gang","floor":5.0,"turns":4.0},{"damage":17.0,"enemies":"Lagavulin","floor":8.0,"turns":6.0},{"damage":17.0,"enemies":"Large Slime","floor":10.0,"turns":5.0},{"damage":45.0,"enemies":"Gremlin Nob","floor":14.0,"turns":5.0},{"damage":7.0,"enemies":"The Guardian","floor":16.0,"turns":10.0},{"damage":42,"enemies":"Shell Parasite","floor":18,"turns":6},{"damage":35,"enemies":"Spheric Guardian","floor":20,"turns":5}],"seed_played":"-6471425492278698507","potions_obtained":[{"floor":2.0,"key":"LiquidMemories"},{"floor":14.0,"key":"Fire Potion"},{"floor":16.0,"key":"Explosive Potion"}],"is_trial":false,"path_per_floor":["M","M","M","$","M","R","?","E","T","M","R","?","R","E","R","B",null,"M","$","M"],"character_chosen":"DEFECT","items_purchased":["Chaos","Defragment","Leap","Self Repair","Leap","Regen Potion"],"campfire_rested":3,"item_purchase_floors":[4,4,4,19,19,19],"current_hp_per_floor":[62,60,55,55,40,61,61,44,44,27,48,48,48,3,24,17,58,16,16,0,0],"gold":93,"neow_bonus":"HUNDRED_GOLD","is_daily":false,"chose_seed":false,"campfire_upgraded":1,"win_rate":0.0,"timestamp":1609458344,"path_taken":["M","M","M","$","M","R","?","E","T","M","R","?","R","E","R","BOSS","M","$","M"],"items_purchased_type":["Card","Card","Card","Card","Card","Potion"],"build_version":"2020-12-22","purchased_purges":1,"victory":false,"max_hp_per_floor":[71,71,71,71,71,71,71,71,71,71,71,71,71,71,71,71,71,71,71,71,71],"card_choices":[{"not_picked":["Coolheaded","Gash"],"picked":"Compile Driver","floor":1.0},{"not_picked":["Barrage","Steam Power"],"picked":"Sweeping Beam","floor":2.0},{"not_picked":["Gash","Coolheaded"],"picked":"Conserve Battery","floor":3.0},{"not_picked":["Heatsinks","Redo"],"picked":"Leap","floor":5.0},{"not_picked":["FTL","Genetic Algorithm"],"picked":"Static Discharge","floor":8.0},{"not_picked":["Streamline","Cold Snap"],"picked":"Steam","floor":10.0},{"not_picked":["Ball Lightning","Conserve Battery"],"picked":"Buffer","floor":14.0},{"not_picked":["Reboot","Multi-Cast"],"picked":"Creative AI","floor":16.0},{"not_picked":["Barrage","Compile Driver+1"],"picked":"Leap","floor":18}],"player_experience":550546,"relics_obtained":[{"floor":8.0,"key":"Omamori"},{"floor":14.0,"key":"Bottled Tornado"}],"event_choices":[{"damage_healed":0.0,"max_hp_gain":0.0,"max_hp_loss":0.0,"gold_gain":30.0,"event_name":"Dead Adventurer","player_choice":"Searched \u00273\u0027 times","floor":7.0,"gold_loss":0.0,"damage_taken":0.0,"relics_obtained":["Emotion Chip"]},{"damage_healed":0.0,"max_hp_gain":0.0,"max_hp_loss":0.0,"gold_gain":0.0,"event_name":"Golden Idol","player_choice":"Take Wound","floor":12.0,"gold_loss":0.0,"damage_taken":0.0,"relics_obtained":["Golden Idol"],"cards_obtained":["Injury"]}],"is_beta":false,"boss_relics":[{"not_picked":["Velvet Choker","Pandora\u0027s Box"],"picked":"Inserter"}],"items_purged_floors":[19],"is_endless":false,"potions_floor_spawned":[2,14,16],"killed_by":"Spheric Guardian","ascension_level":18}}