{"host":"qg7fj05lalo09o61","time":1609421310,"event":{"mods":["Act Like it!","Always Whale","BaseMod","CapriCore","Gensokyo","Minty Spire (QoL Compilation)","StSLib","The Administrix"],"gold_per_floor":[114,114,24,35,51,78,78,112,112,112,143,158,158,158,158,255,255,275,285,45,55,155,155,185,185,185,219,219,219,219,234,234,336,336,346,364,382,382,400,431,431,466,542,554,102,130,30,58,58,58],"floor_reached":51,"playtime":6652,"items_purged":["Parasite","AdministrixMod:Strike_Administrix"],"score":1194,"play_id":"a461dfaf-788d-42ec-b06d-d88afad84df7","local_time":"20201231162830","is_ascension_mode":true,"campfire_choices":[{"data":"AdministrixMod:ChooseYourEnd","floor":7,"key":"SMITH"},{"data":"AdministrixMod:SyncreticSurge","floor":13,"key":"SMITH"},{"data":"AdministrixMod:PassageOfAges","floor":15,"key":"SMITH"},{"floor":23,"key":"DIG"},{"floor":25,"key":"DIG"},{"floor":28,"key":"DIG"},{"floor":30,"key":"DIG"},{"floor":32,"key":"DIG"},{"floor":41,"key":"DIG"},{"floor":44,"key":"DIG"},{"floor":49,"key":"DIG"}],"circlet_count":0,"master_deck":["AdministrixMod:Strike_Administrix","AdministrixMod:Strike_Administrix","AdministrixMod:Defend_Administrix","AdministrixMod:Defend_Administrix","AdministrixMod:Defend_Administrix+1","AdministrixMod:Defend_Administrix+1","AdministrixMod:BlueCloak","AdministrixMod:ChooseYourEnd+1","AdministrixMod:CenturiesAscent","AdministrixMod:PassageOfAges+1","AdministrixMod:CrackingPangu","AdministrixMod:SyncreticSurge+1","AdministrixMod:Untouchable","AdministrixMod:TrickOfTheLight+1","AdministrixMod:RegentEdict+1","AdministrixMod:PassageOfAges+1","AdministrixMod:RisingSunPrince+1","AdministrixMod:ExtolVirtue+1","AdministrixMod:ShadowPlay+1","AdministrixMod:BrewingCloister+1","AdministrixMod:CenturiesAscent+1","Gensokyo:ShootingStar+1","AdministrixMod:LightOfYourLife+1","AdministrixMod:NoblePath+1","AdministrixMod:CenturiesAscent+1","AdministrixMod:LightOfYourLife+1","AdministrixMod:ChooseYourEnd+1","Sadistic Nature+1","AdministrixMod:BishamonBlessing+1","AdministrixMod:TrickOfTheLight+1"],"relics":["AdministrixMod:ConductorRitualBaton","Gensokyo:Justice","Bottled Lightning","Frozen Egg 2","Molten Egg 2","Happy Flower","Gensokyo:OccultBall","Black Star","Toxic Egg 2","Shovel","FossilizedHelix","Matryoshka","Singing Bowl","Bottled Flame","Kunai","Juzu Bracelet","AdministrixMod:KeyOfKings","Lantern","Darkstone Periapt","Lizard Tail","Gensokyo:RedStar","Orichalcum","WingedGreaves","Cursed Key","InkBottle","War Paint","Mummified Hand","MawBank","Anchor","Bronze Scales","AdministrixMod:GoldenChickadee","Pen Nib","MealTicket","Pear","White Beast Statue","Gremlin Horn","Toy Ornithopter"],"acts_visited":["Exordium","Gensokyo:Gensokyo","TheBeyond"],"potions_floor_usage":[16,21,22,35,37,39,39,40,48,50,50,50],"damage_taken":[{"damage":0.0,"enemies":"Gensokyo:Gryphon","floor":1.0,"turns":3.0},{"damage":0.0,"enemies":"Gensokyo:3_Fairies","floor":4.0,"turns":3.0},{"damage":0.0,"enemies":"Gensokyo:2_Kodama","floor":5.0,"turns":2.0},{"damage":0,"enemies":"Gensokyo:Aya","floor":6,"turns":4},{"damage":0,"enemies":"Gensokyo:Cirno","floor":8,"turns":4},{"damage":3,"enemies":"Gensokyo:Mamizou","floor":11,"turns":6},{"damage":0,"enemies":"Gensokyo:2_Rabbits","floor":12,"turns":2},{"damage":15,"enemies":"Gensokyo:Reimu","floor":16,"turns":11},{"damage":0,"enemies":"Gensokyo:2_Gloops","floor":18,"turns":3},{"damage":0,"enemies":"Gensokyo:Chomper","floor":19,"turns":3},{"damage":15,"enemies":"Gensokyo:Swordslinger","floor":21,"turns":4},{"damage":8,"enemies":"Gensokyo:Swordslinger","floor":22,"turns":10},{"damage":0,"enemies":"Gensokyo:Reisen","floor":24,"turns":3},{"damage":12,"enemies":"Gensokyo:Tenshi","floor":27,"turns":2},{"damage":8,"enemies":"Gensokyo:Chomper_and_Gloop","floor":31,"turns":3},{"damage":0,"enemies":"Gensokyo:Kaguya","floor":33,"turns":7},{"damage":0,"enemies":"3 Shapes","floor":35,"turns":2},{"damage":0,"enemies":"Orb Walker","floor":36,"turns":1},{"damage":0,"enemies":"Writhing Mass","floor":37,"turns":6},{"damage":0,"enemies":"Sphere and 2 Shapes","floor":39,"turns":3},{"damage":0,"enemies":"Reptomancer","floor":40,"turns":2},{"damage":0,"enemies":"Giant Head","floor":42,"turns":4},{"damage":0,"enemies":"Reptomancer","floor":46,"turns":3},{"damage":0,"enemies":"Giant Head","floor":48,"turns":4},{"damage":0,"enemies":"Awakened One","floor":50,"turns":9}],"seed_played":"-6401894658397518794","potions_obtained":[{"floor":6,"key":"Explosive Potion"},{"floor":11,"key":"Energy Potion"},{"floor":16,"key":"AttackPotion"},{"floor":18,"key":"AdministrixMod:AttunementTonic"},{"floor":24,"key":"Explosive Potion"},{"floor":31,"key":"Dexterity Potion"},{"floor":39,"key":"Strength Potion"}],"is_trial":false,"path_per_floor":["M","?","$","M","M","E","R","E","T","?","E","M","R","?","R","B",null,"M","M","$","M","?","R","E","R","T","E","R","?","R","M","R","B",null,"M","M","M","?","M","E","R","E","T","R","$","E","$","E","R","B",null],"character_chosen":"TheAdministrix","items_purchased":["AdministrixMod:PassageOfAges","AdministrixMod:SeventeenArticleLaser","Toxic Egg 2","AdministrixMod:LightOfYourLife+1","AdministrixMod:ChooseYourEnd+1","Sadistic Nature+1","AdministrixMod:BishamonBlessing+1"],"campfire_rested":0,"item_purchase_floors":[3,3,20,45,45,45,45],"current_hp_per_floor":[65,65,65,65,65,65,65,65,65,71,68,68,68,68,68,53,71,71,71,71,56,48,48,48,48,48,36,36,36,36,28,28,65,73,73,75,77,77,77,77,77,79,85,85,82,92,92,94,94,94],"gold":58,"neow_bonus":"THREE_CARDS","is_daily":false,"chose_seed":false,"campfire_upgraded":3,"win_rate":0.0,"timestamp":1609421310,"path_taken":["M","?","$","M","M","E","R","E","T","?","E","M","R","?","R","BOSS","M","M","$","M","?","R","E","R","T","E","R","?","R","M","R","BOSS","M","M","M","?","M","E","R","E","T","R","$","E","?","E","R","BOSS"],"items_purchased_type":["Card","Card","Relic","Card","Card","Card","Card"],"build_version":"2020-12-13","purchased_purges":2,"victory":true,"max_hp_per_floor":[65,65,65,65,65,65,65,65,65,71,71,71,71,71,71,71,71,71,71,71,71,71,71,71,71,71,71,71,71,71,71,71,73,73,73,75,77,77,77,77,77,79,85,85,82,92,92,94,94,94],"card_choices":[{"not_picked":["AdministrixMod:NoblePath","AdministrixMod:Wuji"],"picked":"AdministrixMod:ChooseYourEnd","floor":0.0},{"not_picked":["AdministrixMod:ExtolVirtue","AdministrixMod:TouchOfCinnabar"],"picked":"AdministrixMod:CenturiesAscent","floor":1.0},{"not_picked":["AdministrixMod:RebukeDesires","AdministrixMod:PlateOfAntiquity"],"picked":"AdministrixMod:CrackingPangu","floor":4.0},{"not_picked":["AdministrixMod:NewWardrobe","AdministrixMod:QuietConspiracy"],"picked":"AdministrixMod:SyncreticSurge","floor":5},{"not_picked":["AdministrixMod:BloodBargain","AdministrixMod:QuietConspiracy","AdministrixMod:Transition"],"picked":"SKIP","floor":6},{"not_picked":["AdministrixMod:XianArts+1","AdministrixMod:Schism"],"picked":"AdministrixMod:Untouchable","floor":8},{"not_picked":["AdministrixMod:PassageOfAges+1","AdministrixMod:FeastOfDew"],"picked":"AdministrixMod:TrickOfTheLight+1","floor":11},{"not_picked":["AdministrixMod:LightOfYourLife","AdministrixMod:BishamonBlessing"],"picked":"AdministrixMod:RegentEdict+1","floor":12},{"not_picked":["AdministrixMod:Wuji+1","AdministrixMod:Transition"],"picked":"AdministrixMod:PassageOfAges+1","floor":18},{"not_picked":["AdministrixMod:QuietConspiracy","AdministrixMod:SealAway","AdministrixMod:PlateOfAntiquity+1"],"picked":"SKIP","floor":19},{"not_picked":["AdministrixMod:TrickOfTheLight+1","AdministrixMod:ImmortalGrace+1"],"picked":"AdministrixMod:RisingSunPrince+1","floor":21},{"not_picked":["AdministrixMod:FuneraryRites+1","AdministrixMod:SyncreticSurge+1"],"picked":"AdministrixMod:ExtolVirtue+1","floor":22},{"not_picked":["AdministrixMod:RegentEdict+1","AdministrixMod:PlateOfAntiquity+1"],"picked":"AdministrixMod:ShadowPlay+1","floor":24},{"not_picked":["AdministrixMod:FuneraryRites+1","AdministrixMod:ImmortalGrace+1"],"picked":"AdministrixMod:BrewingCloister+1","floor":27},{"not_picked":["AdministrixMod:Katabasis+1","AdministrixMod:PlateOfAntiquity+1"],"picked":"AdministrixMod:CenturiesAscent+1","floor":31},{"not_picked":[],"picked":"Gensokyo:ShootingStar","floor":33},{"not_picked":["AdministrixMod:CosmosControl+1","AdministrixMod:GirlsDoItBetter+1","AdministrixMod:FearOfDeath+1"],"picked":"Singing Bowl","floor":33},{"not_picked":["AdministrixMod:RebukeDesires+1","AdministrixMod:XianArts+1"],"picked":"AdministrixMod:LightOfYourLife+1","floor":35},{"not_picked":["AdministrixMod:Metempsychosis+1","AdministrixMod:CrackingPangu+1","AdministrixMod:BegetEternity+1"],"picked":"Singing Bowl","floor":36},{"not_picked":["AdministrixMod:BloodlessSapphire+1","AdministrixMod:CrackingPangu+1","AdministrixMod:TouchOfCinnabar+1"],"picked":"Singing Bowl","floor":37},{"not_picked":["AdministrixMod:PassageOfAges+1","AdministrixMod:Untouchable+1"],"picked":"AdministrixMod:NoblePath+1","floor":39},{"not_picked":["AdministrixMod:ImmortalClarity+1","AdministrixMod:JustRewards+1"],"picked":"AdministrixMod:CenturiesAscent+1","floor":40},{"not_picked":["AdministrixMod:WickedPunishment+1","AdministrixMod:ImmortalPurity+1","AdministrixMod:HarmonicReverence+1"],"picked":"Singing Bowl","floor":42},{"not_picked":["AdministrixMod:ImmortalGrace+1","AdministrixMod:DiversionaryTactic+1"],"picked":"AdministrixMod:TrickOfTheLight+1","floor":46},{"not_picked":["AdministrixMod:DreamsMausoleum+1","AdministrixMod:QuietConspiracy+1","AdministrixMod:NoblePath+1"],"picked":"Singing Bowl","floor":48}],"player_experience":196395,"relics_obtained":[{"floor":6,"key":"Bottled Lightning"},{"floor":8,"key":"Frozen Egg 2"},{"floor":9,"key":"Molten Egg 2"},{"floor":11,"key":"Happy Flower"},{"floor":16,"key":"Gensokyo:OccultBall"},{"floor":22,"key":"Shovel"},{"floor":22,"key":"FossilizedHelix"},{"floor":23,"key":"Matryoshka"},{"floor":24,"key":"Singing Bowl"},{"floor":24,"key":"Bottled Flame"},{"floor":25,"key":"Kunai"},{"floor":26,"key":"Juzu Bracelet"},{"floor":26,"key":"AdministrixMod:KeyOfKings"},{"floor":27,"key":"Lantern"},{"floor":27,"key":"Darkstone Periapt"},{"floor":28,"key":"Lizard Tail"},{"floor":30,"key":"Orichalcum"},{"floor":32,"key":"WingedGreaves"},{"floor":33,"key":"Gensokyo:OccultBall"},{"floor":40,"key":"InkBottle"},{"floor":40,"key":"War Paint"},{"floor":41,"key":"Mummified Hand"},{"floor":42,"key":"MawBank"},{"floor":42,"key":"Anchor"},{"floor":43,"key":"Bronze Scales"},{"floor":43,"key":"AdministrixMod:GoldenChickadee"},{"floor":44,"key":"Pen Nib"},{"floor":46,"key":"MealTicket"},{"floor":46,"key":"Pear"},{"floor":48,"key":"White Beast Statue"},{"floor":48,"key":"Gremlin Horn"},{"floor":49,"key":"Toy Ornithopter"}],"event_choices":[{"cards_removed":["AdministrixMod:Strike_Administrix"],"damage_healed":0,"gold_gain":0,"player_choice":"Purged","damage_taken":0,"max_hp_gain":0,"max_hp_loss":0,"event_name":"Purifier","floor":38,"gold_loss":0}],"is_beta":false,"boss_relics":[{"not_picked":["Tiny House","AdministrixMod:ElixirOfImmorality"],"picked":"Black Star"},{"not_picked":["SacredBark","Snecko Eye"],"picked":"Cursed Key"}],"items_purged_floors":[45,47],"is_endless":false,"potions_floor_spawned":[6,11,16,18,24,31,39,42,46,48],"ascension_level":1}}