{"host":"w7dhjqgqsib0c3vt","time":1609424118,"event":{"mods":["ATMod(°¢èªMod)","BaseMod","Minty Spire (QoL Compilation)","Shop Mod","StSLib","TheWitcher"],"gold_per_floor":[112,26,26,26,26,26,26,69,69,102,102,7,25,41,41,169,169,193,206,15,35,53,94,94,132,132,132,132,168,192,3,3,3,3],"floor_reached":33,"playtime":2444,"items_purged":[],"score":560,"play_id":"a8cbfcca-5ea4-4790-9e37-baeddfffe46a","local_time":"20201231221518","is_ascension_mode":true,"campfire_choices":[{"floor":6.0,"key":"REST"},{"floor":11.0,"key":"REST"},{"data":"Dramatic Entrance","floor":15.0,"key":"SMITH"},{"floor":24.0,"key":"REST"},{"floor":28.0,"key":"REST"},{"data":"AT_WomanClash","floor":32.0,"key":"SMITH"}],"circlet_count":0,"master_deck":["AscendersBane","Strike_G","Strike_G","Strike_G","Strike_G","Strike_G","Defend_G","Defend_G","Defend_G","Defend_G","Defend_G","Survivor","Neutralize","AT_FocusSwordFire+1","Bouncing Flask","Accuracy","Outmaneuver","Deadly Poison","Deflect+1","Dramatic Entrance+1","Bane","Glass Knife","Quick Slash+1","Flying Knee","Sucker Punch","AT_ThistleTea","PiercingWail+1","AT_Desolate+1","AT_WomanClash+1","Deflect","Calculated Gamble+1","Accuracy"],"relics":["Ring of the Snake","AT_ATBox","Pen Nib","Golden Idol","Akabeko","Blood Vial","HornCleat","Ginger","WristBlade","War Paint","Vajra","Orichalcum","AT_DeathDance","AT_ChloranthyRing","Strawberry","Membership Card"],"acts_visited":["Exordium","TheCity"],"potions_floor_usage":[33,33],"damage_taken":[{"damage":2.0,"enemies":"Small Slimes","floor":1.0,"turns":3.0},{"damage":23.0,"enemies":"Gremlin Nob","floor":8.0,"turns":4.0},{"damage":32.0,"enemies":"3 Sentries","floor":10.0,"turns":12.0},{"damage":0.0,"enemies":"2 Louse","floor":13.0,"turns":1.0},{"damage":7.0,"enemies":"Jaw Worm","floor":14.0,"turns":3.0},{"damage":14.0,"enemies":"Hexaghost","floor":16.0,"turns":9.0},{"damage":2.0,"enemies":"3 Byrds","floor":18.0,"turns":3.0},{"damage":0.0,"enemies":"Shell Parasite","floor":19.0,"turns":3.0},{"damage":21.0,"enemies":"Chosen and Byrds","floor":21.0,"turns":5.0},{"damage":8.0,"enemies":"Centurion and Healer","floor":22.0,"turns":3.0},{"damage":0.0,"enemies":"Gremlin Leader","floor":23.0,"turns":4.0},{"damage":22.0,"enemies":"Book of Stabbing","floor":25.0,"turns":4.0},{"damage":0.0,"enemies":"Gremlin Leader","floor":29.0,"turns":2.0},{"damage":11.0,"enemies":"Snake Plant","floor":30.0,"turns":2.0},{"damage":66,"enemies":"Collector","floor":33,"turns":7}],"seed_played":"-2220739712780919447","potions_obtained":[{"floor":10.0,"key":"Dexterity Potion"},{"floor":13.0,"key":"DuplicationPotion"},{"floor":23.0,"key":"CultistPotion"}],"is_trial":false,"path_per_floor":["M","$","?","?","?","R","$","E","T","E","R","$","M","M","R","B",null,"M","M","$","M","M","E","R","E","T","?","R","E","M","$","R","B"],"character_chosen":"THE_SILENT","items_purchased":["Accuracy","Outmaneuver","Dramatic Entrance","War Paint","Sucker Punch","Membership Card","Accuracy"],"campfire_rested":4,"item_purchase_floors":[2,2,12,20,20,31,31],"current_hp_per_floor":[61,61,61,49,42,63,63,40,40,10,31,31,33,28,28,16,57,57,59,59,40,34,36,57,37,37,37,58,67,58,58,58,0,0],"gold":3,"neow_bonus":"RANDOM_COMMON_RELIC","is_daily":false,"chose_seed":false,"campfire_upgraded":2,"win_rate":0.0,"timestamp":1609424118,"path_taken":["M","$","?","?","?","R","?","E","T","E","R","$","M","M","R","BOSS","M","?","$","M","?","E","R","E","T","?","R","E","M","$","R","BOSS"],"items_purchased_type":["Card","Card","Card","Relic","Card","Relic","Card"],"build_version":"2020-12-22","purchased_purges":0,"victory":false,"max_hp_per_floor":[70,70,70,70,70,70,70,70,70,70,70,70,70,70,70,70,70,70,70,70,70,70,70,70,70,70,70,70,77,77,77,77,77,77],"card_choices":[{"not_picked":["Backflip","Leg Sweep"],"picked":"Bouncing Flask","floor":1.0},{"not_picked":["Crippling Poison","Blade Dance"],"picked":"Deadly Poison","floor":8.0},{"not_picked":["Dagger Throw","Calculated Gamble"],"picked":"Deflect","floor":10.0},{"not_picked":["Calculated Gamble","AT_FocusSwordFire","Reflex"],"picked":"SKIP","floor":13.0},{"not_picked":["Flechettes","Escape Plan"],"picked":"Bane","floor":14.0},{"not_picked":["Burst","Die Die Die"],"picked":"Glass Knife","floor":16.0},{"not_picked":["AT_TwilightShroud","Escape Plan+1"],"picked":"Quick Slash+1","floor":18.0},{"not_picked":["Tactician","Backflip"],"picked":"Flying Knee","floor":19.0},{"not_picked":["Dagger Throw+1","Slice"],"picked":"AT_ThistleTea","floor":21.0},{"not_picked":["Reflex","Underhanded Strike+1"],"picked":"PiercingWail+1","floor":22.0},{"not_picked":["AT_TinkerSharpsword","Poisoned Stab"],"picked":"AT_Desolate+1","floor":23.0},{"not_picked":["AT_KneejerkReflex","Acrobatics"],"picked":"AT_WomanClash","floor":25.0},{"not_picked":["Underhanded Strike","Acrobatics"],"picked":"Deflect","floor":29.0},{"not_picked":["Underhanded Strike","Doppelganger"],"picked":"Calculated Gamble+1","floor":30.0}],"player_experience":594757,"relics_obtained":[{"floor":8.0,"key":"Blood Vial"},{"floor":9.0,"key":"HornCleat"},{"floor":10.0,"key":"Ginger"},{"floor":23.0,"key":"Vajra"},{"floor":25.0,"key":"Orichalcum"},{"floor":26.0,"key":"AT_DeathDance"},{"floor":29.0,"key":"Strawberry"}],"event_choices":[{"damage_healed":0.0,"max_hp_gain":0.0,"max_hp_loss":0.0,"gold_gain":0.0,"event_name":"Golden Idol","player_choice":"Take Wound","floor":3.0,"gold_loss":0.0,"damage_taken":0.0,"relics_obtained":["Golden Idol"],"cards_obtained":["Injury"]},{"damage_healed":0.0,"max_hp_gain":0.0,"max_hp_loss":0.0,"gold_gain":0.0,"event_name":"Scrap Ooze","player_choice":"Success","floor":4.0,"gold_loss":0.0,"damage_taken":12.0,"relics_obtained":["Akabeko"]},{"cards_removed":["Injury"],"damage_healed":0.0,"max_hp_gain":0.0,"max_hp_loss":0.0,"gold_gain":0.0,"event_name":"Golden Wing","player_choice":"Card Removal","floor":5.0,"gold_loss":0.0,"damage_taken":7.0},{"damage_healed":0.0,"max_hp_gain":0.0,"max_hp_loss":0.0,"gold_gain":0.0,"event_name":"The Mausoleum","player_choice":"Opened","floor":27.0,"gold_loss":0.0,"damage_taken":0.0,"relics_obtained":["AT_ChloranthyRing"]}],"is_beta":false,"boss_relics":[{"not_picked":["Astrolabe","Runic Dome"],"picked":"WristBlade"}],"items_purged_floors":[],"is_endless":false,"potions_floor_spawned":[10,13,21,23,25],"killed_by":"Collector","ascension_level":11}}