{"host":"idhn3x725u206pbu","time":1609402503,"event":{"mods":["AchievementEnabler","BaseMod","Bestiary","Better Altar","Better Match","Better Note","Better Sensory Stone","Better Skull","Better Third Choice","BetterRewards","Colored Map","Energized Spire","Hubris","Infinite Spire","Minty Spire (QoL Compilation)","Permanent Neow","Relic Stats","Replay The Spire","Spicy Shops","StSLib","The Animator","The Jungle"],"gold_per_floor":[118,57,70,90,106,135,135,135,158,158,158,174,185,219,219,318,318,337,352,352,352,370,370,404,404,404,329,181,195,205,205,205,304,304,318,329,329,329,329,329,363,363,363,363,380,680,713,713,713],"floor_reached":48,"playtime":4772,"items_purged":["hubris:Compulsion","Machine Learning"],"score":568,"play_id":"1f8d9420-3ea1-4e62-bbaa-148c0c317ab8","local_time":"20201231161503","is_ascension_mode":false,"campfire_choices":[{"data":"Berserk","floor":8,"key":"SMITH"},{"data":"Perfected Strike","floor":10,"key":"SMITH"},{"data":"Brutality","floor":23,"key":"SMITH"},{"data":"Flex","floor":32,"key":"SMITH"},{"data":"Blood for Blood","floor":32,"key":"SMITH"},{"data":"Demon Form","floor":40,"key":"SMITH"},{"data":"infinitespire:NeuralNetwork","floor":40,"key":"SMITH"},{"data":"Whirlwind","floor":42,"key":"SMITH"},{"data":"Bash","floor":42,"key":"SMITH"}],"circlet_count":0,"master_deck":["Strike_R","Strike_R","Strike_R","Strike_R","Defend_R","Defend_R","Defend_R","Bash+1","Berserk+1","Flex+1","Perfected Strike+1","Pommel Strike","Headbutt","Metallicize","Rage+1","Shockwave","Pommel Strike","Brutality+1","Armaments+1","Pommel Strike","Second Wind+1","Warcry+1","Perfected Strike+1","Whirlwind+1","Battle Trance","Blood for Blood+1","Sucker Punch","Demon Form+1","infinitespire:NeuralNetwork+1","Cleave","Sword Boomerang+1"],"relics":["Burning Blood","ReplayTheSpireMod:CursedCoin","Membership Card","Ornamental Fan","Replay:Baseball","Meat on the Bone","Mark of Pain","hubris:DeckOfHolding","Strawberry","Replay:Arrowhead","PrismaticShard","energizedSpire:TabascoSauce","infinitespire:PuzzleCube","hubris:FunFungus","Replay:Bottled Snecko"],"acts_visited":["Exordium","TheCity","TheBeyond"],"potions_floor_usage":[13,19,19,33,47,47,48],"damage_taken":[{"damage":1,"enemies":"Cultist","floor":1,"turns":4},{"damage":6,"enemies":"Jaw Worm","floor":3,"turns":3},{"damage":0,"enemies":"2 Louse","floor":4,"turns":2},{"damage":0,"enemies":"Large Slime","floor":5,"turns":3},{"damage":21,"enemies":"Gremlin Nob","floor":6,"turns":4},{"damage":14,"enemies":"Gremlin Gang","floor":12,"turns":5},{"damage":0,"enemies":"Looter","floor":13,"turns":2},{"damage":9,"enemies":"3 Sentries","floor":14,"turns":7},{"damage":32,"enemies":"Hexaghost","floor":16,"turns":8},{"damage":8,"enemies":"Shell Parasite","floor":18,"turns":4},{"damage":11,"enemies":"3 Byrds","floor":19,"turns":7},{"damage":4,"enemies":"Centurion and Healer","floor":22,"turns":5},{"damage":30,"enemies":"Nightmare","floor":24,"turns":7},{"damage":9,"enemies":"Snecko","floor":29,"turns":3},{"damage":10,"enemies":"Sentry and Sphere","floor":30,"turns":4},{"damage":33,"enemies":"Collector","floor":33,"turns":7},{"damage":9,"enemies":"Orb Walker","floor":35,"turns":3},{"damage":21,"enemies":"3 Darklings","floor":36,"turns":3},{"damage":0,"enemies":"Reptomancer","floor":41,"turns":1},{"damage":22,"enemies":"Maw","floor":45,"turns":5},{"damage":31,"enemies":"Giant Head","floor":47,"turns":5},{"damage":16,"enemies":"Sphere and 2 Shapes","floor":48,"turns":3}],"seed_played":"-1858094971412810730","potions_obtained":[{"floor":1,"key":"EssenceOfSteel"},{"floor":3,"key":"Block Potion"},{"floor":5,"key":"LifebloodPotion"},{"floor":6,"key":"Elixir"},{"floor":14,"key":"Dexterity Potion"},{"floor":18,"key":"Strength Potion"},{"floor":29,"key":"Flashbang"},{"floor":33,"key":"Languid Potion"},{"floor":35,"key":"SkillPotion"}],"is_trial":false,"path_per_floor":["M","$","M","M","M","E","?","R","T","R","?","M","M","E","R_BF","B",null,"M","M","$","?","M","R","NM","?","T","?","$","M","M","?","R","B",null,"M","M","?","?","AVR","R","E","R","T","?","M","?","E","M"],"character_chosen":"IRONCLAD","items_purchased":["ReplayTheSpireMod:CursedCoin","Membership Card","Perfected Strike","Perfected Strike","Replay:Arrowhead","Whirlwind","PrismaticShard","AttackPotion"],"campfire_rested":0,"item_purchase_floors":[2,2,2,28,28,28,28,28],"current_hp_per_floor":[80,80,80,80,80,65,65,65,65,65,65,57,63,60,60,46,80,78,73,73,73,75,75,51,51,58,58,58,55,51,51,51,36,87,81,63,46,46,46,46,49,49,49,49,37,37,16,0,0],"gold":713,"neow_bonus":"TRANSFORM_CARD","is_daily":false,"chose_seed":false,"campfire_upgraded":9,"win_rate":0.0,"timestamp":1609402503,"path_taken":["M","$","M","M","M","E","?","R","T","R","?","M","?","E","R_BF","BOSS","M","?","$","?","M","R","NM","?","T","?","?","M","M","?","R","BOSS","M","M","?","?","AVR","R","E","R","T","?","M","?","E","?"],"items_purchased_type":["Relic","Relic","Card","Card","Relic","Card","Relic","Potion"],"build_version":"2020-12-22","purchased_purges":2,"victory":false,"max_hp_per_floor":[80,80,80,80,80,80,80,80,80,80,80,80,80,80,80,80,80,80,80,80,80,80,80,80,80,87,87,87,87,87,87,87,87,87,87,87,87,87,87,87,87,87,87,87,87,87,87,87,87],"relic_stats":{"counters":[22,95],"Ornamental Fan":[140],"obtain_stats":[{"ReplayTheSpireMod:CursedCoin":2,"PrismaticShard":28,"Burning Blood":0,"Replay:Arrowhead":28,"Replay:Baseball":9,"Ornamental Fan":6,"Strawberry":26,"energizedSpire:TabascoSauce":34,"hubris:DeckOfHolding":24,"Mark of Pain":17,"hubris:FunFungus":43,"Membership Card":2,"Replay:Bottled Snecko":47,"infinitespire:PuzzleCube":41,"Meat on the Bone":14},{"ReplayTheSpireMod:CursedCoin":1,"PrismaticShard":13,"Burning Blood":0,"Replay:Arrowhead":13,"Replay:Baseball":5,"Ornamental Fan":5,"Strawberry":13,"energizedSpire:TabascoSauce":16,"hubris:DeckOfHolding":13,"Mark of Pain":9,"hubris:FunFungus":19,"Membership Card":1,"Replay:Bottled Snecko":21,"infinitespire:PuzzleCube":19,"Meat on the Bone":8},{"ReplayTheSpireMod:CursedCoin":4,"PrismaticShard":61,"Burning Blood":0,"Replay:Arrowhead":61,"Replay:Baseball":16,"Ornamental Fan":16,"Strawberry":61,"energizedSpire:TabascoSauce":75,"hubris:DeckOfHolding":61,"Mark of Pain":38,"hubris:FunFungus":82,"Membership Card":4,"Replay:Bottled Snecko":92,"infinitespire:PuzzleCube":82,"Meat on the Bone":30}],"Burning Blood":94,"Meat on the Bone":36},"card_choices":[{"not_picked":["Life Link","True Grit"],"picked":"Flex","floor":1},{"not_picked":["Anger","Massacre"],"picked":"Pommel Strike","floor":3},{"not_picked":["ReplayTheSpireMod:Limb From Limb","ReplayTheSpireMod:Corrosion Curse"],"picked":"Headbutt","floor":4},{"not_picked":["Havoc","Clash"],"picked":"Metallicize","floor":5},{"not_picked":["Massacre","Sever Soul"],"picked":"Rage","floor":6},{"not_picked":["Second Wind","Seeing Red"],"picked":"Shockwave","floor":12},{"not_picked":["Sentinel","Bludgeon"],"picked":"Pommel Strike","floor":13},{"not_picked":["Clash","Power Through","Flex"],"picked":"SKIP","floor":14},{"not_picked":["Reaper","Bludgeon"],"picked":"Brutality","floor":16},{"not_picked":["ReplayTheSpireMod:Muscle Training","Shrug It Off+1"],"picked":"Armaments+1","floor":18},{"not_picked":["Flex","Uppercut"],"picked":"Pommel Strike","floor":19},{"not_picked":["Intimidate+1","Second Wind+1","True Grit"],"picked":"SKIP","floor":22},{"not_picked":["Intimidate+1","True Grit"],"picked":"Second Wind+1","floor":22},{"not_picked":["Sword Boomerang","Twin Strike"],"picked":"Warcry+1","floor":24},{"not_picked":["animator:Rider","animator:OrikoMikuni+1"],"picked":"Battle Trance","floor":29},{"not_picked":["animator:DolaSchwi","Fusion+1"],"picked":"Blood for Blood","floor":30},{"not_picked":["animator:SwordMaiden","hubris:Prefetch"],"picked":"Machine Learning","floor":33},{"not_picked":["Wild Strike","animator:ChlammyZell+1","animator:YuiTsuruno"],"picked":"SKIP","floor":35},{"not_picked":["Dodge and Roll+1","animator:Raven"],"picked":"Sucker Punch","floor":36},{"not_picked":["Consume+1","Storm+1","Conserve Battery"],"picked":"SKIP","floor":41},{"not_picked":["Undo","animator:Shalltear+1"],"picked":"Cleave","floor":45},{"not_picked":["animator:KyokoSakura","animator:Hakurou+1"],"picked":"Sword Boomerang+1","floor":47}],"player_experience":73681,"relics_obtained":[{"floor":6,"key":"Ornamental Fan"},{"floor":9,"key":"Replay:Baseball"},{"floor":14,"key":"Meat on the Bone"},{"floor":24,"key":"hubris:DeckOfHolding"},{"floor":26,"key":"Strawberry"},{"floor":41,"key":"infinitespire:PuzzleCube"},{"floor":43,"key":"hubris:FunFungus"},{"floor":47,"key":"Replay:Bottled Snecko"}],"event_choices":[{"damage_healed":65,"gold_gain":0,"player_choice":"Embrace Burn","damage_taken":0,"max_hp_gain":0,"max_hp_loss":80,"event_name":"betterThird:BetterShining","floor":7,"gold_loss":0},{"damage_healed":0,"gold_gain":0,"player_choice":"Upgraded","damage_taken":0,"max_hp_gain":0,"max_hp_loss":0,"event_name":"Upgrade Shrine","floor":11,"gold_loss":0,"cards_upgraded":["Rage"]},{"cards_removed":["Brutality"],"damage_healed":0,"gold_gain":0,"player_choice":"Give","damage_taken":0,"max_hp_gain":0,"max_hp_loss":0,"event_name":"betterNote:BetterNote","floor":21,"gold_loss":0,"cards_obtained":["None"]},{"cards_removed":["Defend_R"],"damage_healed":0,"gold_gain":0,"player_choice":"Gave Gold","damage_taken":0,"max_hp_gain":0,"max_hp_loss":0,"event_name":"Beggar","floor":27,"gold_loss":75},{"damage_healed":0,"gold_gain":3,"player_choice":"2","damage_taken":0,"max_hp_gain":0,"max_hp_loss":17,"event_name":"betterStone:BetterStone","floor":37,"gold_loss":0},{"damage_healed":0,"gold_gain":300,"player_choice":"Gold","damage_taken":0,"max_hp_gain":0,"max_hp_loss":0,"event_name":"Wheel of Change","floor":46,"gold_loss":0}],"is_beta":false,"boss_relics":[{"not_picked":["hubris:ScarierMask","hubris:BlackHole"],"picked":"Mark of Pain"},{"not_picked":["Electric Blood","hubris:VirtuousBlindfold"],"picked":"energizedSpire:TabascoSauce"}],"items_purged_floors":[2,39],"is_endless":true,"potions_floor_spawned":[1,3,5,6,14,18,29,33,35,45],"killed_by":"Sphere and 2 Shapes","ascension_level":0}}