{"host":"ya062ahhhuj9au1o","time":1609441297,"event":{"mods":["BaseMod","Better Third Choice","Downfall","Filter the Spire","Hermit","Minty Spire (QoL Compilation)","Random Character Button","Robot Space Explorer","Somnambulant","StSLib","The Bug Knight","The Cursed","The Marked","The Servant 0.9.4"],"gold_per_floor":[117,117,127,143,154,154,79,94,94,94,105,105,105,105,105,105,105],"floor_reached":16,"playtime":703,"items_purged":["theMarked:Strike"],"score":92,"play_id":"85b5d74b-af7c-469e-b36c-c8b6168573d8","local_time":"20201231140137","is_ascension_mode":false,"campfire_choices":[{"data":"theMarked:SoldierOfQuellstein","floor":6,"key":"SMITH"},{"floor":13,"key":"REST"},{"floor":15,"key":"REST"}],"circlet_count":0,"master_deck":["theMarked:Strike","theMarked:Strike","theMarked:Strike","theMarked:Strike","theMarked:Defend","theMarked:Defend","theMarked:SoldierOfQuellstein+1","Trip","theMarked:RogueSparks","theMarked:ChainLightning","theMarked:MaelstromOfLightning","theMarked:ComboAttacks"],"relics":["theMarked:ArtifactOfAir","Toxic Egg 2"],"acts_visited":["Exordium"],"potions_floor_usage":[16],"damage_taken":[{"damage":2,"enemies":"Small Slimes","floor":1,"turns":3},{"damage":1,"enemies":"Cultist","floor":3,"turns":3},{"damage":2,"enemies":"2 Louse","floor":4,"turns":2},{"damage":28,"enemies":"Large Slime","floor":5,"turns":6},{"damage":16,"enemies":"Exordium Thugs","floor":8,"turns":3},{"damage":12,"enemies":"Blue Slaver","floor":11,"turns":2},{"damage":37,"enemies":"Hexaghost","floor":16,"turns":7}],"seed_played":"-7819609771961675061","potions_obtained":[{"floor":1,"key":"EssenceOfSteel"},{"floor":5,"key":"PowerPotion"},{"floor":11,"key":"FearPotion"}],"is_trial":false,"path_per_floor":["M","?","M","M","M","R","$","M","T","$","M","?","R","?","R","B"],"character_chosen":"THE_DEFAULT","items_purchased":[],"campfire_rested":2,"item_purchase_floors":[],"current_hp_per_floor":[68,68,67,65,37,37,37,21,21,21,9,2,23,23,44,7,7],"gold":105,"neow_bonus":"RANDOM_COLORLESS","is_daily":false,"chose_seed":false,"campfire_upgraded":1,"win_rate":0.0,"timestamp":1609441297,"path_taken":["M","?","M","M","M","R","$","?","T","?","?","?","R","?","R","BOSS"],"items_purchased_type":[],"build_version":"2020-12-22","purchased_purges":1,"victory":false,"max_hp_per_floor":[70,70,70,70,70,70,70,70,70,70,70,70,70,70,70,70,70],"card_choices":[{"not_picked":["expansioncontent:DefensiveMode","expansioncontent:LastStand"],"picked":"Trip","floor":0},{"not_picked":["theMarked:ResourceFulStrike","theMarked:Frustration"],"picked":"theMarked:RogueSparks","floor":1},{"not_picked":["theMarked:MysticalArsenal","theMarked:Static"],"picked":"theMarked:ChainLightning","floor":3},{"not_picked":["theMarked:Parry","theMarked:Generate"],"picked":"theMarked:MaelstromOfLightning","floor":4},{"not_picked":["theMarked:Parry","theMarked:WastefulAttack"],"picked":"theMarked:ComboAttacks","floor":5},{"not_picked":["theMarked:ComboAttacks","theMarked:Parry","theMarked:AttractMetal"],"picked":"SKIP","floor":8},{"not_picked":["theMarked:BanishingStrike","theMarked:ResourceFulStrike","theMarked:ShockingTouch"],"picked":"SKIP","floor":11}],"player_experience":1747173,"relics_obtained":[{"floor":9,"key":"Toxic Egg 2"}],"event_choices":[{"cards_removed":["theMarked:Defend"],"damage_healed":0,"gold_gain":0,"player_choice":"Offered Basic","damage_taken":0,"max_hp_gain":0,"max_hp_loss":0,"event_name":"Bonfire Elementals","floor":2,"gold_loss":0},{"cards_removed":["theMarked:Defend"],"damage_healed":0,"gold_gain":0,"player_choice":"Card Removal","damage_taken":7,"max_hp_gain":0,"max_hp_loss":0,"event_name":"Golden Wing","floor":12,"gold_loss":0},{"damage_healed":0,"gold_gain":0,"player_choice":"Ignored","damage_taken":0,"max_hp_gain":0,"max_hp_loss":0,"event_name":"Golden Idol","floor":14,"gold_loss":0}],"is_beta":false,"boss_relics":[],"items_purged_floors":[7],"is_endless":false,"potions_floor_spawned":[1,5,11],"killed_by":"Hexaghost","ascension_level":0}}