{"host":"Brown Brick","time":1609415078,"event":{"mods":["BaseMod","Melee Mod","Minty Spire (QoL Compilation)","Rare Cards Sparkle","Relic Stats","Robot Space Explorer","StSLib","The Marked","Unceasing Turn Reminder","everything is the same but u backflip on backflip"],"gold_per_floor":[109,109,119,134,150,150,28,46,46,76,93,110,110,123,123,224,224,244,259,274,189,189,93,93,122,122,122,139,139,139],"floor_reached":29,"playtime":1953,"items_purged":["Pain"],"score":264,"play_id":"03c27c01-d3b8-4dbd-9fa9-9cc92b0b4919","local_time":"20201231124438","is_ascension_mode":false,"campfire_choices":[{"data":"theMarked:SoldierOfQuellstein","floor":6,"key":"SMITH"},{"data":"theMarked:RogueSparks","floor":13,"key":"SMITH"},{"floor":15,"key":"REST"},{"data":"theMarked:SummonStrength","floor":24,"key":"SMITH"},{"floor":27,"key":"REST"}],"circlet_count":0,"master_deck":["theMarked:Defend","theMarked:Defend","theMarked:Defend","theMarked:Defend","theMarked:SoldierOfQuellstein+1","theMarked:EmpowerWeapon","theMarked:AttractMetal","theMarked:RogueSparks+1","theMarked:AttractMetal","theMarked:ParalyzingBlade","theMarked:EmpowerWeapon","theMarked:AttractMetal","theMarked:SummonStrength+1","theMarked:ParalyzingBlade","Bite","Bite","Bite","Bite","Bite","Good Instincts"],"relics":["theMarked:ArtifactOfAir","Smiling Mask","WarpedTongs","MealTicket","Odd Mushroom","Philosopher\u0027s Stone","Art of War","StrikeDummy","Meat on the Bone"],"acts_visited":["Exordium","TheCity"],"potions_floor_usage":[14,29],"damage_taken":[{"damage":1,"enemies":"2 Louse","floor":1,"turns":3},{"damage":6,"enemies":"Cultist","floor":3,"turns":3},{"damage":4,"enemies":"Jaw Worm","floor":4,"turns":3},{"damage":27,"enemies":"Exordium Wildlife","floor":5,"turns":6},{"damage":3,"enemies":"Gremlin Gang","floor":8,"turns":5},{"damage":6,"enemies":"The Mushroom Lair","floor":10,"turns":4},{"damage":0,"enemies":"Large Slime","floor":11,"turns":4},{"damage":0,"enemies":"3 Louse","floor":12,"turns":3},{"damage":1,"enemies":"Gremlin Gang","floor":14,"turns":4},{"damage":20,"enemies":"Hexaghost","floor":16,"turns":10},{"damage":0,"enemies":"Spheric Guardian","floor":18,"turns":3},{"damage":2,"enemies":"Chosen","floor":19,"turns":6},{"damage":10,"enemies":"Snake Plant","floor":20,"turns":4},{"damage":50,"enemies":"Slavers","floor":25,"turns":6},{"damage":15,"enemies":"Centurion and Healer","floor":28,"turns":8},{"damage":7,"enemies":"Gremlin Leader","floor":29,"turns":3}],"seed_played":"4892826802085316426","potions_obtained":[{"floor":3,"key":"theMarked:ChargePotion"},{"floor":4,"key":"Block Potion"},{"floor":10,"key":"LiquidBronze"},{"floor":20,"key":"theMarked:SummonPotion"}],"is_trial":false,"path_per_floor":["M","?","M","M","M","R","$","M","T","?","M","M","R","M","R","B",null,"M","M","M","?","?","$","R","E","T","R","M","E"],"character_chosen":"THE_DEFAULT","items_purchased":["theMarked:RogueSparks","Good Instincts"],"campfire_rested":2,"item_purchase_floors":[7,23],"current_hp_per_floor":[69,69,63,59,32,32,32,29,29,23,23,23,23,22,43,23,70,70,68,58,58,49,49,49,9,9,23,28,21,21],"gold":139,"neow_bonus":"RANDOM_COMMON_RELIC","is_daily":false,"chose_seed":false,"campfire_upgraded":3,"win_rate":0.0,"timestamp":1609415078,"path_taken":["M","?","?","M","M","R","$","M","T","?","M","M","R","M","R","BOSS","M","M","M","?","?","?","R","E","T","R","M","E"],"items_purchased_type":["Card","Card"],"build_version":"2020-12-18","purchased_purges":1,"victory":false,"max_hp_per_floor":[70,70,70,70,70,70,70,70,70,70,70,70,70,70,70,70,70,70,70,70,70,49,49,49,49,49,49,49,49,49],"relic_stats":{"counters":[16,75],"MealTicket":0,"Art of War":[2],"Smiling Mask":25,"obtain_stats":[{"theMarked:ArtifactOfAir":0,"MealTicket":9,"Philosopher\u0027s Stone":17,"Art of War":21,"Odd Mushroom":10,"Smiling Mask":0,"StrikeDummy":25,"WarpedTongs":2,"Meat on the Bone":26},{"theMarked:ArtifactOfAir":0,"MealTicket":5,"Philosopher\u0027s Stone":10,"Art of War":13,"Odd Mushroom":6,"Smiling Mask":0,"StrikeDummy":14,"WarpedTongs":1,"Meat on the Bone":14},{"theMarked:ArtifactOfAir":0,"MealTicket":20,"Philosopher\u0027s Stone":45,"Art of War":58,"Odd Mushroom":24,"Smiling Mask":0,"StrikeDummy":64,"WarpedTongs":3,"Meat on the Bone":64}],"WarpedTongs":[71],"Meat on the Bone":0},"card_choices":[{"not_picked":["theMarked:SwordAndMagic","theMarked:BanishingWave"],"picked":"theMarked:EmpowerWeapon","floor":1},{"not_picked":["theMarked:GodGivenPower","theMarked:DeterminationOfTheMarked","theMarked:Parkour"],"picked":"SKIP","floor":3},{"not_picked":["theMarked:Static","theMarked:Aftermath","theMarked:Generate"],"picked":"SKIP","floor":4},{"not_picked":["theMarked:ChainLightning","theMarked:ResourceFulStrike"],"picked":"theMarked:AttractMetal","floor":5},{"not_picked":["theMarked:Improvise","theMarked:ShockingTouch","theMarked:WastefulAttack"],"picked":"SKIP","floor":8},{"not_picked":["theMarked:ElectricStrings","theMarked:SwordAndMagic"],"picked":"theMarked:AttractMetal","floor":10},{"not_picked":["theMarked:WardOff","theMarked:GodGivenPower"],"picked":"theMarked:ParalyzingBlade","floor":11},{"not_picked":["theMarked:WastefulDefense","theMarked:TunnelVision"],"picked":"theMarked:EmpowerWeapon","floor":12},{"not_picked":["theMarked:TwofoldDefense","theMarked:EmpowerWeapon"],"picked":"theMarked:AttractMetal","floor":14},{"not_picked":["theMarked:Snap","theMarked:FavorableWinds"],"picked":"theMarked:SummonStrength","floor":16},{"not_picked":["theMarked:CreepingChasm","theMarked:WastefulDefense","theMarked:Aftermath"],"picked":"SKIP","floor":18},{"not_picked":["theMarked:ContemptForTheProud","theMarked:Improvise"],"picked":"theMarked:ParalyzingBlade","floor":19},{"not_picked":["theMarked:ResourceFulStrike","theMarked:PowerFlow","theMarked:Electrify"],"picked":"SKIP","floor":20},{"not_picked":["theMarked:Frustration","theMarked:SelfDefenseTraining","theMarked:WardOff+1"],"picked":"SKIP","floor":25},{"not_picked":["theMarked:Parkour","theMarked:TunnelVision+1","theMarked:BanishingStrike"],"picked":"SKIP","floor":28}],"player_experience":650691,"relics_obtained":[{"floor":9,"key":"MealTicket"},{"floor":10,"key":"Odd Mushroom"},{"floor":25,"key":"StrikeDummy"},{"floor":26,"key":"Meat on the Bone"}],"event_choices":[{"damage_healed":0,"gold_gain":0,"player_choice":"Rummage","damage_taken":0,"relics_obtained":["WarpedTongs"],"max_hp_gain":0,"max_hp_loss":0,"event_name":"Accursed Blacksmith","floor":2,"gold_loss":0,"cards_obtained":["Pain"]},{"damage_healed":0,"gold_gain":0,"player_choice":"Fought Mushrooms","damage_taken":0,"max_hp_gain":0,"max_hp_loss":0,"event_name":"Mushrooms","floor":10,"gold_loss":0},{"damage_healed":0,"gold_gain":0,"player_choice":"Obtained Relic","damage_taken":0,"relics_obtained":["Art of War"],"max_hp_gain":0,"max_hp_loss":0,"event_name":"Addict","floor":21,"gold_loss":85},{"damage_healed":0,"gold_gain":0,"player_choice":"Became a vampire","damage_taken":0,"max_hp_gain":0,"max_hp_loss":21,"event_name":"Vampires","floor":22,"gold_loss":0,"cards_obtained":["Bite","Bite","Bite","Bite","Bite"]}],"is_beta":true,"boss_relics":[{"not_picked":["Coffee Dripper","Pandora\u0027s Box"],"picked":"Philosopher\u0027s Stone"}],"items_purged_floors":[7],"is_endless":false,"potions_floor_spawned":[3,4,10,12,20,28],"killed_by":"Gremlin Leader","ascension_level":0}}