{"host":"6z6y4ky8uzsz1dpj","time":1609382884,"event":{"mods":["AchievementEnabler","BaseMod","BetterRewards","Challenge The Spire","Colored Map","Custom Start","Hubris","Mad Scientist","Minty Spire (QoL Compilation)","Quick Restart","Relic Stats","Replay The Spire","StSLib","The Jungle"],"gold_per_floor":[109,124,141,72,85,85,97,114,163,163,163],"floor_reached":10,"playtime":2102,"items_purged":[],"score":62,"play_id":"79e25493-4497-4341-8023-af1127687503","local_time":"20201230214804","is_ascension_mode":false,"campfire_choices":[{"data":"MadScienceMod:MinatureWeapons","floor":6,"key":"SMITH"}],"circlet_count":0,"master_deck":["MadScienceMod:Strike_MadScience","MadScienceMod:Strike_MadScience","MadScienceMod:Strike_MadScience","MadScienceMod:Strike_MadScience","MadScienceMod:Defend_MadScience","MadScienceMod:Defend_MadScience","MadScienceMod:Defend_MadScience","MadScienceMod:Defend_MadScience","MadScienceMod:PoweredStrike","MadScienceMod:HideBehindJunk","MadScienceMod:AssemblyLine","MadScienceMod:Weaponize","MadScienceMod:AntimatterBomb","MadScienceMod:MinatureWeapons+1","MadScienceMod:MinatureWeapons"],"relics":["MadScienceMod:FuelTank","Peace Pipe","Oddly Smooth Stone","Lantern"],"acts_visited":["Exordium"],"potions_floor_usage":[10],"damage_taken":[{"damage":3,"enemies":"Cultist","floor":1,"turns":5},{"damage":4,"enemies":"Jaw Worm","floor":2,"turns":5},{"damage":6,"enemies":"2 Louse","floor":3,"turns":4},{"damage":14,"enemies":"Red Slaver","floor":5,"turns":5},{"damage":18,"enemies":"Exordium Wildlife","floor":7,"turns":6},{"damage":6,"enemies":"2 Fungi Beasts","floor":8,"turns":6},{"damage":24,"enemies":"Gremlin Nob","floor":10,"turns":5}],"seed_played":"-1415835335944643529","potions_obtained":[{"floor":3,"key":"Elixir"},{"floor":7,"key":"Languid Potion"}],"is_trial":false,"path_per_floor":["M","M","M","$","M","R","M","M","T","E"],"character_chosen":"MAD_SCIENTIST","items_purchased":["MadScienceMod:AssemblyLine","Oddly Smooth Stone","MadScienceMod:MinatureWeapons"],"campfire_rested":0,"item_purchase_floors":[0,0,4],"current_hp_per_floor":[72,68,62,62,48,48,30,24,24,0,0],"gold":163,"neow_bonus":"","is_daily":false,"chose_seed":false,"campfire_upgraded":1,"win_rate":0.0,"timestamp":1609382884,"path_taken":["M","M","?","$","M","R","M","M","T","E"],"items_purchased_type":["Card","Relic","Card"],"build_version":"2020-12-22","purchased_purges":0,"victory":false,"max_hp_per_floor":[75,75,75,75,75,75,75,75,75,75,75],"relic_stats":{"Peace Pipe":0,"counters":[7,36],"obtain_stats":[{"MadScienceMod:FuelTank":0,"Peace Pipe":0,"Lantern":9,"hubris:AstralHammer":0,"Oddly Smooth Stone":0},{"MadScienceMod:FuelTank":0,"Peace Pipe":0,"Lantern":6,"hubris:AstralHammer":0,"Oddly Smooth Stone":0},{"MadScienceMod:FuelTank":0,"Peace Pipe":0,"Lantern":31,"hubris:AstralHammer":0,"Oddly Smooth Stone":0}]},"card_choices":[{"not_picked":["MadScienceMod:ShrinkRay","MadScienceMod:Detonate"],"picked":"MadScienceMod:Weaponize","floor":1},{"not_picked":["MadScienceMod:Sprocket","MadScienceMod:Bayonet"],"picked":"MadScienceMod:AntimatterBomb","floor":2},{"not_picked":["MadScienceMod:Detonate","MadScienceMod:FumeBlast","MadScienceMod:RadioactiveSword"],"picked":"SKIP","floor":3},{"not_picked":["MadScienceMod:Virus","MadScienceMod:ParticleBeam","MadScienceMod:ExtractOil"],"picked":"SKIP","floor":5},{"not_picked":["MadScienceMod:MechanicalClaw","MadScienceMod:ShrinkRay"],"picked":"MadScienceMod:MinatureWeapons","floor":7},{"not_picked":["MadScienceMod:ExtractOil","MadScienceMod:Refuel","MadScienceMod:NowOrNever"],"picked":"SKIP","floor":8}],"player_experience":216420,"relics_obtained":[{"floor":9,"key":"Lantern"}],"event_choices":[],"is_beta":false,"boss_relics":[],"items_purged_floors":[],"is_endless":false,"potions_floor_spawned":[3,7],"killed_by":"Gremlin Nob","ascension_level":0}}