{"host":"hwrdjx5eod2cxh09","time":1609403208,"event":{"mods":["AchievementEnabler","BaseMod","Bestiary","Minty Spire (QoL Compilation)","Relic Stats"],"gold_per_floor":[117,128,128,146,164,189,206,231,231,244,244,244,5,23,23,123,123,123],"floor_reached":17,"playtime":760,"items_purged":["Zap"],"score":169,"play_id":"9092bb51-b913-4503-b2e3-5acd02ab972e","local_time":"20201231172648","is_ascension_mode":false,"campfire_choices":[{"floor":12,"key":"REST"},{"floor":15,"key":"REST"}],"circlet_count":0,"master_deck":["Dualcast","Beam Cell","Go for the Eyes","Reprogram","Conserve Battery","Streamline","Turbo","Fusion","Reprogram","Finesse","Auto Shields","Reboot","Hello World","Blizzard","Blizzard","Genetic Algorithm","Sunder","FTL","Chaos","Glacier"],"relics":["Cracked Core","DataDisk","PreservedInsect","Blue Candle","Pandora\u0027s Box"],"acts_visited":["Exordium","TheCity"],"potions_floor_usage":[6,16,16],"damage_taken":[{"damage":1,"enemies":"Cultist","floor":1,"turns":3},{"damage":2,"enemies":"Small Slimes","floor":2,"turns":3},{"damage":0,"enemies":"2 Louse","floor":4,"turns":3},{"damage":0,"enemies":"2 Fungi Beasts","floor":5,"turns":3},{"damage":28,"enemies":"Gremlin Nob","floor":6,"turns":5},{"damage":0,"enemies":"Large Slime","floor":7,"turns":5},{"damage":16,"enemies":"Lagavulin","floor":8,"turns":7},{"damage":3,"enemies":"Looter","floor":10,"turns":3},{"damage":21,"enemies":"Exordium Thugs","floor":14,"turns":7},{"damage":28,"enemies":"Slime Boss","floor":16,"turns":14}],"seed_played":"7948513988874409360","potions_obtained":[{"floor":2,"key":"FairyPotion"},{"floor":4,"key":"FearPotion"},{"floor":7,"key":"Block Potion"},{"floor":10,"key":"Swift Potion"},{"floor":16,"key":"Swift Potion"}],"is_trial":false,"path_per_floor":["M","M","?","M","M","E","M","E","T","M","?","R","$","M","R","B",null],"character_chosen":"DEFECT","items_purchased":["Reprogram","Finesse"],"campfire_rested":2,"item_purchase_floors":[13,13],"current_hp_per_floor":[74,72,57,57,57,29,29,13,13,10,10,32,32,11,33,5,75,75],"gold":123,"neow_bonus":"THREE_CARDS","is_daily":false,"chose_seed":false,"campfire_upgraded":0,"win_rate":0.0,"timestamp":1609403208,"path_taken":["M","M","?","M","M","E","M","E","T","M","?","R","$","M","R","BOSS"],"items_purchased_type":["Card","Card"],"build_version":"2020-12-22","purchased_purges":1,"victory":false,"max_hp_per_floor":[75,75,75,75,75,75,75,75,75,75,75,75,75,75,75,75,75,75],"relic_stats":{"counters":[10,53],"Blue Candle":[0],"Pandora\u0027s Box":["Hello World","Blizzard","Blizzard","Genetic Algorithm","Sunder","FTL","Chaos","Glacier"],"PreservedInsect":0,"obtain_stats":[{"DataDisk":6,"Blue Candle":9,"Pandora\u0027s Box":17,"PreservedInsect":8,"Cracked Core":0},{"DataDisk":5,"Blue Candle":7,"Pandora\u0027s Box":10,"PreservedInsect":7,"Cracked Core":0},{"DataDisk":17,"Blue Candle":29,"Pandora\u0027s Box":53,"PreservedInsect":29,"Cracked Core":0}]},"card_choices":[{"not_picked":["Barrage","Leap"],"picked":"Beam Cell","floor":0},{"not_picked":["Conserve Battery","Loop"],"picked":"Go for the Eyes","floor":1},{"not_picked":["Barrage","Force Field","Lockon"],"picked":"SKIP","floor":2},{"not_picked":["Compile Driver","Loop"],"picked":"Reprogram","floor":4},{"not_picked":["Chill","Rip and Tear"],"picked":"Conserve Battery","floor":5},{"not_picked":["Fission","Aggregate"],"picked":"Streamline","floor":6},{"not_picked":["Hello World","Blizzard"],"picked":"Turbo","floor":7},{"not_picked":["Skim","Buffer"],"picked":"Fusion","floor":8},{"not_picked":["Redo","Force Field","Fusion"],"picked":"SKIP","floor":10},{"not_picked":["Steam Power","Hologram"],"picked":"Auto Shields","floor":14},{"not_picked":["Biased Cognition","Thunder Strike"],"picked":"Reboot","floor":16}],"player_experience":116348,"relics_obtained":[{"floor":6,"key":"DataDisk"},{"floor":8,"key":"PreservedInsect"},{"floor":9,"key":"Blue Candle"}],"event_choices":[{"damage_healed":0,"gold_gain":0,"player_choice":"Entered Light","damage_taken":15,"max_hp_gain":0,"max_hp_loss":0,"event_name":"Shining Light","floor":3,"gold_loss":0,"cards_upgraded":["Defend_B","Strike_B"]},{"damage_healed":0,"gold_gain":0,"player_choice":"Ignored","damage_taken":0,"max_hp_gain":0,"max_hp_loss":0,"event_name":"NoteForYourself","floor":11,"gold_loss":0}],"is_beta":false,"boss_relics":[{"not_picked":["Velvet Choker","Calling Bell"],"picked":"Pandora\u0027s Box"}],"items_purged_floors":[13],"is_endless":false,"potions_floor_spawned":[2,4,7,10,14,16],"ascension_level":0}}