{"host":"leop","time":1609411302,"event":{"mods":["Act Like it!","BaseMod","GifTheSpireLib","Minty Spire (QoL Compilation)","MostiFishMod","Pale of the Ancients","Quick Restart","Shop Mod","Spicy Shops","StSLib","TestMod","noobMod","°æ“≈ŒÔø®≈∆°øREMEMod","¿œ“¡¿Ú—≈"],"gold_per_floor":[19,19,19,419,419,453,467,501,501,541,559,330,355,355,355,486,-914,-898,-846,-772,403,449,642,836,1216,1241,596,596,756,880,450,450,633,633,716,716,5,26,89,128,128,161,186,202,242,242,276,290,290,290,355,373,373,173,173,314,314,89,89,89],"floor_reached":61,"playtime":6059,"items_purged":["PrismaMod:ChloeCommonAttack","PrismaMod:ChloeCommonAttack+1","PrismaMod:ChloeCommonAttack+1","PrismaMod:ChloeCommonDefend+1","PrismaMod:ChloeCommonDefend+1","PrismaMod:ChloeCommonDefend+1","PrismaMod:ChloeCommonDefend+1"],"score":2446,"play_id":"9b8ad05b-13f2-404e-ab74-0e1005e47e19","local_time":"20201231184142","is_ascension_mode":true,"campfire_choices":[{"floor":15.0,"key":"RECALL"},{"floor":32.0,"key":"REST"},{"floor":41.0,"key":"REST"},{"floor":46.0,"key":"REST"},{"floor":49.0,"key":"REST"},{"floor":55,"key":"REST"},{"floor":57,"key":"REST"}],"circlet_count":0,"master_deck":["PrismaMod:ChloeCommonDefend+1","PrismaMod:ChloeCheapAttack+1","PrismaMod:ChloeCheapDefend+1","PrismaMod:ChloeAnyPowerTrace+1","PrismaMod:ChloeExcalibur+1","PrismaMod:ChloeAnyUncommonTrace+1","PrismaMod:ChloeUnlimitedBladeWorks+1","PrismaMod:ChloeUnlimitedBladeWorks+1","PrismaMod:ChloeRuleBreaker+1","PrismaMod:ChloeAnySkillTrace+1"],"relics":["PrismaMod:PrismaTraceOn","ice","DaveBox","REME_ComplimentaryCards","testmod-ChristmasGift","DSteel32","SynthV:TestCard","Golden Idol","HornCleat","testmod-Justice","Shuriken","BrkXgEgg","SynthV:MejaisSoulstealer","Art of War","Centennial Puzzle","War Paint","Bag of Preparation","Omamori","MerchantsRug","Nilry\u0027s Codex","Gremlin Horn","ClockworkSouvenir","testmod-Fanaticism","OrangePellets","Mummified Hand","Dodecahedron","Lantern","Ice Cream","SynthV:C4","Vajra","Boot","paleoftheancients:Timepiece","paleoftheancients:KeyRelic","Anchor","paleoftheancients:SoulOfTheHexaghost"],"acts_visited":["Exordium","TheCity","TheBeyond","paleoftheancients:PaleOfTheAncients"],"potions_floor_usage":[],"damage_taken":[{"damage":11.0,"enemies":"2 Louse","floor":1.0,"turns":5.0},{"damage":0.0,"enemies":"Lagavulin","floor":6.0,"turns":6.0},{"damage":14.0,"enemies":"Small Slimes","floor":7.0,"turns":3.0},{"damage":4.0,"enemies":"3 Sentries","floor":8.0,"turns":5.0},{"damage":18.0,"enemies":"Lagavulin","floor":10.0,"turns":5.0},{"damage":0.0,"enemies":"Cultist","floor":11.0,"turns":3.0},{"damage":0.0,"enemies":"Red Slaver","floor":13.0,"turns":2.0},{"damage":2.0,"enemies":"The Guardian","floor":16.0,"turns":9.0},{"damage":0.0,"enemies":"3 Byrds","floor":18.0,"turns":2.0},{"damage":1.0,"enemies":"Shell Parasite","floor":20.0,"turns":2.0},{"damage":0.0,"enemies":"Sentry and Sphere","floor":21.0,"turns":3.0},{"damage":1.0,"enemies":"Cultist and Chosen","floor":22.0,"turns":5.0},{"damage":0.0,"enemies":"REME_1_Revenger","floor":23.0,"turns":3.0},{"damage":0.0,"enemies":"3 Cultists","floor":24.0,"turns":1.0},{"damage":0.0,"enemies":"Slavers","floor":25.0,"turns":2.0},{"damage":0.0,"enemies":"Shelled Parasite and Fungi","floor":29.0,"turns":1.0},{"damage":6.0,"enemies":"Book of Stabbing","floor":30.0,"turns":2.0},{"damage":0.0,"enemies":"Champ","floor":33.0,"turns":2.0},{"damage":0.0,"enemies":"3 Shapes","floor":35.0,"turns":2.0},{"damage":0.0,"enemies":"Orb Walker","floor":38.0,"turns":1.0},{"damage":0.0,"enemies":"Writhing Mass","floor":39.0,"turns":1.0},{"damage":0.0,"enemies":"Giant Head","floor":40.0,"turns":1.0},{"damage":0.0,"enemies":"Reptomancer","floor":42.0,"turns":1.0},{"damage":0.0,"enemies":"Transient","floor":44.0,"turns":1.0},{"damage":0.0,"enemies":"Nemesis","floor":45.0,"turns":1.0},{"damage":0.0,"enemies":"Giant Head","floor":47.0,"turns":1.0},{"damage":0.0,"enemies":"Maw","floor":48.0,"turns":1.0},{"damage":0.0,"enemies":"Donu and Deca","floor":50.0,"turns":1.0},{"damage":0.0,"enemies":"Donu and Deca","floor":51.0,"turns":1.0},{"damage":0.0,"enemies":"Donu and Deca","floor":52.0,"turns":1.0},{"damage":0,"enemies":"","floor":56,"turns":1},{"damage":0,"enemies":"paleoftheancients:N","floor":60,"turns":2}],"seed_played":"-6055154953242148737","potions_obtained":[{"floor":10.0,"key":"Dexterity Potion"},{"floor":16.0,"key":"Regen Potion"},{"floor":18.0,"key":"SkillPotion"},{"floor":33.0,"key":"DuplicationPotion"}],"is_trial":false,"path_per_floor":["M","$","?","?","?","E","M","E","T","E","M","$","M","?","R","B",null,"M","T","M","M","M","E","M","E","T","$","?","M","E","$","R","B",null,"M","?","$","M","M","E","R","E","T","M","E","R","E","M","R","B","M","M","?","$","R","M","R","$","?","B",null],"character_chosen":"CHLOE","items_purchased":["BrkXgEgg","Bag of Preparation","DollysMirror","Omamori","MerchantsRug","ClockworkSouvenir","OrangePellets","Mummified Hand","Dodecahedron"],"campfire_rested":6,"item_purchase_floors":[12,27,27,27,27,31,37,37,37],"current_hp_per_floor":[58,58,58,58,63,67,53,56,56,57,65,65,73,73,73,81,81,81,81,81,102,101,102,105,108,108,108,92,111,111,111,111,111,111,111,111,111,111,111,114,114,114,114,114,114,114,114,114,114,119,119,119,119,119,119,122,122,122,122,122],"gold":89,"neow_bonus":"REMOVE_TWO","is_daily":false,"chose_seed":false,"campfire_upgraded":0,"win_rate":0.0,"timestamp":1609411302,"path_taken":["M","$","?","?","?","E","M","E","T","E","M","$","M","?","R","BOSS","M","?","?","M","M","E","M","E","T","$","?","M","E","?","R","BOSS","M","?","$","M","M","E","R","E","T","M","E","R","E","M","R","BOSS","M","M","?","$","R","M","R","$","?","BOSS"],"items_purchased_type":["Relic","Relic","Relic","Relic","Relic","Relic","Relic","Relic","Relic"],"build_version":"2020-12-18","purchased_purges":7,"victory":true,"max_hp_per_floor":[75,75,69,69,74,74,74,74,74,81,81,81,81,81,81,81,81,81,81,81,102,102,102,105,108,108,108,108,111,111,111,111,111,111,111,111,111,111,111,114,114,114,114,114,114,114,114,114,114,119,119,119,119,119,119,122,122,122,122,122],"card_choices":[{"not_picked":["PrismaMod:ChloeCommonAOEAttack","PrismaMod:ChloeCheapDefend","PrismaMod:ChloeEyeOfTheEuryale"],"picked":"SKIP","floor":1.0},{"not_picked":["PrismaMod:ChloeDiscardRecovery","PrismaMod:ChloeCheapAttack","PrismaMod:ChloeCheapDefend","PrismaMod:ChloeCommonAOEAttack"],"picked":"PrismaMod:ChloeAnyPowerTrace","floor":6.0},{"not_picked":["PrismaMod:ChloeCheapDefend","PrismaMod:ChloeBetterTracePools","PrismaMod:ChloeCommonAOEAttack","PrismaMod:ChloeCheapAttackTwo"],"picked":"PrismaMod:ChloeExcalibur","floor":7.0},{"not_picked":["PrismaMod:ChloeCheapAttackTwo","PrismaMod:ChloeCheapAttack","PrismaMod:ChloeCheapDefend","PrismaMod:ChloeDiscardRecovery","PrismaMod:ChloeAnySkillTrace","PrismaMod:ChloeExhaustOne"],"picked":"SKIP","floor":8.0},{"not_picked":["PrismaMod:ChloeChristmas","PrismaMod:ChloeCheapDefendTwo","PrismaMod:ChloeCheapAttack","PrismaMod:ChloeUncommonAOEAttack"],"picked":"PrismaMod:ChloeAnyUncommonTrace","floor":10.0},{"not_picked":["PrismaMod:ChloeCommonAOEAttack","PrismaMod:ChloeUncommonAOEAttack","PrismaMod:ChloeMordred","PrismaMod:ChloeDiscardRecovery","PrismaMod:ChloeEyeOfTheEuryale"],"picked":"SKIP","floor":11.0},{"not_picked":["PrismaMod:ChloeCheapDefend","PrismaMod:ChloeCheapAttackTwo","PrismaMod:ChloeCheapAttack","PrismaMod:ChloeExhaustOne","PrismaMod:ChloeUncommonAttack"],"picked":"SKIP","floor":13.0},{"not_picked":["PrismaMod:ChloeAnyCommonTrace+1","PrismaMod:ChloeDevil+","PrismaMod:ChloeAnyRareTrace+1","PrismaMod:ChloeReshuffleDiscard+1"],"picked":"PrismaMod:ChloeUnlimitedBladeWorks+1","floor":16.0},{"not_picked":["PrismaMod:ChloeCheapAttackTwo+1","PrismaMod:ChloeCheapDefendTwo","PrismaMod:ChloeCheapAttack+1","PrismaMod:ChloeDemonicTutor","PrismaMod:ChloeCheapDefend","PrismaMod:ChloeDiscardRecovery","PrismaMod:ChloeGaeBolg+1","PrismaMod:ChloeExhaustOne+1","PrismaMod:ChloeCaladbolg"],"picked":"SKIP","floor":18.0},{"not_picked":["PrismaMod:ChloeCheapAttackTwo","PrismaMod:ChloeCommonAOEAttack","PrismaMod:ChloeCheapAttack+1","PrismaMod:ChloeAnyUncommonTrace+1","PrismaMod:ChloeMaid"],"picked":"SKIP","floor":20.0},{"not_picked":["PrismaMod:ChloeCheapAttackTwo","PrismaMod:ChloeCheapDefendTwo","PrismaMod:ChloeExhaustOne+1","PrismaMod:ChloeDiscardRecovery","PrismaMod:ChloeCheapDefend"],"picked":"SKIP","floor":21.0},{"not_picked":["PrismaMod:ChloeCommonAOEAttack","PrismaMod:ChloeDiscardRecovery","PrismaMod:ChloeExhaustOne+1","PrismaMod:ChloeCaladbolg","PrismaMod:ChloeMordred"],"picked":"SKIP","floor":22.0},{"not_picked":["PrismaMod:ChloeCheapAttackTwo+1","PrismaMod:ChloeDiscardRecovery","PrismaMod:ChloeMordred+1","PrismaMod:ChloeUncommonDefend","PrismaMod:ChloeDemonicTutor+1"],"picked":"SKIP","floor":23.0},{"not_picked":["PrismaMod:ChloeCheapDefendTwo","PrismaMod:ChloeCheapAttackTwo","PrismaMod:ChloeExcalibur","PrismaMod:ChloeDiscardRecovery+1","PrismaMod:ChloeCheapDefend"],"picked":"SKIP","floor":24.0},{"not_picked":["PrismaMod:ChloeAnyAttackTrace+1","PrismaMod:ChloeChristmas","PrismaMod:ChloeDiscardRecovery+1","PrismaMod:ChloeCommonAOEAttack","PrismaMod:ChloeCheapAttackTwo+1"],"picked":"SKIP","floor":25.0},{"not_picked":["PrismaMod:ChloeRitsuka","PrismaMod:ChloeCheapAttack","PrismaMod:ChloeBetterTracePools","PrismaMod:ChloeCheapDefend","PrismaMod:ChloeCheapAttackTwo+1"],"picked":"SKIP","floor":29.0},{"not_picked":["PrismaMod:ChloeAnyUncommonTrace+1","PrismaMod:ChloeChristmas","PrismaMod:ChloeCheapAttack+1","PrismaMod:ChloeUncommonAttack","PrismaMod:ChloeRuleBreaker+1"],"picked":"SKIP","floor":30.0},{"not_picked":["PrismaMod:ChloeAnyUncommonTrace+1","PrismaMod:ChloeChristmas","PrismaMod:ChloeCheapAttack+1","PrismaMod:ChloeUncommonAttack"],"picked":"PrismaMod:ChloeRuleBreaker+1","floor":30.0},{"not_picked":["PrismaMod:ChloeAnyPowerTrace+1","PrismaMod:ChloeCarnivalDefend+1","PrismaMod:ChloeHalloween+1","PrismaMod:ChloeAnyUncommonTrace+1"],"picked":"PrismaMod:ChloeAnySkillTrace+1","floor":33.0},{"not_picked":["PrismaMod:ChloeCheapAttack+1","PrismaMod:ChloeEyeOfTheEuryale+1","PrismaMod:ChloeRuleBreaker","PrismaMod:ChloeDiscardRecovery","PrismaMod:ChloeExhaustOne"],"picked":"SKIP","floor":35.0},{"not_picked":["PrismaMod:ChloeExhaustThree+1","PrismaMod:ChloeCheapDefendTwo","PrismaMod:ChloeExhaustOne","PrismaMod:ChloeCaladbolg","PrismaMod:ChloeCheapAttackTwo"],"picked":"SKIP","floor":38.0},{"not_picked":["PrismaMod:ChloeExhaustOne+1","PrismaMod:ChloeMordred+1","PrismaMod:ChloeUncommonAOEAttack+1","PrismaMod:ChloeCheapDefendTwo","PrismaMod:ChloeRuleBreaker"],"picked":"SKIP","floor":39.0},{"not_picked":["PrismaMod:ChloeExhaustOne+1","PrismaMod:ChloeCheapAttackTwo+1","PrismaMod:ChloeCarnivalAttack+1","PrismaMod:ChloeCheapAttack+1","PrismaMod:ChloeDiscardRecovery+1"],"picked":"SKIP","floor":40.0},{"not_picked":["PrismaMod:ChloeExhaustOne+1","PrismaMod:ChloeEyeOfTheEuryale","PrismaMod:ChloeCaladbolg","PrismaMod:ChloeBetterTracePools","PrismaMod:ChloeExhaustThree+1"],"picked":"SKIP","floor":42.0},{"not_picked":["PrismaMod:ChloeDiscardRecovery","PrismaMod:ChloeCheapAttackTwo+1","PrismaMod:ChloeCommonAOEAttack","PrismaMod:ChloeMordred","PrismaMod:ChloeCheapDefend"],"picked":"SKIP","floor":44.0},{"not_picked":["PrismaMod:ChloeCommonAOEAttack+1","PrismaMod:ChloeCheapAttackTwo","PrismaMod:ChloeCheapDefend+1","PrismaMod:ChloeExhaustOne","PrismaMod:ChloeCheapAttack+1"],"picked":"SKIP","floor":45.0},{"not_picked":["PrismaMod:ChloeCheapAttackTwo+1","PrismaMod:ChloeRhongomyniad+1","PrismaMod:ChloeExcalibur+1","PrismaMod:ChloeCheapDefend","PrismaMod:ChloeCheapDefendTwo+1"],"picked":"SKIP","floor":47.0},{"not_picked":["PrismaMod:ChloeExhaustOne+1","PrismaMod:ChloeCheapAttackTwo+1","PrismaMod:ChloeCheapAttack+1","PrismaMod:ChloeDiscardRecovery+1","PrismaMod:ChloeCommonAOEAttack+1"],"picked":"SKIP","floor":48.0},{"not_picked":["PrismaMod:ChloeExhaustOne+1","PrismaMod:ChloeCheapDefendTwo","PrismaMod:ChloeHalloween+1","PrismaMod:ChloeCheapAttackTwo","PrismaMod:ChloeDiscardRecovery"],"picked":"SKIP","floor":51.0},{"not_picked":["PrismaMod:ChloeEyeOfTheEuryale+1","PrismaMod:ChloeDiscardRecovery","PrismaMod:ChloeCheapDefendTwo","PrismaMod:ChloeCheapAttackTwo","PrismaMod:ChloeDoubleRelicSpeed+1"],"picked":"SKIP","floor":52.0},{"not_picked":["PrismaMod:ChloeCheapDefendTwo+1","PrismaMod:ChloeDemonicTutor+1","PrismaMod:ChloeCaladbolg","PrismaMod:ChloeCheapAttackTwo","PrismaMod:ChloeCommonAOEAttack+1"],"picked":"SKIP","floor":56}],"player_experience":1009649,"relics_obtained":[{"floor":1.0,"key":"SynthV:TestCard"},{"floor":6.0,"key":"HornCleat"},{"floor":8.0,"key":"testmod-Justice"},{"floor":9.0,"key":"Shuriken"},{"floor":10.0,"key":"Strawberry"},{"floor":19.0,"key":"Art of War"},{"floor":23.0,"key":"Centennial Puzzle"},{"floor":25.0,"key":"War Paint"},{"floor":28.0,"key":"Nilry\u0027s Codex"},{"floor":30.0,"key":"Gremlin Horn"},{"floor":40.0,"key":"Lantern"},{"floor":42.0,"key":"Ice Cream"},{"floor":43.0,"key":"SynthV:C4"},{"floor":45.0,"key":"Vajra"},{"floor":47.0,"key":"Boot"},{"floor":56,"key":"paleoftheancients:SoulOfTheHexaghost"}],"event_choices":[{"damage_healed":0.0,"max_hp_gain":0.0,"max_hp_loss":6.0,"gold_gain":0.0,"event_name":"Golden Idol","player_choice":"Lose Max HP","floor":3.0,"gold_loss":0.0,"damage_taken":0.0,"relics_obtained":["Golden Idol"]},{"damage_healed":0.0,"max_hp_gain":0.0,"max_hp_loss":0.0,"gold_gain":400.0,"event_name":"∂˜¬ÂÀπµƒ≈Ã◊”","player_choice":"Sell","floor":4.0,"relics_lost":["testmod-TestBox"],"gold_loss":0.0,"damage_taken":0.0},{"damage_healed":0.0,"max_hp_gain":5.0,"max_hp_loss":0.0,"gold_gain":0.0,"event_name":"Big Fish","player_choice":"Donut","floor":5.0,"gold_loss":0.0,"damage_taken":0.0},{"damage_healed":0.0,"max_hp_gain":0.0,"max_hp_loss":0.0,"gold_gain":0.0,"event_name":"The Woman in Blue","player_choice":"Bought 0 Potions","floor":14.0,"gold_loss":0.0,"damage_taken":0.0},{"damage_healed":0.0,"max_hp_gain":0.0,"max_hp_loss":0.0,"gold_gain":0.0,"event_name":"Cursed Tome","player_choice":"Obtained Book","floor":28.0,"gold_loss":0.0,"damage_taken":16.0},{"cards_removed":["PrismaMod:IllyaInstallCaster"],"damage_healed":0.0,"max_hp_gain":0.0,"max_hp_loss":0.0,"gold_gain":0.0,"event_name":"Falling","player_choice":"Removed Power","floor":36.0,"gold_loss":0.0,"damage_taken":0.0},{"damage_healed":0.0,"max_hp_gain":0.0,"max_hp_loss":0.0,"gold_gain":0.0,"event_name":"Lab","player_choice":"Got Potions","floor":53.0,"gold_loss":0.0,"damage_taken":0.0}],"is_beta":true,"boss_relics":[{"not_picked":["Sozu","Astrolabe"],"picked":"SynthV:MejaisSoulstealer"},{"not_picked":["SlaversCollar","Tiny House"],"picked":"testmod-Fanaticism"}],"items_purged_floors":[12,27,31,31,37,54,58],"is_endless":false,"potions_floor_spawned":[6,10,11,13,16,18,21,25,29,30,33,39,42,44,47,56],"ascension_level":6}}