{"host":"zjc1tzo4ovig5lll","time":1609431120,"event":{"mods":["AchievementEnabler","Aspiration","BaseMod","Beaked The Cultist","Better Altar","Better Match","Better Note","Better Sensory Stone","Colored Map","Colored Powertips","Conspire","Downfall","Energized Spire","Friendly Minions","GifTheSpireLib","Halation","Hermit","Hubris","Minty Spire (QoL Compilation)","Rare Cards Sparkle","Replay The Spire","StSLib","The Blue Laboratory","The Bug Knight","The Construct","The Jungle","everything is the same but u backflip on backflip","vexMod"],"gold_per_floor":[99,112,122,133,153,169,169,169,169,202,227,224,236,248,279,393,405,417,442,464,464,464],"floor_reached":20,"playtime":1101,"items_purged":[],"score":178,"play_id":"0a4b2291-734c-4395-95fe-a163408adb06","local_time":"20201231181200","is_ascension_mode":false,"campfire_choices":[{"floor":1,"key":"DIG"},{"data":"Slimebound:LevelUp","floor":9,"key":"SMITH"},{"data":"Slimebound:RainOfGoop","floor":13,"key":"SMITH"},{"floor":18,"key":"DIG"}],"circlet_count":0,"master_deck":["Slimebound:Strike_Slimebound","Slimebound:Strike_Slimebound+1","Slimebound:Strike_Slimebound","Slimebound:Tackle","Slimebound:Defend_Slimebound","Slimebound:Defend_Slimebound","Slimebound:Defend_Slimebound","Slimebound:Defend_Slimebound","Slimebound:Split+1","Slimebound:CorrosiveSpit","Slimebound:SamplingLick","Slimebound:LevelUp+1","Slimebound:SplitLeeching","Slimebound:RejuvenatingLick","Slimebound:RainOfGoop+1","Slimebound:MegaLick","Slimebound:OozeBath","Slimebound:WasteNot","Slimebound:DisruptingSlam"],"relics":["Slimebound:AbsorbEndCombat","HollowMod:PaleOreRelic","ReplayTheSpireMod:Ninjato","MawBank","vexMod:EndlessSickness","Pen Nib"],"acts_visited":["Exordium","TheCity"],"potions_floor_usage":[],"damage_taken":[{"damage":9,"enemies":"conspire:RoseBush","floor":2,"turns":3},{"damage":9,"enemies":"2 Louse","floor":3,"turns":3},{"damage":11,"enemies":"Small Slimes","floor":4,"turns":3},{"damage":27,"enemies":"Gremlin Gang","floor":5,"turns":4},{"damage":21,"enemies":"3 Louse","floor":6,"turns":4},{"damage":39,"enemies":"Gremlin Nob","floor":10,"turns":4},{"damage":14,"enemies":"conspire:2 RoseBushes","floor":11,"turns":4},{"damage":15,"enemies":"downfall:FleeingMerchant","floor":12,"turns":4},{"damage":13,"enemies":"Red Slaver","floor":15,"turns":4},{"damage":51,"enemies":"downfall:Watcher","floor":16,"turns":7},{"damage":48,"enemies":"3 Byrds","floor":19,"turns":5},{"damage":64,"enemies":"3 Cultists","floor":20,"turns":6}],"seed_played":"7967721542875053627","potions_obtained":[{"floor":4,"key":"Ancient Potion"},{"floor":10,"key":"blueLaboratory:BubblePotion"},{"floor":15,"key":"CultistPotion"}],"is_trial":false,"path_per_floor":["R_BF","M","M","M","M","M","T","?","R","E","M","$","R","?","M","B",null,"R_BF","M","M"],"character_chosen":"SLIMEBOUND","items_purchased":[],"campfire_rested":0,"item_purchase_floors":[],"current_hp_per_floor":[60,60,60,60,49,44,44,44,44,27,35,46,46,46,51,38,60,60,48,28,28,28],"gold":464,"neow_bonus":"UPGRADE_CARD","is_daily":false,"chose_seed":false,"campfire_upgraded":2,"win_rate":0.0,"timestamp":1609431120,"path_taken":["R_BF","M","M","M","M","M","T","?","R","E","M","$","R","?","M","BOSS","R_BF","M","M"],"items_purchased_type":[],"build_version":"2020-12-22","purchased_purges":0,"victory":false,"max_hp_per_floor":[60,60,60,60,60,60,60,60,60,60,60,60,60,60,60,60,60,60,60,60,60,60],"card_choices":[{"not_picked":["Slimebound:SlimeSpikes","Slimebound:FinishingTackle"],"picked":"Slimebound:SamplingLick","floor":2},{"not_picked":["Slimebound:HungryTackle","Slimebound:SplitAcid"],"picked":"Slimebound:LevelUp","floor":3},{"not_picked":["Slimebound:GoopSpray","Slimebound:BestDefense"],"picked":"Slimebound:SplitLeeching","floor":4},{"not_picked":["Slimebound:LeechingTouch","Slimebound:PressTheAttack","Slimebound:SplitAcid"],"picked":"SKIP","floor":5},{"not_picked":["Slimebound:RainOfGoop","Slimebound:HungryTackle"],"picked":"Slimebound:RejuvenatingLick","floor":6},{"not_picked":["Slimebound:SlimeBrawl","Slimebound:Replication","Slimebound:SplitMire"],"picked":"SKIP","floor":10},{"not_picked":["Slimebound:TongueLash","Slimebound:AcidTongue"],"picked":"Slimebound:RainOfGoop","floor":11},{"not_picked":["Slimebound:Chomp","Slimebound:SplitMire"],"picked":"Slimebound:MegaLick","floor":12},{"not_picked":["Slimebound:SplitBruiser","Slimebound:LivingWall"],"picked":"Slimebound:OozeBath","floor":15},{"not_picked":["Slimebound:SlimeSlap","Slimebound:MassRepurpose"],"picked":"Slimebound:WasteNot","floor":16},{"not_picked":["Slimebound:GrowthPunch","Slimebound:PressTheAttack"],"picked":"Slimebound:DisruptingSlam","floor":19}],"player_experience":640333,"relics_obtained":[{"floor":1,"key":"HollowMod:PaleOreRelic"},{"floor":7,"key":"ReplayTheSpireMod:Ninjato"},{"floor":10,"key":"MawBank"},{"floor":18,"key":"Pen Nib"}],"event_choices":[{"damage_healed":0,"gold_gain":0,"player_choice":"Leave","damage_taken":0,"max_hp_gain":0,"max_hp_loss":0,"event_name":"conspire:Investor","floor":8,"gold_loss":0}],"is_beta":false,"boss_relics":[{"not_picked":["Snecko Eye","Replay:Grab Bag"],"picked":"vexMod:EndlessSickness"}],"items_purged_floors":[],"is_endless":false,"potions_floor_spawned":[4,10,15,16,20],"killed_by":"3 Cultists","ascension_level":0}}