{"host":"kiauivt48syq9iz6","time":1609445231,"event":{"mods":["BaseMod","Conspire","Downfall","Hermit","Minty Spire (QoL Compilation)","Replay The Spire","SIMod","StSLib","The Animator","The Construct","The Cursed","The Runesmith","The Servant 0.9.4"],"gold_per_floor":[115,115,131,131,145,145,164,164,164,189,208,208,10,25,25,151,151,171,195,1,1,0,0,0,0,23,23,42,42,58,58,58],"floor_reached":31,"playtime":1108,"items_purged":["Strike_G"],"score":227,"play_id":"c2e68cd6-2d92-4eb7-82da-f76e3c3ec85b","local_time":"20201231130711","is_ascension_mode":false,"campfire_choices":[{"data":"Prepared","floor":6,"key":"SMITH"},{"floor":12,"key":"REST"},{"floor":15,"key":"REST"},{"data":"Prepared","floor":23,"key":"SMITH"},{"floor":25,"key":"REST"},{"data":"A Thousand Cuts","floor":27,"key":"SMITH"},{"data":"Footwork","floor":29,"key":"SMITH"}],"circlet_count":0,"master_deck":["Strike_G","Strike_G","Strike_G","Defend_G","Defend_G","Defend_G","Defend_G","Defend_G","Survivor","Neutralize","Dagger Spray","Injury","Slice","Prepared+1","ReplayTheSpireMod:Scrap Shanks+1","ReplayTheSpireMod:From All Sides","Backflip","Outmaneuver","Tactician","A Thousand Cuts+1","ReplayTheSpireMod:Splinters","Languid","TheCursedMod:Dregs","Bouncing Flask","Footwork+1","Footwork","Prepared+1","Acrobatics","Dagger Throw+1"],"relics":["Ring of the Snake","Golden Idol","construct:FoamFinger","Bag of Preparation","Replay:Ancient Bell","Vajra","Mirror","Unceasing Top","Centennial Puzzle"],"acts_visited":["Exordium","TheCity"],"potions_floor_usage":[11,16,16,16,16,18,18,19,28,31],"damage_taken":[{"damage":3,"enemies":"Jaw Worm","floor":1,"turns":9},{"damage":0,"enemies":"2 Louse","floor":3,"turns":3},{"damage":0,"enemies":"Cultist","floor":5,"turns":4},{"damage":25,"enemies":"conspire:2 RoseBushes","floor":7,"turns":5},{"damage":0,"enemies":"Red Slaver","floor":10,"turns":3},{"damage":0,"enemies":"Exordium Wildlife","floor":11,"turns":2},{"damage":7,"enemies":"conspire:2 RoseBushes","floor":14,"turns":5},{"damage":31,"enemies":"Hexaghost","floor":16,"turns":8},{"damage":14,"enemies":"2 Thieves","floor":18,"turns":4},{"damage":3,"enemies":"conspire:FuzzyDice","floor":19,"turns":8},{"damage":8,"enemies":"Chosen and Byrds","floor":28,"turns":6},{"damage":63,"enemies":"Cultist and Chosen","floor":30,"turns":8},{"damage":9,"enemies":"Snecko","floor":31,"turns":3}],"seed_played":"-2258654621386977591","potions_obtained":[{"floor":7,"key":"champ:CounterPotion"},{"floor":10,"key":"BlessingOfTheForge"},{"floor":11,"key":"EntropicBrew"},{"floor":14,"key":"Strength Potion"},{"floor":16,"key":"SteroidPotion"},{"floor":18,"key":"Block Potion"},{"floor":19,"key":"AttackPotion"},{"floor":30,"key":"GamblersBrew"}],"is_trial":false,"path_per_floor":["M","?","M","?","M","R","M","?","T","M","M","R","$","M","R","B",null,"M","M","$","?","?","R","$","R","T","R","M","R","M","M"],"character_chosen":"THE_SILENT","items_purchased":["Bag of Preparation","Outmaneuver","Footwork","Prepared"],"campfire_rested":3,"item_purchase_floors":[13,13,20,20],"current_hp_per_floor":[74,74,74,74,74,74,49,49,49,49,49,72,72,65,77,46,77,63,60,60,60,60,60,60,77,77,77,69,69,6,0,0],"gold":58,"neow_bonus":"TEN_PERCENT_HP_BONUS","is_daily":false,"chose_seed":false,"campfire_upgraded":4,"win_rate":0.0,"timestamp":1609445231,"path_taken":["M","?","M","?","?","R","M","?","T","M","M","R","$","M","R","BOSS","M","M","$","?","?","R","$","R","T","R","M","R","M","M"],"items_purchased_type":["Relic","Card","Card","Card"],"build_version":"2020-12-22","purchased_purges":1,"victory":false,"max_hp_per_floor":[77,77,77,77,77,77,77,77,77,77,77,77,77,77,77,77,77,77,77,77,77,77,77,77,77,77,77,77,77,77,77,77],"card_choices":[{"not_picked":["PiercingWail","Finisher"],"picked":"Dagger Spray","floor":1},{"not_picked":["Distraction","Blade Dance"],"picked":"Slice","floor":3},{"not_picked":["Outmaneuver","Acrobatics"],"picked":"Prepared","floor":5},{"not_picked":["Eviscerate","Flying Knee"],"picked":"ReplayTheSpireMod:Scrap Shanks","floor":7},{"not_picked":["Slice","Riddle With Holes"],"picked":"ReplayTheSpireMod:From All Sides","floor":10},{"not_picked":["Hidden Blade","Prepared"],"picked":"Backflip","floor":11},{"not_picked":["Poisoned Stab","Sneak Up"],"picked":"Tactician","floor":14},{"not_picked":["ReplayTheSpireMod:From All Sides","Glass Knife"],"picked":"A Thousand Cuts","floor":16},{"not_picked":["Voices","Overencumbered"],"picked":"ReplayTheSpireMod:Splinters","floor":17},{"not_picked":["Amnesia","Replay:Hysterical Blindness"],"picked":"Languid","floor":17},{"not_picked":["CommonCold","Shame"],"picked":"TheCursedMod:Dregs","floor":17},{"not_picked":["Riddle With Holes","Slice+1"],"picked":"Bouncing Flask","floor":18},{"not_picked":["Slice+1","Quick Slash+1"],"picked":"Footwork","floor":19},{"not_picked":["Hidden Blade","Sucker Punch"],"picked":"Acrobatics","floor":28},{"not_picked":["Terror","Sucker Punch"],"picked":"Dagger Throw+1","floor":30}],"player_experience":125481,"relics_obtained":[{"floor":9,"key":"construct:FoamFinger"},{"floor":26,"key":"Centennial Puzzle"}],"event_choices":[{"damage_healed":0,"gold_gain":0,"player_choice":"Take Wound","damage_taken":0,"relics_obtained":["Golden Idol"],"max_hp_gain":0,"max_hp_loss":0,"event_name":"Golden Idol","floor":2,"gold_loss":0,"cards_obtained":["Injury"]},{"cards_removed":["Strike_G"],"damage_healed":0,"gold_gain":0,"player_choice":"Offered Basic","damage_taken":0,"max_hp_gain":0,"max_hp_loss":0,"event_name":"Bonfire Elementals","floor":4,"gold_loss":0},{"damage_healed":0,"gold_gain":0,"player_choice":"Forge","damage_taken":0,"max_hp_gain":0,"max_hp_loss":0,"event_name":"Accursed Blacksmith","floor":8,"gold_loss":0,"cards_upgraded":["ReplayTheSpireMod:Scrap Shanks"]},{"damage_healed":0,"gold_gain":0,"player_choice":"Leave","damage_taken":0,"max_hp_gain":0,"max_hp_loss":0,"event_name":"conspire:Investor","floor":21,"gold_loss":0}],"is_beta":false,"boss_relics":[{"not_picked":["Painkiller Herb","Runic Dome"],"picked":"Replay:Ancient Bell"},{"not_picked":["Blue Doll","Replay:Wax Seal"],"picked":"Vajra"},{"not_picked":["Replay:Accelerometer","HornCleat"],"picked":"Mirror"},{"not_picked":["Replay:Arrowhead","Runesmith:Locket"],"picked":"Unceasing Top"}],"items_purged_floors":[20],"is_endless":false,"potions_floor_spawned":[7,10,11,14,16,18,19,30],"killed_by":"Snecko","ascension_level":0}}