{"host":"5fpb1gzflhq9886n","time":1609404541,"event":{"mods":["AchievementEnabler","BaseMod","Colored Map","Colored Powertips","Minty Spire (QoL Compilation)","Permanent Neow"],"gold_per_floor":[114,114,131,141,153,179,91,41,41,41,75,93,93,113,113,113,113],"floor_reached":16,"playtime":761,"items_purged":["Strike_G","Strike_G"],"score":129,"play_id":"3a6861c2-e2e1-4c8b-9c12-c887067bab3a","local_time":"20201231034901","is_ascension_mode":true,"campfire_choices":[{"floor":10,"key":"REST"},{"floor":13,"key":"REST"},{"floor":15,"key":"REST"}],"circlet_count":0,"master_deck":["Strike_G","Strike_G+1","Strike_G","Defend_G","Defend_G","Defend_G","Defend_G","Defend_G","Survivor","Neutralize","Footwork","Blade Dance","Slice+1","Backstab","Finisher","Infinite Blades","Poisoned Stab","Backstab","Crippling Poison"],"relics":["Ring of the Snake","Smiling Mask","Letter Opener","StrikeDummy","Whetstone"],"acts_visited":["Exordium"],"potions_floor_usage":[5],"damage_taken":[{"damage":8,"enemies":"Jaw Worm","floor":1,"turns":6},{"damage":0,"enemies":"Cultist","floor":3,"turns":5},{"damage":2,"enemies":"2 Louse","floor":4,"turns":2},{"damage":6,"enemies":"Lots of Slimes","floor":5,"turns":5},{"damage":25,"enemies":"Gremlin Nob","floor":6,"turns":4},{"damage":37,"enemies":"Lagavulin","floor":11,"turns":5},{"damage":0,"enemies":"Blue Slaver","floor":12,"turns":2},{"damage":23,"enemies":"Gremlin Gang","floor":14,"turns":4},{"damage":33,"enemies":"The Guardian","floor":16,"turns":6}],"seed_played":"-1159288170368771773","potions_obtained":[{"floor":3,"key":"Block Potion"},{"floor":11,"key":"ColorlessPotion"},{"floor":14,"key":"Fire Potion"}],"is_trial":false,"path_per_floor":["M","?","M","M","M","E","$","$","T","R","E","M","R","M","R","B"],"character_chosen":"THE_SILENT","items_purchased":["Infinite Blades"],"campfire_rested":3,"item_purchase_floors":[7],"current_hp_per_floor":[62,62,62,60,54,29,29,29,29,50,13,13,34,11,32,0,0],"gold":113,"neow_bonus":"RANDOM_COMMON_RELIC","is_daily":false,"chose_seed":false,"campfire_upgraded":0,"win_rate":0.0,"timestamp":1609404541,"path_taken":["M","?","M","?","M","E","?","$","T","R","E","M","R","?","R","BOSS"],"items_purchased_type":["Card"],"build_version":"2020-12-22","purchased_purges":2,"victory":false,"max_hp_per_floor":[70,70,70,70,70,70,70,70,70,70,70,70,70,70,70,70,70],"card_choices":[{"not_picked":["Underhanded Strike","Flying Knee"],"picked":"Footwork","floor":1},{"not_picked":["Dodge and Roll","Underhanded Strike"],"picked":"Blade Dance","floor":3},{"not_picked":["Backflip","Outmaneuver"],"picked":"Slice","floor":4},{"not_picked":["Heel Hook","Dash"],"picked":"Backstab","floor":5},{"not_picked":["Flechettes","Phantasmal Killer"],"picked":"Finisher","floor":6},{"not_picked":["Doppelganger","Bane"],"picked":"Poisoned Stab","floor":11},{"not_picked":["Dagger Throw","Acrobatics"],"picked":"Backstab","floor":12},{"not_picked":["Backstab","Backflip"],"picked":"Crippling Poison","floor":14}],"player_experience":642620,"relics_obtained":[{"floor":6,"key":"Letter Opener"},{"floor":9,"key":"StrikeDummy"},{"floor":11,"key":"Whetstone"}],"event_choices":[{"damage_healed":0,"gold_gain":0,"player_choice":"Ignored","damage_taken":0,"max_hp_gain":0,"max_hp_loss":0,"event_name":"Purifier","floor":2,"gold_loss":0}],"is_beta":false,"boss_relics":[],"items_purged_floors":[7,8],"is_endless":false,"potions_floor_spawned":[3,11,14],"killed_by":"The Guardian","ascension_level":3}}