{"host":"nlowmoq7gy18n72d","time":1609431916,"event":{"mods":["BaseMod","Conspire","Downfall","Hermit","Infinite Spire","Jorbs\u0027s Wanderer Trilogy","Minty Spire (QoL Compilation)","Replay The Spire","StSLib","The Cursed"],"gold_per_floor":[99,109,119,133,147,72,118,149,149,59,124,142,159,459,471,567,567,417,430,506,518,518,518,518],"floor_reached":22,"playtime":904,"items_purged":[],"score":241,"play_id":"357bd549-bc90-46fe-8c3c-2cb3c82a566c","local_time":"20201231192516","is_ascension_mode":true,"campfire_choices":[{"floor":1,"key":"RECALL"},{"data":"champ:ShieldWall","floor":6,"key":"SMITH"},{"data":"champ:ShieldWall","floor":18,"key":"SMITH"}],"circlet_count":0,"master_deck":["champ:Strike","champ:Strike","champ:Strike","champ:Strike","champ:Defend","champ:Defend","champ:Defend","champ:Defend","champ:Execute","champ:Taunt","champ:BerserkersShout","champ:GladiatorsShout","champ:ShieldWall+1","champ:PerfectedStrike","champ:BringItOn","CommonCold","champ:Haymaker","champ:EnragedBash","champ:Backstep","champ:ShieldWall+1","champ:FanOfKnives","Slimebound:Icky","Slimebound:Icky","champ:StanceDance","champ:SteelEdge","champ:TornadoPunch","champ:RecklessLeap","champ:CalledShot"],"relics":["champ:ChampionCrown","downfall:HeartBlessingRed","infinitespire:Beetle Shell","Ring of Misfortune","Ring of Searing","Meat on the Bone","Black Star","downfall:HeartBlessingGreen","downfall:HeartBlessingBlue"],"acts_visited":["Exordium","TheCity"],"potions_floor_usage":[8,13,16,16],"damage_taken":[{"damage":15,"enemies":"Cultist","floor":2,"turns":4},{"damage":24,"enemies":"Small Slimes","floor":3,"turns":5},{"damage":22,"enemies":"Jaw Worm","floor":4,"turns":4},{"damage":36,"enemies":"Exordium Wildlife","floor":5,"turns":7},{"damage":28,"enemies":"3 Sentries","floor":8,"turns":6},{"damage":3,"enemies":"downfall:FleeingMerchant","floor":10,"turns":4},{"damage":15,"enemies":"Gremlin Nob","floor":11,"turns":4},{"damage":6,"enemies":"3 Louse","floor":12,"turns":4},{"damage":14,"enemies":"Lots of Slimes","floor":13,"turns":3},{"damage":16,"enemies":"Blue Slaver","floor":15,"turns":2},{"damage":8,"enemies":"downfall:Ironclad","floor":16,"turns":6},{"damage":24,"enemies":"Spheric Guardian","floor":19,"turns":4},{"damage":43,"enemies":"3 Byrds","floor":21,"turns":5},{"damage":35,"enemies":"Snake Plant","floor":22,"turns":2}],"seed_played":"-8590409511254976457","potions_obtained":[{"floor":3,"key":"Fire Potion"},{"floor":11,"key":"DuplicationPotion"},{"floor":12,"key":"FearPotion"},{"floor":13,"key":"Strength Potion"},{"floor":15,"key":"ColorlessPotion"},{"floor":20,"key":"EssenceOfSteel"},{"floor":20,"key":"infinitespire:BlackPotion"}],"is_trial":false,"path_per_floor":["R","M","M","M","M","R","T","E","?","$","?","M","M","?","M","B",null,"R","M","?","M","M"],"character_chosen":"THE_CHAMP","items_purchased":["champ:EnragedBash"],"campfire_rested":0,"item_purchase_floors":[10],"current_hp_per_floor":[99,94,87,76,51,51,51,26,26,31,16,27,32,32,31,44,99,109,88,45,31,0,0,0],"gold":518,"neow_bonus":"TEN_PERCENT_HP_BONUS","is_daily":false,"chose_seed":false,"campfire_upgraded":2,"win_rate":0.0,"timestamp":1609431916,"path_taken":["R","M","?","M","M","R","T","E","?","$","?","M","M","?","M","BOSS","R","M","?","?","M"],"items_purchased_type":["Card"],"build_version":"2020-12-22","purchased_purges":0,"victory":false,"max_hp_per_floor":[99,99,99,99,99,99,99,99,99,99,99,99,99,99,99,99,99,109,109,109,109,109,109,109],"card_choices":[{"not_picked":["champ:FalseCounter","champ:ArenaPreparation"],"picked":"champ:BerserkersShout","floor":2},{"not_picked":["champ:GladiatorsShout","champ:Circumvent","champ:FocusedDefense"],"picked":"SKIP","floor":3},{"not_picked":["champ:Circumvent","champ:FocusedDefense"],"picked":"champ:GladiatorsShout","floor":3},{"not_picked":["champ:SkillfulDodge","champ:FightOn"],"picked":"champ:ShieldWall","floor":4},{"not_picked":["champ:StanceDance","champ:Balance"],"picked":"champ:PerfectedStrike","floor":5},{"not_picked":["champ:GladiatorsShout","champ:Riposte"],"picked":"champ:BringItOn","floor":8},{"not_picked":["champ:Shatter","champ:GladiatorStyle"],"picked":"champ:Haymaker","floor":10},{"not_picked":["champ:PerfectedStrike","champ:EnchantShield"],"picked":"champ:Backstep","floor":11},{"not_picked":["champ:ShieldSigil","champ:BerserkersShout"],"picked":"champ:ShieldWall","floor":12},{"not_picked":["champ:FlashCut","champ:RageSigil"],"picked":"champ:FanOfKnives","floor":13},{"not_picked":["champ:Haymaker","champ:Backstep"],"picked":"champ:StanceDance","floor":15},{"not_picked":["champ:EnchantShield","champ:MurderStrike"],"picked":"champ:SteelEdge","floor":16},{"not_picked":["champ:RageSigil","champ:FocusedGladiator+1"],"picked":"champ:TornadoPunch","floor":19},{"not_picked":["champ:Control","champ:HeartStrike"],"picked":"champ:RecklessLeap","floor":20},{"not_picked":["champ:EnGarde+1","champ:StanceDance"],"picked":"champ:CalledShot","floor":21}],"player_experience":617605,"relics_obtained":[{"floor":8,"key":"infinitespire:Beetle Shell"},{"floor":9,"key":"Ring of Misfortune"},{"floor":9,"key":"Ring of Searing"},{"floor":11,"key":"Meat on the Bone"}],"event_choices":[],"is_beta":false,"boss_relics":[{"not_picked":["Replay:Wanted Poster","Sozu"],"picked":"Black Star"}],"items_purged_floors":[],"is_endless":false,"potions_floor_spawned":[3,11,12,13,15,21],"killed_by":"Snake Plant","ascension_level":3}}