{"host":"areou1to5q11ox5u","time":1609449596,"event":{"mods":["AchievementEnabler","Act Like it!","BaseMod","Bestiary","Better Note","Better Third Choice","BetterRewards","Block Reminder","Colored Map","Colored Powertips","DeckTracker","Downfall","Hermit","Highlight Path","Infinite Spire","Minty Spire (QoL Compilation)","Permanent Neow","Random Character Button","Relic Sorter","Relic Stats","StSLib","The Construct","The Jungle"],"gold_per_floor":[111,123,134,154,173,173,192,220,245,245,245,265,265,279,279,378,378,392,667,685,685,695,695,711,729,729,729,729],"floor_reached":27,"playtime":2392,"items_purged":[],"score":321,"play_id":"c432a94b-ed34-4a88-b946-53a09774ebb2","local_time":"20201231221956","is_ascension_mode":false,"campfire_choices":[{"data":"Auto Shields","floor":6.0,"key":"SMITH"},{"data":"Echo Form","floor":10.0,"key":"SMITH"},{"data":"infinitespire:TheBestDefense","floor":15.0,"key":"SMITH"},{"data":"Capacitor","floor":23.0,"key":"SMITH"}],"circlet_count":0,"master_deck":["Strike_B","Strike_B","Strike_B","Strike_B","Defend_B","Defend_B","Defend_B","Defend_B","Zap","Dualcast","Self Repair","Genetic Algorithm","Cold Snap","Sweeping Beam+1","White Noise","Barrage","Auto Shields+1","Go for the Eyes","Echo Form+1","infinitespire:TheBestDefense+1","Redo","Lockon","Fission","Streamline","Regret","Gash+1","construct:VentSteam","Capacitor+1","Redo+1","Self Repair"],"relics":["Cracked Core","Vajra","Happy Flower","Bag of Preparation","Runic Pyramid","infinitespire:EmpoweringShard"],"acts_visited":["Exordium","TheCity"],"potions_floor_usage":[27],"damage_taken":[{"damage":3.0,"enemies":"Cultist","floor":1.0,"turns":4.0},{"damage":4.0,"enemies":"Jaw Worm","floor":2.0,"turns":3.0},{"damage":0.0,"enemies":"2 Louse","floor":3.0,"turns":2.0},{"damage":16.0,"enemies":"Exordium Wildlife","floor":4.0,"turns":6.0},{"damage":3.0,"enemies":"Looter","floor":5.0,"turns":4.0},{"damage":2.0,"enemies":"3 Louse","floor":7.0,"turns":4.0},{"damage":12.0,"enemies":"Lagavulin","floor":8.0,"turns":7.0},{"damage":3.0,"enemies":"Exordium Thugs","floor":12.0,"turns":4.0},{"damage":1.0,"enemies":"Looter","floor":14.0,"turns":3.0},{"damage":13.0,"enemies":"The Guardian","floor":16.0,"turns":10.0},{"damage":1.0,"enemies":"2 Thieves","floor":18.0,"turns":2.0},{"damage":18.0,"enemies":"Spheric Guardian","floor":20.0,"turns":4.0},{"damage":13.0,"enemies":"3 Cultists","floor":22.0,"turns":5.0},{"damage":14.0,"enemies":"Chosen and Byrds","floor":24.0,"turns":6.0},{"damage":37.0,"enemies":"Shelled Parasite and Fungi","floor":25.0,"turns":5.0},{"damage":13,"enemies":"3 Cultists","floor":27,"turns":4}],"seed_played":"9181434332372500597","potions_obtained":[{"floor":1.0,"key":"DuplicationPotion"},{"floor":2.0,"key":"sneckomod:MuddlingPotion"},{"floor":7.0,"key":"Guardian:BlockOnCardUsePotion"},{"floor":8.0,"key":"Energy Potion"},{"floor":20.0,"key":"Strength Potion"},{"floor":25.0,"key":"Weak Potion"}],"is_trial":false,"path_per_floor":["M","M","M","M","M","R","M","E","T","R","?","M","?","M","R","B",null,"M","?","M","?","M","R","M","M","T","M"],"character_chosen":"DEFECT","items_purchased":["Vajra","Self Repair","Genetic Algorithm"],"campfire_rested":0,"item_purchase_floors":[0,0,0],"current_hp_per_floor":[71,74,74,65,69,69,74,69,69,69,50,54,54,60,60,54,75,74,74,56,56,50,50,43,13,13,0,0],"gold":729,"neow_bonus":"","is_daily":false,"chose_seed":false,"campfire_upgraded":4,"win_rate":0.0,"timestamp":1609449596,"path_taken":["M","M","M","M","?","R","M","E","T","R","?","M","?","M","R","BOSS","M","?","M","?","M","R","M","M","T","M"],"items_purchased_type":["Relic","Card","Card"],"build_version":"2020-12-22","purchased_purges":0,"victory":false,"max_hp_per_floor":[75,75,75,75,75,75,75,75,75,75,75,75,75,75,75,75,75,75,75,75,75,75,75,75,75,75,75,75],"relic_stats":{"Happy Flower":[14],"counters":[64,317],"Bag of Preparation":[18],"obtain_stats":[{"Tiny House":34,"Vajra":0,"Bag of Preparation":9,"PrismaticShard":13,"Strawberry":8,"infinitespire:Golems Mask":0,"MealTicket":26,"HandDrill":37,"Kunai":9,"Cracked Core":0,"Runic Pyramid":17,"Potion Belt":0,"Inserter":17,"Pear":31,"Happy Flower":8,"Astrolabe":17,"Oddly Smooth Stone":2,"infinitespire:Beetle Shell":3,"infinitespire:FocusingShard":0,"Question Card":26,"Anchor":19,"Bag of Marbles":25,"infinitespire:EmpoweringShard":26,"infinitespire:PuzzleCube":7,"infinitespire:Freezer":9},{"Tiny House":18,"Vajra":48,"Bag of Preparation":55,"PrismaticShard":42,"Strawberry":6,"infinitespire:Golems Mask":22,"MealTicket":35,"HandDrill":19,"Kunai":27,"Cracked Core":0,"Runic Pyramid":44,"Potion Belt":0,"Inserter":30,"Pear":35,"Happy Flower":55,"Astrolabe":9,"Oddly Smooth Stone":1,"infinitespire:Beetle Shell":24,"infinitespire:FocusingShard":36,"Question Card":14,"Anchor":10,"Bag of Marbles":14,"infinitespire:EmpoweringShard":63,"infinitespire:PuzzleCube":41,"infinitespire:Freezer":6},{"Tiny House":97,"Vajra":244,"Bag of Preparation":274,"PrismaticShard":209,"Strawberry":25,"infinitespire:Golems Mask":119,"MealTicket":186,"HandDrill":103,"Kunai":136,"Cracked Core":0,"Runic Pyramid":223,"Potion Belt":0,"Inserter":154,"Pear":186,"Happy Flower":274,"Astrolabe":44,"Oddly Smooth Stone":4,"infinitespire:Beetle Shell":125,"infinitespire:FocusingShard":192,"Question Card":70,"Anchor":47,"Bag of Marbles":70,"infinitespire:EmpoweringShard":313,"infinitespire:PuzzleCube":206,"infinitespire:Freezer":25}]},"card_choices":[{"not_picked":["Coolheaded","Blizzard"],"picked":"Cold Snap","floor":1.0},{"not_picked":["Turbo","Scrape"],"picked":"Sweeping Beam","floor":2.0},{"not_picked":["Reinforced Body","Turbo"],"picked":"White Noise","floor":3.0},{"not_picked":["Hologram","Streamline"],"picked":"Barrage","floor":4.0},{"not_picked":["Gash","Tempest"],"picked":"Auto Shields","floor":5.0},{"not_picked":["Cold Snap","Darkness"],"picked":"Go for the Eyes","floor":7.0},{"not_picked":["Rebound","Skim"],"picked":"Echo Form","floor":8.0},{"not_picked":["infinitespire:FutureSight","infinitespire:Punishment"],"picked":"infinitespire:TheBestDefense","floor":11.0},{"not_picked":["Sweeping Beam","Steam"],"picked":"Redo","floor":12.0},{"not_picked":["Go for the Eyes","Cold Snap"],"picked":"Lockon","floor":14.0},{"not_picked":["Echo Form","All For One"],"picked":"Fission","floor":16.0},{"not_picked":["Steam Power","Cold Snap"],"picked":"Streamline","floor":18.0},{"not_picked":["Rebound","FTL"],"picked":"Gash+1","floor":20.0},{"not_picked":["Gash","Echo Form"],"picked":"Capacitor","floor":22.0},{"not_picked":["Static Discharge","Consume"],"picked":"Redo+1","floor":24.0},{"not_picked":["Rebound","Auto Shields+1"],"picked":"Self Repair","floor":25.0}],"player_experience":53451,"relics_obtained":[{"floor":8.0,"key":"Happy Flower"},{"floor":9.0,"key":"Bag of Preparation"},{"floor":26.0,"key":"infinitespire:EmpoweringShard"}],"event_choices":[{"damage_healed":0.0,"max_hp_gain":0.0,"max_hp_loss":0.0,"gold_gain":0.0,"event_name":"Living Wall","player_choice":"Grow","floor":13.0,"gold_loss":0.0,"damage_taken":0.0,"cards_upgraded":["Sweeping Beam"]},{"damage_healed":0.0,"max_hp_gain":0.0,"max_hp_loss":0.0,"gold_gain":275.0,"event_name":"Golden Shrine","player_choice":"Desecrate","floor":19.0,"gold_loss":0.0,"damage_taken":0.0,"cards_obtained":["Regret"]},{"cards_removed":["infinitespire:TheBestDefense"],"damage_healed":0.0,"max_hp_gain":0.0,"max_hp_loss":0.0,"gold_gain":0.0,"event_name":"betterNote:BetterNote","player_choice":"Take \u0026 Give","floor":21.0,"gold_loss":0.0,"damage_taken":0.0,"cards_obtained":["construct:VentSteam"]}],"is_beta":false,"boss_relics":[{"not_picked":["construct:WeddingRing","Cursed Key"],"picked":"Runic Pyramid"}],"items_purged_floors":[],"is_endless":false,"potions_floor_spawned":[1,2,7,8,20,25],"killed_by":"3 Cultists","ascension_level":0}}