{"host":"2se5dq1do2gp0x9k","time":1609457601,"event":{"mods":["BaseMod","Block Reminder","Colored Map","Colored Powertips","Minty Spire (QoL Compilation)","Relic Stats","StSLib","SuperFastMode","Synergy Search"],"gold_per_floor":[362,104,104,121,137,157,190,190,190,190,265,284,284,309,309,405,405,417,417,432,451,463,495,515,515,539,550,550,584,594,129,129,129,129],"floor_reached":33,"playtime":2572,"items_purged":["Defend_P","Defend_P"],"score":349,"play_id":"6b97889b-5704-41a6-8c63-9828a83da41e","local_time":"20201231153321","is_ascension_mode":false,"campfire_choices":[{"data":"Eruption","floor":10.0,"key":"SMITH"},{"data":"ThirdEye","floor":13.0,"key":"SMITH"},{"data":"TalkToTheHand","floor":15.0,"key":"SMITH"},{"floor":25,"key":"REST"},{"data":"MentalFortress","floor":28,"key":"SMITH"},{"floor":32,"key":"REST"}],"circlet_count":0,"master_deck":["Strike_P+1","Strike_P+1","Strike_P+1","Strike_P+1","Defend_P","Defend_P","Eruption+1","Vigilance","BowlingBash","Crescendo","FearNoEvil","Adaptation+1","Evaluate","CutThroughFate","Halt","ThirdEye+1","TalkToTheHand+1","LessonLearned","ForeignInfluence","EmptyMind+1","FollowUp+1","EmptyBody+1","MentalFortress+1","ClearTheMind","FlurryOfBlows+1","FlyingSleeves+1","MentalFortress","CutThroughFate"],"relics":["HolyWater","Oddly Smooth Stone","Turnip","Pear","Toy Ornithopter","Gremlin Horn","Bottled Lightning","White Beast Statue"],"acts_visited":["Exordium","TheCity"],"potions_floor_usage":[29,30],"damage_taken":[{"damage":0.0,"enemies":"2 Louse","floor":1.0,"turns":1.0},{"damage":2.0,"enemies":"Small Slimes","floor":4.0,"turns":2.0},{"damage":0.0,"enemies":"Cultist","floor":5.0,"turns":3.0},{"damage":1.0,"enemies":"Looter","floor":6.0,"turns":2.0},{"damage":1.0,"enemies":"Gremlin Nob","floor":7.0,"turns":3.0},{"damage":0.0,"enemies":"3 Louse","floor":12.0,"turns":2.0},{"damage":2.0,"enemies":"Lagavulin","floor":14.0,"turns":6.0},{"damage":0.0,"enemies":"Slime Boss","floor":16.0,"turns":10.0},{"damage":1.0,"enemies":"Spheric Guardian","floor":18.0,"turns":3.0},{"damage":24.0,"enemies":"Chosen","floor":20.0,"turns":5.0},{"damage":14,"enemies":"Snecko","floor":21,"turns":5},{"damage":12,"enemies":"Snake Plant","floor":22,"turns":2},{"damage":33,"enemies":"Book of Stabbing","floor":23,"turns":7},{"damage":2,"enemies":"Shelled Parasite and Fungi","floor":24,"turns":6},{"damage":2,"enemies":"Cultist and Chosen","floor":27,"turns":8},{"damage":22,"enemies":"Slavers","floor":29,"turns":4},{"damage":0,"enemies":"Centurion and Healer","floor":30,"turns":5},{"damage":58,"enemies":"Champ","floor":33,"turns":10}],"seed_played":"1845858961136356707","potions_obtained":[{"floor":1.0,"key":"Weak Potion"},{"floor":6.0,"key":"LiquidBronze"},{"floor":14.0,"key":"SkillPotion"},{"floor":18.0,"key":"FairyPotion"},{"floor":22,"key":"DuplicationPotion"},{"floor":27,"key":"DistilledChaos"},{"floor":29,"key":"Fruit Juice"},{"floor":30,"key":"SteroidPotion"}],"is_trial":false,"path_per_floor":["M","$","?","M","M","M","E","?","T","R","?","M","R","E","R","B",null,"M","?","M","M","M","E","M","R","T","M","R","E","M","$","R","B"],"character_chosen":"WATCHER","items_purchased":["Crescendo","FearNoEvil","Adaptation","MentalFortress","CutThroughFate","White Beast Statue"],"campfire_rested":2,"item_purchase_floors":[2,2,2,31,31,31],"current_hp_per_floor":[65,65,58,56,56,55,54,65,75,75,68,68,68,66,66,71,75,74,74,51,37,25,22,20,42,42,40,40,23,33,33,57,0,0],"gold":129,"neow_bonus":"TWO_FIFTY_GOLD","is_daily":false,"chose_seed":false,"campfire_upgraded":4,"win_rate":0.0,"timestamp":1609457601,"path_taken":["M","$","?","M","M","M","E","?","T","R","?","?","R","E","R","BOSS","M","?","M","M","M","E","M","R","T","M","R","E","M","$","R","BOSS"],"items_purchased_type":["Card","Card","Card","Card","Card","Relic"],"build_version":"2020-12-22","purchased_purges":2,"victory":false,"max_hp_per_floor":[65,65,65,65,65,65,65,65,75,75,75,75,75,75,75,75,75,75,75,75,75,75,75,75,75,75,75,75,75,80,80,80,80,80],"relic_stats":{"Gremlin Horn":[5,5],"counters":[18,84],"Turnip":[15],"obtain_stats":[{"Pear":9,"Gremlin Horn":23,"Oddly Smooth Stone":3,"HolyWater":17,"Turnip":7,"Bottled Lightning":29,"PureWater":0,"Toy Ornithopter":14,"White Beast Statue":31},{"Pear":5,"Gremlin Horn":13,"Oddly Smooth Stone":1,"HolyWater":8,"Turnip":5,"Bottled Lightning":16,"PureWater":0,"Toy Ornithopter":7,"White Beast Statue":17},{"Pear":11,"Gremlin Horn":51,"Oddly Smooth Stone":1,"HolyWater":29,"Turnip":11,"Bottled Lightning":69,"PureWater":0,"Toy Ornithopter":19,"White Beast Statue":74}],"Toy Ornithopter":16},"card_choices":[{"not_picked":["ReachHeaven","Perseverance"],"picked":"BowlingBash","floor":1.0},{"not_picked":["LikeWater","WaveOfTheHand"],"picked":"Evaluate","floor":4.0},{"not_picked":["EmptyBody","FlyingSleeves"],"picked":"CutThroughFate","floor":5.0},{"not_picked":["Perseverance","Worship"],"picked":"Halt","floor":6.0},{"not_picked":["Evaluate","Blasphemy","SashWhip"],"picked":"SKIP","floor":7.0},{"not_picked":["ClearTheMind","Wallop"],"picked":"ThirdEye","floor":12.0},{"not_picked":["ThirdEye","LikeWater"],"picked":"TalkToTheHand","floor":14.0},{"not_picked":["MasterReality","Vault"],"picked":"LessonLearned","floor":16.0},{"not_picked":["Evaluate","LikeWater"],"picked":"ForeignInfluence","floor":18.0},{"not_picked":["EmptyFist","CrushJoints"],"picked":"EmptyMind+1","floor":20},{"not_picked":["Evaluate","Prostrate"],"picked":"FollowUp+1","floor":21},{"not_picked":["Consecrate","BowlingBash"],"picked":"EmptyBody","floor":22},{"not_picked":["WaveOfTheHand","Vengeance"],"picked":"MentalFortress","floor":23},{"not_picked":["BowlingBash","ThirdEye"],"picked":"ClearTheMind","floor":24},{"not_picked":["WreathOfFlame","WindmillStrike","Prostrate"],"picked":"SKIP","floor":27},{"not_picked":["Judgement","SashWhip"],"picked":"FlurryOfBlows+1","floor":29},{"not_picked":["CarveReality","EmptyBody+1"],"picked":"FlyingSleeves+1","floor":30}],"player_experience":3673624,"relics_obtained":[{"floor":7.0,"key":"Turnip"},{"floor":9.0,"key":"Pear"},{"floor":14.0,"key":"Toy Ornithopter"},{"floor":23,"key":"Gremlin Horn"},{"floor":29,"key":"Bottled Lightning"}],"event_choices":[{"damage_healed":0.0,"max_hp_gain":0.0,"max_hp_loss":0.0,"gold_gain":0.0,"event_name":"Scrap Ooze","player_choice":"Success","floor":3.0,"gold_loss":0.0,"damage_taken":7.0,"relics_obtained":["Oddly Smooth Stone"]},{"damage_healed":21.0,"max_hp_gain":0.0,"max_hp_loss":0.0,"gold_gain":0.0,"event_name":"Big Fish","player_choice":"Banana","floor":8.0,"gold_loss":0.0,"damage_taken":0.0},{"damage_healed":0.0,"max_hp_gain":0.0,"max_hp_loss":0.0,"gold_gain":75.0,"event_name":"FaceTrader","player_choice":"Touch","floor":11.0,"gold_loss":0.0,"damage_taken":7.0},{"damage_healed":0.0,"max_hp_gain":0.0,"max_hp_loss":0.0,"gold_gain":0.0,"event_name":"Vampires","player_choice":"Ignored","floor":19.0,"gold_loss":0.0,"damage_taken":0.0}],"is_beta":false,"boss_relics":[{"not_picked":["Runic Dome","SlaversCollar"],"picked":"HolyWater"}],"items_purged_floors":[2,31],"is_endless":false,"potions_floor_spawned":[1,6,14,18,22,27,29,30],"killed_by":"Champ","ascension_level":0}}