{"host":"fw947s75r5pnptva","time":1609413378,"event":{"mods":["Act Like it!","Aspiration","BaseMod","BetterRewards","CCEM","CapriCore","Conjunction","Conspire","Custom Start","DeckTracker","Dota2Spire","Downfall","Friendly Minions","Gensokyo","Halation","Hallownest","Highlight Path","Hubris","Infinite Spire","Keyboard Shortcuts","Lobotomy","LobotomyExtend","Menagerie","Minty Spire (QoL Compilation)","MostiFishMod","Nova Terra(??·??)","Onozuka Komachi Mod","Pale of the Ancients","Permanent Neow","Pikachu Mod","Potionbrewer","Random Character Button","RatMod","Relic Filter","Replay The Spire","Shop Mod","StSLib","SuperFastMode","The Factory","The Jungle","[IsaacMod]????","vexMod"],"gold_per_floor":[116,116,116,116,127,127,127],"floor_reached":6,"playtime":487,"items_purged":[],"score":34,"play_id":"1e60655a-f495-40d3-aa9f-4c4db3ad5c4d","local_time":"20201231121618","is_ascension_mode":false,"campfire_choices":[],"circlet_count":0,"master_deck":["NovaMod:Basic_Strike_Nova","NovaMod:Basic_Strike_Nova","NovaMod:Basic_Defend_Nova","NovaMod:Basic_Defend_Nova","NovaMod:Basic_Defend_Nova","NovaMod:Basic_Defend_Nova","NovaMod:Snipe","NovaMod:PenetratingBlast","NovaMod:Pollution","NovaMod:HoloDecoy","NovaMod:FastGuidance","NovaMod:Mediatation"],"relics":["NovaMod:GhostSuit","DaveBox","HushsDoor","KeepersGift","SynthV:TestCard","LetterFromLob","hubris:EvacipatedBox","halation:LettersToHer","Pocketwatch"],"acts_visited":["Exordium"],"potions_floor_usage":[6],"damage_taken":[{"damage":5,"enemies":"Jaw Worm","floor":1,"turns":4},{"damage":0,"enemies":"Cultist","floor":5,"turns":4},{"damage":29,"enemies":"Gremlin Nob","floor":6,"turns":3}],"seed_played":"-6374259646292051938","potions_obtained":[{"floor":5,"key":"Swift Potion"}],"is_trial":false,"path_per_floor":["M","?","$","?","M","E"],"character_chosen":"NOVA","items_purchased":["hubris:EvacipatedBox","halation:LettersToHer","Pocketwatch"],"campfire_rested":0,"item_purchase_floors":[3,3,3],"current_hp_per_floor":[75,75,26,26,26,0,0],"gold":127,"neow_bonus":"TRANSFORM_CARD","is_daily":false,"chose_seed":false,"campfire_upgraded":0,"win_rate":0.0,"timestamp":1609413378,"path_taken":["M","?","?","?","?","E"],"items_purchased_type":["Relic","Relic","Relic"],"build_version":"2020-12-22","purchased_purges":0,"victory":false,"max_hp_per_floor":[80,80,80,80,80,80,80],"card_choices":[{"not_picked":["NovaMod:Standby","NovaMod:SmartServos"],"picked":"NovaMod:HoloDecoy","floor":1},{"not_picked":["NovaMod:MonomolecularBlade","NovaMod:Thor","NovaMod:PrecsionAssembly","NovaMod:GhostAcademy"],"picked":"NovaMod:Mediatation","floor":5}],"player_experience":130702,"relics_obtained":[{"floor":1,"key":"SynthV:TestCard"},{"floor":1,"key":"LetterFromLob"}],"event_choices":[{"damage_healed":0,"gold_gain":0,"cards_transformed":["NovaMod:Basic_Strike_Nova"],"player_choice":"Change","damage_taken":0,"max_hp_gain":0,"max_hp_loss":0,"event_name":"Living Wall","floor":4,"gold_loss":0,"cards_obtained":["NovaMod:FastGuidance"]}],"is_beta":false,"boss_relics":[],"items_purged_floors":[],"is_endless":false,"potions_floor_spawned":[5],"killed_by":"Gremlin Nob","ascension_level":0}}