{"host":"z5ogtnuuoxgup8y1","time":1609443618,"event":{"mods":["BaseMod","Better Third Choice","BetterRewards","Hermit","Hubris","Jorbs\u0027s Wanderer Trilogy","Minty Spire (QoL Compilation)","Replay The Spire","Spicy Shops","StSLib","The Cursed","The Disciple","The Hierophant","The Jungle","The Runesmith"],"gold_per_floor":[112,126,126,65,81,115,115,130,155,167,229,273,299,11,11,90,90,101,101,8,19,19,52,52,62,62,62,71,102,114,132,132,132,132],"floor_reached":33,"playtime":1786,"items_purged":["Strike_R","Voices","Writhe"],"score":940,"play_id":"635e4d8d-224c-4567-ba5e-3daf355dfa6e","local_time":"20201231194018","is_ascension_mode":true,"campfire_choices":[{"data":"Whirlwind","floor":7.0,"key":"SMITH"},{"data":"Fiend Fire","floor":10.0,"key":"SMITH"},{"data":"True Grit","floor":15.0,"key":"SMITH"},{"data":"Feel No Pain","floor":24.0,"key":"SMITH"},{"data":"Immolate","floor":27.0,"key":"SMITH"},{"floor":32.0,"key":"DIG"}],"circlet_count":0,"master_deck":["AscendersBane","Strike_R","Strike_R","Strike_R","Strike_R","Defend_R","Defend_R","Defend_R","Defend_R","Bash","Whirlwind+1","Disarm","Thunderclap","Replay:Undeath\u0027s Touch","Flame Barrier+1","Twin Strike","Seeing Red+1","Disarm","Fiend Fire+1","Pommel Strike","True Grit+1","Immolate+1","Feel No Pain+1","Warcry","Battle Trance","Pain","CommonCold","Fiend Fire"],"relics":["Burning Blood","Runesmith:Nanobots","Gambling Chip","Thread and Needle","ReplayFunnel","BargainBundle","Nunchaku","Gremlin Food","MawBank","Ring of Greed","Ring of Searing","Membership Card","MealTicket","Lantern","hubris:OldNail","Bag of Preparation","Strange Spoon","ReplayTheSpireMod:DimensionalGlitch","Enchiridion","Shuriken","Replay:Multitool","ReplayTheSpireMod:Spearhead","PreservedInsect"],"acts_visited":["Exordium","TheCity"],"potions_floor_usage":[33],"damage_taken":[{"damage":0.0,"enemies":"2 Louse","floor":1.0,"turns":1.0},{"damage":0.0,"enemies":"Jaw Worm","floor":2.0,"turns":5.0},{"damage":0.0,"enemies":"Cultist","floor":5.0,"turns":1.0},{"damage":6.0,"enemies":"3 Sentries","floor":6.0,"turns":5.0},{"damage":6.0,"enemies":"Looter","floor":8.0,"turns":4.0},{"damage":9.0,"enemies":"Lagavulin","floor":12.0,"turns":6.0},{"damage":0.0,"enemies":"Exordium Wildlife","floor":13.0,"turns":1.0},{"damage":49.0,"enemies":"Fading Forest","floor":16.0,"turns":13.0},{"damage":0.0,"enemies":"Spheric Guardian","floor":18.0,"turns":1.0},{"damage":0.0,"enemies":"Shell Parasite","floor":21.0,"turns":6.0},{"damage":0.0,"enemies":"Gremlin Leader","floor":23.0,"turns":2.0},{"damage":8.0,"enemies":"Centurion and Healer","floor":25.0,"turns":3.0},{"damage":2.0,"enemies":"Replay:Snechameleon","floor":29.0,"turns":6.0},{"damage":2.0,"enemies":"Cultist and Chosen","floor":30.0,"turns":2.0},{"damage":0.0,"enemies":"Snecko","floor":31.0,"turns":2.0},{"damage":61,"enemies":"Collector","floor":33,"turns":7}],"seed_played":"-3796511206902061306","potions_obtained":[{"floor":8.0,"key":"BlessingOfTheForge"}],"is_trial":false,"path_per_floor":["M","M","?","$","M","E","R","M","T","R","?","E","M","$","R","B",null,"M","?","$","M","?","E","R","M","T","R","?","E","M","M","R","B"],"character_chosen":"IRONCLAD","items_purchased":["Runesmith:Nanobots","Gambling Chip","Whirlwind","ReplayFunnel","BargainBundle","Strength Potion","Nunchaku","Disarm","Thunderclap","Replay:Undeath\u0027s Touch","Seeing Red+1","hubris:OldNail","Bag of Preparation","Strange Spoon","Warcry"],"campfire_rested":0,"item_purchase_floors":[0,0,0,0,0,0,0,0,0,0,4,14,14,14,20],"current_hp_per_floor":[42,48,48,48,54,54,54,54,54,54,54,51,57,72,72,37,66,69,36,51,54,54,57,57,52,52,52,52,53,54,57,57,0,0],"gold":132,"neow_bonus":"","is_daily":false,"chose_seed":false,"campfire_upgraded":5,"win_rate":0.0,"timestamp":1609443618,"path_taken":["M","M","?","$","M","E","R","M","T","R","?","E","M","$","R","BOSS","M","?","$","M","?","E","R","M","T","R","?","E","M","M","R","BOSS"],"items_purchased_type":["Relic","Relic","Card","Relic","Relic","Potion","Relic","Card","Card","Card","Card","Relic","Relic","Relic","Card"],"build_version":"2020-12-22","purchased_purges":3,"victory":false,"max_hp_per_floor":[75,75,75,75,75,75,75,75,75,75,75,75,75,75,75,75,75,75,75,75,75,75,75,75,75,75,75,75,75,75,75,75,75,75],"card_choices":[{"not_picked":["Perfected Strike","Armaments"],"picked":"Flame Barrier","floor":1.0},{"not_picked":["Headbutt","Twin Strike","Cleave"],"picked":"SKIP","floor":2.0},{"not_picked":["Headbutt","Cleave"],"picked":"Twin Strike","floor":2.0},{"not_picked":["Wild Strike","Power Through","Headbutt"],"picked":"SKIP","floor":5.0},{"not_picked":["Thunderclap","Twin Strike"],"picked":"Disarm","floor":6.0},{"not_picked":["Wild Strike","Ghostly Armor"],"picked":"Fiend Fire","floor":8.0},{"not_picked":["Flex","Life Link"],"picked":"Pommel Strike","floor":12.0},{"not_picked":["ReplayTheSpireMod:Strike From Hell","Pommel Strike"],"picked":"True Grit","floor":13.0},{"not_picked":["Impervious","Reaper"],"picked":"Immolate","floor":16.0},{"not_picked":["Pommel Strike","Massacre"],"picked":"Feel No Pain","floor":18.0},{"not_picked":["Dual Wield","Perfected Strike","Life Link"],"picked":"SKIP","floor":21.0},{"not_picked":["Rage","Replay:Undeath\u0027s Touch"],"picked":"Battle Trance","floor":23.0},{"not_picked":["Defy Death+1","Shrug It Off","Clash"],"picked":"SKIP","floor":25.0},{"not_picked":["Defy Death+1","Shrug It Off","Clash"],"picked":"SKIP","floor":25.0},{"not_picked":["Pommel Strike","Metallicize"],"picked":"Fiend Fire","floor":29.0},{"not_picked":["Anger","Replay:Undeath\u0027s Touch","Iron Wave+1"],"picked":"SKIP","floor":30.0},{"not_picked":["Replay:Undeath\u0027s Touch","Infernal Blade","Flex+1"],"picked":"SKIP","floor":31.0}],"player_experience":663000,"relics_obtained":[{"floor":6.0,"key":"Gremlin Food"},{"floor":9.0,"key":"MawBank"},{"floor":11.0,"key":"Ring of Greed"},{"floor":11.0,"key":"Ring of Searing"},{"floor":11.0,"key":"Membership Card"},{"floor":11.0,"key":"MealTicket"},{"floor":12.0,"key":"Lantern"},{"floor":19.0,"key":"Enchiridion"},{"floor":23.0,"key":"Shuriken"},{"floor":28.0,"key":"Replay:Multitool"},{"floor":29.0,"key":"ReplayTheSpireMod:Spearhead"},{"floor":32.0,"key":"PreservedInsect"}],"event_choices":[{"damage_healed":0.0,"max_hp_gain":0.0,"max_hp_loss":0.0,"gold_gain":0.0,"event_name":"Living Wall","player_choice":"Grow","floor":3.0,"gold_loss":0.0,"damage_taken":0.0,"cards_upgraded":["Flame Barrier"]},{"damage_healed":0.0,"max_hp_gain":0.0,"max_hp_loss":0.0,"gold_gain":0.0,"event_name":"Cursed Tome","player_choice":"Obtained Book","floor":19.0,"gold_loss":0.0,"damage_taken":21.0}],"is_beta":false,"boss_relics":[{"not_picked":["Velvet Choker","Replay:Fungal Core"],"picked":"ReplayTheSpireMod:DimensionalGlitch"}],"items_purged_floors":[0,14,20],"is_endless":false,"potions_floor_spawned":[2,5,8,23,25,29,30],"killed_by":"Collector","ascension_level":20}}