{"host":"odz7g4gpgch153rb","time":1609430626,"event":{"mods":["AchievementEnabler","BaseMod","Better Match","Better Third Choice","BetterRewards","GifTheSpireLib","Infinite Spire","Jedi Mod","Minty Spire (QoL Compilation)","Quick Restart","Replay The Spire","Spikes Relics","StSLib","Stuff the Spire","The Blue Laboratory","Trackpad"],"gold_per_floor":[118,130,80,91,101,101,0,0,47,57,57,57,75,95,95,95,95],"floor_reached":16,"playtime":804,"items_purged":["Strike_P"],"score":223,"play_id":"2ae10cbb-6d9a-4227-8a42-68cd64deb96f","local_time":"20201231110346","is_ascension_mode":true,"campfire_choices":[{"data":"Eruption","floor":6,"key":"SMITH"},{"data":"Protect","floor":8,"key":"SMITH"},{"floor":12,"key":"REST"},{"data":"Enlightenment","floor":15,"key":"SMITH"}],"circlet_count":0,"master_deck":["AscendersBane","Strike_P","Strike_P","Strike_P","Defend_P","Defend_P","Defend_P","Eruption+1","Vigilance","Consecrate","Protect+1","FlyingSleeves","Enlightenment+1","Consecrate"],"relics":["PureWater","infinitespire:Golems Mask","trackpad:ToughGloves","infinitespire:Lychee Nut","Replay:Baseball","Bag of Marbles","StuffTheSpire:HeavyRock"],"acts_visited":["Exordium"],"potions_floor_usage":[1,1,5,14],"damage_taken":[{"damage":0,"enemies":"2 Louse","floor":1,"turns":1},{"damage":1,"enemies":"Jaw Worm","floor":2,"turns":5},{"damage":0,"enemies":"Small Slimes","floor":4,"turns":2},{"damage":4,"enemies":"Exordium Wildlife","floor":5,"turns":4},{"damage":34,"enemies":"Exordium Thugs","floor":10,"turns":5},{"damage":1,"enemies":"Red Slaver","floor":13,"turns":3},{"damage":0,"enemies":"Large Slime","floor":14,"turns":2},{"damage":47,"enemies":"The Guardian","floor":16,"turns":5}],"seed_played":"-8050104224509297019","potions_obtained":[{"floor":1,"key":"BlessingOfTheForge"},{"floor":13,"key":"ColorlessPotion"}],"is_trial":false,"path_per_floor":["M","M","?","M","M","R","?","R","T","M","?","R","M","M","R","B"],"character_chosen":"WATCHER","items_purchased":["trackpad:ToughGloves","Consecrate","blueLaboratory:FruitPunch","Replay:Baseball","Explosive Potion"],"campfire_rested":1,"item_purchase_floors":[0,0,0,0,0],"current_hp_per_floor":[27,32,32,35,37,37,43,43,43,15,15,33,37,40,40,0,0],"gold":95,"neow_bonus":"","is_daily":false,"chose_seed":false,"campfire_upgraded":3,"win_rate":0.0,"timestamp":1609430626,"path_taken":["M","M","?","M","M","R","?","R","T","M","?","R","M","M","R","BOSS"],"items_purchased_type":["Relic","Card","Potion","Relic","Potion"],"build_version":"2020-12-22","purchased_purges":1,"victory":false,"max_hp_per_floor":[56,56,56,56,56,56,62,62,62,62,62,62,62,62,62,62,62],"card_choices":[{"not_picked":["Halt","CrushJoints"],"picked":"Protect","floor":1},{"not_picked":["CarveReality","Replay:BluntJabs"],"picked":"FlyingSleeves","floor":2},{"not_picked":["Study","Replay:BluntJabs","CutThroughFate"],"picked":"SKIP","floor":4},{"not_picked":["ThirdEye","Study","PathToVictory"],"picked":"SKIP","floor":5},{"not_picked":["FlyingSleeves","Protect","Replay:BluntJabs"],"picked":"SKIP","floor":10},{"not_picked":["Pray","SpiritShield","CrushJoints"],"picked":"SKIP","floor":13},{"not_picked":["Tantrum","FollowUp"],"picked":"Consecrate","floor":14}],"player_experience":976378,"relics_obtained":[{"floor":9,"key":"Bag of Marbles"},{"floor":11,"key":"StuffTheSpire:HeavyRock"}],"event_choices":[{"cards_removed":["Defend_P"],"damage_healed":0,"gold_gain":0,"player_choice":"Card Removal","damage_taken":0,"max_hp_gain":0,"max_hp_loss":0,"event_name":"The Cleric","floor":3,"gold_loss":50},{"damage_healed":0,"gold_gain":0,"player_choice":"RENOUNCE","damage_taken":101,"max_hp_gain":0,"max_hp_loss":0,"event_name":"betterThird:BetterSerpent","floor":7,"gold_loss":101,"cards_obtained":["Enlightenment"]},{"damage_healed":0,"gold_gain":0,"player_choice":"Relic","damage_taken":0,"max_hp_gain":0,"max_hp_loss":0,"event_name":"Wheel of Change","floor":11,"gold_loss":0}],"is_beta":false,"boss_relics":[],"items_purged_floors":[0],"is_endless":false,"potions_floor_spawned":[1,13],"killed_by":"The Guardian","ascension_level":11}}