{"host":"t9ey1ebdrj6sa9fi","time":1609417212,"event":{"mods":["Act Like it!","Astrologer","BaseMod","Better Altar","Better Match","Better Note","Better Sensory Stone","Better Silent Start","Better Third Choice","Better Vampires","Colored Map","Colored Powertips","Emptier Cage","Gensokyo","Highlight Path","Minty Spire (QoL Compilation)","Optimize The Spire","Permanent Neow","Quick Restart","Random Character Button","Spicy Shops","StSLib","SuperFastMode","The Hydrologist","The IronCluck","Wandering Minibosses","Wide Potions","everything is the same but u backflip on backflip"],"gold_per_floor":[110,35,49,67,85,119,136,136,162,187,187,219,156,194,206,317,329,354,291,183,249,275,316,278,290,328,340,370,414,426,438,450,558,570,593,605,542,574,586,598,610,654,717,749,0,30,30,55,55,55],"floor_reached":51,"playtime":8991,"items_purged":["hydrologistmod:Strike_Hydrologist"],"score":954,"play_id":"e3a01b9b-bdd5-40a0-8b99-51cfdcd47ec9","local_time":"20201231132012","is_ascension_mode":true,"campfire_choices":[{"data":"hydrologistmod:PressureBlast","floor":8.0,"key":"SMITH"},{"data":"hydrologistmod:ScaldingGeyser","floor":15.0,"key":"SMITH"},{"floor":25.0,"key":"REST"},{"floor":27.0,"key":"RECALL"},{"floor":32.0,"key":"REST"},{"floor":40,"key":"REST"},{"floor":49,"key":"REST"}],"circlet_count":0,"master_deck":["hydrologistmod:Strike_Hydrologist","hydrologistmod:Strike_Hydrologist","hydrologistmod:WaterWhip","hydrologistmod:IceBarrier","hydrologistmod:Defend_Hydrologist","hydrologistmod:Defend_Hydrologist","hydrologistmod:Defend_Hydrologist","hydrologistmod:UnstableDefend","hydrologistmod:UnstableDefend","hydrologistmod:GhostlyMist","hydrologistmod:SteadyTide+1","hydrologistmod:BlockOfIce","hydrologistmod:Dehydrate","hydrologistmod:PressureBlast+1","hydrologistmod:Debilitate","hydrologistmod:ScaldingGeyser+1","Trip+1","hydrologistmod:CrystalLattice","hydrologistmod:TidalWave+1","Thinking Ahead+1","hydrologistmod:PressureCycle","hydrologistmod:PersonalRaincloud","hydrologistmod:Manifestation","hydrologistmod:LayeredShell+1","hydrologistmod:ReleaseValve+1","hydrologistmod:Pneumatics"],"relics":["hydrologistmod:WaterPouch","Darkstone Periapt","Bag of Preparation","Centennial Puzzle","Gensokyo:YoukaiFlower","MawBank","Ancient Tea Set","Fusion Hammer","Gensokyo:MaskOfHope","Vajra","Mummified Hand","Juzu Bracelet","Orichalcum","hydrologistmod:TranquilTeacup","Happy Flower","Omamori","Boot","Meat on the Bone","OrangePellets","Art of War","White Beast Statue","Letter Opener"],"acts_visited":["Gensokyo:Gensokyo","Gensokyo:Gensokyoer","Gensokyo:Gensokyoest"],"potions_floor_usage":[38,50],"damage_taken":[{"damage":1.0,"enemies":"Gensokyo:2_Kodama","floor":1.0,"turns":6.0},{"damage":1.0,"enemies":"Gensokyo:Python","floor":3.0,"turns":3.0},{"damage":6.0,"enemies":"Gensokyo:Gryphon","floor":4.0,"turns":3.0},{"damage":2.0,"enemies":"Gensokyo:Python_and_Kodama","floor":5.0,"turns":5.0},{"damage":13.0,"enemies":"Gensokyo:Mamizou","floor":6.0,"turns":6.0},{"damage":9.0,"enemies":"Gensokyo:Gryphon_and_Rabbit","floor":7.0,"turns":5.0},{"damage":6.0,"enemies":"Gensokyo:Cirno","floor":10.0,"turns":7.0},{"damage":4.0,"enemies":"Gensokyo:Aya","floor":12.0,"turns":3.0},{"damage":0.0,"enemies":"Gensokyo:Mamizou","floor":14.0,"turns":4.0},{"damage":21.0,"enemies":"Gensokyo:Yukari","floor":16.0,"turns":7.0},{"damage":11.0,"enemies":"Gensokyo:Chomper","floor":18.0,"turns":5.0},{"damage":0.0,"enemies":"Gensokyo:2_Gloops","floor":22.0,"turns":2.0},{"damage":1.0,"enemies":"Gensokyo:Reisen","floor":23.0,"turns":4.0},{"damage":0.0,"enemies":"Gensokyo:Wraith","floor":28.0,"turns":3.0},{"damage":2.0,"enemies":"Gensokyo:Tenshi","floor":29.0,"turns":4.0},{"damage":0.0,"enemies":"Gensokyo:Slime_Group","floor":30.0,"turns":1.0},{"damage":51.0,"enemies":"Gensokyo:Eternal_Rivals","floor":33.0,"turns":11.0},{"damage":0,"enemies":"Gensokyo:3_Bats","floor":35,"turns":2},{"damage":3,"enemies":"Gensokyo:3_Boulders","floor":38,"turns":4},{"damage":6,"enemies":"Gensokyo:Doremy","floor":42,"turns":7},{"damage":11,"enemies":"Gensokyo:Sharpion","floor":44,"turns":6},{"damage":19,"enemies":"Gensokyo:Marisa","floor":46,"turns":6},{"damage":30,"enemies":"Gensokyo:Kasen","floor":48,"turns":8},{"damage":23,"enemies":"Gensokyo:Yuyuko","floor":50,"turns":7}],"seed_played":"4305694579582042132","potions_obtained":[{"floor":7.0,"key":"SkillPotion"},{"floor":10.0,"key":"Fire Potion"},{"floor":14.0,"key":"Fire Potion"},{"floor":18.0,"key":"GamblersBrew"},{"floor":29.0,"key":"SmokeBomb"},{"floor":42,"key":"Swift Potion"}],"is_trial":false,"path_per_floor":["M","?","M","M","M","E","M","R","T","E","?","E","?","E","R","B",null,"M","?","?","T","M","E","?","R","T","R","M","E","M","?","R","B",null,"M","?","?","M","?","R","?","E","T","M","$","E","?","E","R","B",null],"character_chosen":"HYDROLOGIST_CLASS","items_purchased":["Boot","Meat on the Bone","OrangePellets","PowerPotion","Art of War"],"campfire_rested":4,"item_purchase_floors":[45,45,45,45,45],"current_hp_per_floor":[76,76,75,69,67,54,45,45,45,39,39,35,35,35,35,14,77,66,66,66,66,66,65,72,84,84,84,84,82,82,82,84,33,84,84,84,84,81,81,84,84,78,78,67,67,48,48,30,55,55],"gold":55,"neow_bonus":"ONE_RANDOM_RARE_CARD","is_daily":false,"chose_seed":false,"campfire_upgraded":2,"win_rate":0.0,"timestamp":1609417212,"path_taken":["M","?","M","?","M","E","M","R","T","E","?","E","?","E","R","BOSS","M","?","?","?","?","E","?","R","T","R","M","E","M","?","R","BOSS","M","?","?","M","?","R","?","E","T","M","$","E","?","E","R","BOSS"],"items_purchased_type":["Relic","Relic","Relic","Potion","Relic"],"build_version":"2020-12-22","purchased_purges":1,"victory":true,"max_hp_per_floor":[77,77,77,77,77,77,77,77,77,77,77,77,77,77,77,77,77,77,77,77,77,77,77,84,84,84,84,84,84,84,84,84,84,84,84,84,84,84,84,84,84,84,84,84,84,84,84,84,84,84],"card_choices":[{"not_picked":["hydrologistmod:Debilitate","hydrologistmod:PureIce"],"picked":"hydrologistmod:GhostlyMist","floor":1.0},{"not_picked":["hydrologistmod:PureSteam+1","hydrologistmod:Drench+1"],"picked":"hydrologistmod:SteadyTide+1","floor":2.0},{"not_picked":["hydrologistmod:Solidification","hydrologistmod:OccludingMist"],"picked":"hydrologistmod:ScaldingGeyser","floor":3.0},{"not_picked":["hydrologistmod:YawningAbyss","hydrologistmod:Cascade"],"picked":"hydrologistmod:BlockOfIce","floor":4.0},{"not_picked":["hydrologistmod:Drench","hydrologistmod:SteadyTide"],"picked":"hydrologistmod:Dehydrate","floor":5.0},{"not_picked":["hydrologistmod:Blizzard","hydrologistmod:YawningAbyss"],"picked":"hydrologistmod:PressureBlast","floor":6.0},{"not_picked":["hydrologistmod:FlowingCurrents","hydrologistmod:Drench"],"picked":"hydrologistmod:Debilitate","floor":7.0},{"not_picked":["hydrologistmod:Endothermancy","hydrologistmod:SearingSynthesis","hydrologistmod:PureIce"],"picked":"SKIP","floor":10.0},{"not_picked":["hydrologistmod:SearingSynthesis","hydrologistmod:Hail"],"picked":"hydrologistmod:ScaldingGeyser","floor":12.0},{"not_picked":["Finesse+1","Impatience+1"],"picked":"Trip+1","floor":13.0},{"not_picked":["hydrologistmod:SteadyTide","hydrologistmod:PurifyingSteam","hydrologistmod:Solidification"],"picked":"SKIP","floor":14.0},{"not_picked":["hydrologistmod:FlowingForm","hydrologistmod:Reservoir"],"picked":"hydrologistmod:CrystalLattice","floor":16.0},{"not_picked":["hydrologistmod:DimensionalIcicles","hydrologistmod:Debilitate"],"picked":"hydrologistmod:TidalWave+1","floor":18.0},{"not_picked":["Magnetism+1","The Bomb+1"],"picked":"Thinking Ahead+1","floor":19.0},{"not_picked":["hydrologistmod:GlacialStrike","hydrologistmod:PureWater","hydrologistmod:PureSteam"],"picked":"SKIP","floor":22.0},{"not_picked":["hydrologistmod:ResonantCrystal+1","hydrologistmod:Hail"],"picked":"hydrologistmod:PressureCycle","floor":23.0},{"not_picked":["hydrologistmod:GhostlyMist","hydrologistmod:GentleSnowfall","hydrologistmod:OccludingMist"],"picked":"SKIP","floor":28.0},{"not_picked":["hydrologistmod:Cascade","hydrologistmod:PurifyingSteam","hydrologistmod:GhostlyMist"],"picked":"SKIP","floor":29.0},{"not_picked":["hydrologistmod:FlowingForm","hydrologistmod:PackedSnow"],"picked":"hydrologistmod:PersonalRaincloud","floor":33.0},{"not_picked":["hydrologistmod:YawningAbyss+1","hydrologistmod:Manifestation","hydrologistmod:SwelteringStrike"],"picked":"SKIP","floor":35},{"not_picked":["hydrologistmod:YawningAbyss+1","hydrologistmod:SwelteringStrike"],"picked":"hydrologistmod:Manifestation","floor":35},{"not_picked":["hydrologistmod:OccludingMist+1","hydrologistmod:BlockOfIce+1"],"picked":"hydrologistmod:LayeredShell+1","floor":37},{"not_picked":["hydrologistmod:Freeze+1","hydrologistmod:GentleSnowfall+1"],"picked":"hydrologistmod:ReleaseValve+1","floor":37},{"not_picked":["hydrologistmod:Debilitate+1","hydrologistmod:OccludingMist","hydrologistmod:Ripcurrent+1"],"picked":"SKIP","floor":38},{"not_picked":["hydrologistmod:FlowingCurrents+1","hydrologistmod:Debilitate","hydrologistmod:SteadyTide"],"picked":"SKIP","floor":42},{"not_picked":["hydrologistmod:Manifestation+1","hydrologistmod:Cascade","hydrologistmod:Aqueducts"],"picked":"SKIP","floor":44},{"not_picked":["hydrologistmod:Hail","hydrologistmod:SoggySynthesis"],"picked":"hydrologistmod:Pneumatics","floor":46},{"not_picked":["hydrologistmod:Endothermancy+1","hydrologistmod:Dehydrate+1","hydrologistmod:Evaporation+1"],"picked":"SKIP","floor":48}],"player_experience":43388,"relics_obtained":[{"floor":6.0,"key":"Darkstone Periapt"},{"floor":9.0,"key":"Bag of Preparation"},{"floor":10.0,"key":"Centennial Puzzle"},{"floor":12.0,"key":"MawBank"},{"floor":14.0,"key":"Ancient Tea Set"},{"floor":21.0,"key":"Vajra"},{"floor":23.0,"key":"Mummified Hand"},{"floor":26.0,"key":"Juzu Bracelet"},{"floor":29.0,"key":"Orichalcum"},{"floor":42,"key":"Happy Flower"},{"floor":43,"key":"Omamori"},{"floor":46,"key":"White Beast Statue"},{"floor":48,"key":"Letter Opener"}],"event_choices":[{"damage_healed":0.0,"max_hp_gain":0.0,"max_hp_loss":0.0,"gold_gain":0.0,"event_name":"betterMatch:BetterMatch","player_choice":"2","floor":2.0,"gold_loss":0.0,"damage_taken":0.0,"cards_obtained":["betterMatch:CommonCard"]},{"damage_healed":0.0,"max_hp_gain":0.0,"max_hp_loss":0.0,"gold_gain":0.0,"event_name":"betterMatch:BetterMatch","player_choice":"2","floor":13.0,"gold_loss":0.0,"damage_taken":0.0,"cards_obtained":["betterMatch:ColorlessUncommonCard"]},{"damage_healed":0.0,"max_hp_gain":0.0,"max_hp_loss":0.0,"gold_gain":0.0,"event_name":"betterMatch:BetterMatch","player_choice":"2","floor":19.0,"gold_loss":0.0,"damage_taken":0.0,"cards_obtained":["betterMatch:ColorlessRareCard"]},{"damage_healed":0.0,"max_hp_gain":0.0,"max_hp_loss":0.0,"gold_gain":0.0,"event_name":"betterMatch:BetterMatch","player_choice":"3","floor":31.0,"gold_loss":0.0,"damage_taken":0.0,"cards_obtained":[]},{"damage_healed":0,"gold_gain":0,"player_choice":"2","damage_taken":0,"max_hp_gain":0,"max_hp_loss":0,"event_name":"betterMatch:BetterMatch","floor":37,"gold_loss":0,"cards_obtained":["betterMatch:CommonCard","betterMatch:RareCard"]}],"is_beta":false,"boss_relics":[{"not_picked":["Empty Cage","Ectoplasm"],"picked":"Fusion Hammer"},{"not_picked":["Snecko Eye","hydrologistmod:SpinningStones"],"picked":"hydrologistmod:TranquilTeacup"}],"items_purged_floors":[45],"is_endless":false,"potions_floor_spawned":[7,10,12,14,16,18,22,29,35,42,48],"ascension_level":1}}