{"host":"an6uhul3yec8m0jh","time":1609438985,"event":{"mods":["ATMod(阿瑾Mod)","Act Like it!","BaseMod","Colored Map","Colored Powertips","Gensokyo","Highlight Path","Minty Spire (QoL Compilation)","MostiFishMod","Pale of the Ancients","Quick Restart","StSLib","TestMod","UnlockEverythingMod","Waifu the Spire","noobMod"],"gold_per_floor":[109,11,27,42,303,303,332,350,396,396,415,426,459,476,476,555,555,572,591,104,204,0,35,35,35,35,35,199,199,462,499,499,598,598,622,622,622,222,234,234,244,244,244,98,131,147,165,199,199,199,199,208,372,771,224,224,241,241,241,241,241],"floor_reached":62,"playtime":3934,"items_purged":["Defend_P","Strike_P"],"score":3240,"play_id":"edb6b599-2d10-4d7d-b8ba-7d2c4cd3f103","local_time":"20210101022305","is_ascension_mode":true,"campfire_choices":[{"data":"Eruption","floor":6.0,"key":"SMITH"},{"floor":10.0,"key":"REST"},{"floor":15.0,"key":"REST"},{"floor":24.0,"key":"REST"},{"data":"Adaptation","floor":27.0,"key":"SMITH"},{"floor":29.0,"key":"REST"},{"data":"Omniscience","floor":32.0,"key":"SMITH"},{"data":"AT_ChampionKick","floor":40.0,"key":"SMITH"},{"data":"Defend_P","floor":49.0,"key":"PURGE"},{"data":"Strike_P","floor":56,"key":"PURGE"},{"data":"Strike_P+1","floor":58,"key":"PURGE"}],"circlet_count":0,"master_deck":["AscendersBane","Strike_P","Defend_P","Defend_P","Eruption+1","Vigilance","AT_ChampionStep","MostiFishMod:FrostNova","MostiFishMod:WinterMarkForm","Crescendo","InnerPeace","Adaptation+1","MostiFishMod:DisColor+1","Indignation","CutThroughFate+1","Wallop","TalkToTheHand+1","MostiFishMod:Moonprays","MostiFishMod:StarHerder","MostiFishMod:Speedup","Vault","DevaForm","FlurryOfBlows+1","WheelKick+1","Omniscience+1","AT_RealColorLess","AT_ChampionKick+1","MostiFishMod:Minus","AT_ChampionStep","Adaptation+1"],"relics":["ice","testmod-TestBox","AT_ATBox","ArrowTower","testmod-DragonStarHat","FrostBlade","SynthV:TestCard","Dream Catcher","testmod-CasingShield","AT_DeathDance","ShadowXiaoBlade","BirthdayGift-Icosahedron","ChiLing","Chi","Ling","Lizard Tail","testmod-TheFather","Blood Vial","Boot","Gensokyo:ConquerorOfFear","testmod-AssaultLearning","SentryEyes","Mango","RhineSuit","DaCapo","testmod-Charity","Gensokyo:EmptyGrave","Peace Pipe","AT_ImmortalShieldbow","Whetstone","paleoftheancients:Timepiece","paleoftheancients:KeyRelic","Anchor","CultistMask","AT_Kusabimaru","testmod-Justice","SynthV","paleoftheancients:SoulOfTheDefect","Shuriken"],"acts_visited":["Gensokyo:Gensokyo","Gensokyo:Gensokyoer","Gensokyo:Gensokyoest","paleoftheancients:PaleOfTheAncients"],"potions_floor_usage":[50],"damage_taken":[{"damage":3.0,"enemies":"Gensokyo:Python","floor":1.0,"turns":3.0},{"damage":0.0,"enemies":"Gensokyo:3_Fairies","floor":3.0,"turns":3.0},{"damage":17.0,"enemies":"Gensokyo:Gryphon","floor":4.0,"turns":4.0},{"damage":0.0,"enemies":"Gensokyo:LivingMonolith","floor":5.0,"turns":4.0},{"damage":9.0,"enemies":"Gensokyo:Cirno","floor":7.0,"turns":5.0},{"damage":11.0,"enemies":"Gensokyo:VengefulSpirit","floor":8.0,"turns":4.0},{"damage":3.0,"enemies":"Gensokyo:Kitsune","floor":11.0,"turns":3.0},{"damage":0.0,"enemies":"Gensokyo:Python_and_Kodama","floor":12.0,"turns":2.0},{"damage":0.0,"enemies":"Gensokyo:Aya","floor":13.0,"turns":2.0},{"damage":12.0,"enemies":"Gensokyo:CorruptedTreant","floor":14.0,"turns":3.0},{"damage":4.0,"enemies":"Gensokyo:Yukari","floor":16.0,"turns":5.0},{"damage":0.0,"enemies":"Gensokyo:2_Gloops","floor":18.0,"turns":2.0},{"damage":10.0,"enemies":"Gensokyo:AngelMirror","floor":19.0,"turns":4.0},{"damage":25.0,"enemies":"Gensokyo:AngelMirror","floor":21.0,"turns":6.0},{"damage":12.0,"enemies":"Gensokyo:Tenshi","floor":23.0,"turns":3.0},{"damage":20.0,"enemies":"Gensokyo:Wraith","floor":28.0,"turns":3.0},{"damage":2.0,"enemies":"Gensokyo:Swordslinger","floor":30.0,"turns":3.0},{"damage":1.0,"enemies":"Gensokyo:Koishi","floor":31.0,"turns":2.0},{"damage":2.0,"enemies":"Gensokyo:Eiki","floor":33.0,"turns":5.0},{"damage":1.0,"enemies":"Gensokyo:AncientGuardian","floor":35.0,"turns":2.0},{"damage":0.0,"enemies":"Gensokyo:3_Bats","floor":39.0,"turns":1.0},{"damage":1.0,"enemies":"Gensokyo:Sharpion","floor":41.0,"turns":2.0},{"damage":11.0,"enemies":"Gensokyo:Marisa","floor":45.0,"turns":2.0},{"damage":26.0,"enemies":"Gensokyo:Rafflesia","floor":46.0,"turns":5.0},{"damage":0.0,"enemies":"Gensokyo:3_Boulders","floor":47.0,"turns":1.0},{"damage":1.0,"enemies":"Gensokyo:Kasen","floor":48.0,"turns":2.0},{"damage":2,"enemies":"Gensokyo:Yuyuko","floor":50,"turns":4},{"damage":29,"enemies":"Gensokyo:Shinki","floor":51,"turns":6},{"damage":0,"enemies":"Gensokyo:Shinki","floor":52,"turns":2},{"damage":1,"enemies":"Gensokyo:Shinki","floor":53,"turns":3},{"damage":113,"enemies":"Gensokyo:Shinki","floor":57,"turns":14},{"damage":51,"enemies":"paleoftheancients:N","floor":61,"turns":5}],"seed_played":"-7681331668070784129","potions_obtained":[{"floor":3.0,"key":"SmokeBomb"},{"floor":4.0,"key":"LiquidBronze"},{"floor":8.0,"key":"ColorlessPotion"},{"floor":13.0,"key":"BlessingOfTheForge"},{"floor":14.0,"key":"testmod-TestPotion"},{"floor":16.0,"key":"Explosive Potion"},{"floor":19.0,"key":"SteroidPotion"},{"floor":33.0,"key":"Swift Potion"},{"floor":41.0,"key":"Weak Potion"},{"floor":46.0,"key":"Dexterity Potion"}],"is_trial":false,"path_per_floor":["M","COS","M","M","M","R","E","M","T","R","M","M","E","M","R","B",null,"M","M","COS","?","?","E","R","?","T","R","M","R","M","E","R","B",null,"M","?","?","$","M","R","M","?","T","COS","E","M","M","E","R","B","B","M","M","?","$","R","M","R","T","?","B",null],"character_chosen":"WATCHER","items_purchased":["testmod-Charity","AT_ChampionKick","testmod-Justice","SynthV"],"campfire_rested":4,"item_purchase_floors":[38,38,55,55],"current_hp_per_floor":[58,58,58,41,41,41,32,21,21,41,38,38,38,26,46,42,62,62,67,67,47,47,36,56,56,56,56,39,59,60,62,62,82,82,82,82,82,82,89,89,93,84,84,84,80,62,74,98,98,99,202,238,259,260,260,260,416,416,416,416,530],"gold":241,"neow_bonus":"BOSS_RELIC","is_daily":false,"chose_seed":false,"campfire_upgraded":4,"win_rate":0.0,"timestamp":1609438985,"path_taken":["M","COS","M","M","M","R","E","M","T","R","M","?","E","M","R","BOSS","M","M","COS","?","?","E","R","?","T","R","M","R","M","E","R","BOSS","M","?","?","$","?","R","M","?","T","COS","E","M","?","E","R","BOSS","BOSS","M","M","?","$","R","M","R","T","?","BOSS"],"items_purchased_type":["Relic","Card","Relic","Relic"],"build_version":"2020-12-22","purchased_purges":2,"victory":true,"max_hp_per_floor":[68,68,68,68,68,68,68,68,68,68,68,68,68,68,68,68,68,68,68,68,68,68,68,68,68,68,68,68,68,68,68,68,82,82,82,82,82,82,89,89,93,84,84,84,90,95,104,126,126,218,238,254,265,266,266,266,459,459,459,459,575],"card_choices":[{"not_picked":["PathToVictory","Fasting2"],"picked":"Crescendo","floor":1.0},{"not_picked":["EmptyBody","Worship","Crescendo","Consecrate"],"picked":"InnerPeace","floor":3.0},{"not_picked":["SashWhip","BowlingBash","ThirdEye","BattleHymn"],"picked":"Adaptation","floor":4.0},{"not_picked":["EmptyBody","Collect","Evaluate","FlurryOfBlows"],"picked":"MostiFishMod:DisColor","floor":5.0},{"not_picked":["Prostrate","SashWhip","Worship","Halt"],"picked":"Indignation","floor":7.0},{"not_picked":["ClearTheMind","Evaluate","FlurryOfBlows","MostiFishMod:ScryFuture"],"picked":"CutThroughFate","floor":8.0},{"not_picked":["LikeWater","ForeignInfluence","ThirdEye","FollowUp"],"picked":"Wallop","floor":10.0},{"not_picked":["EmptyBody","EmptyFist","Evaluate","Protect","ThirdEye"],"picked":"SKIP","floor":11.0},{"not_picked":["Crescendo","EmptyBody","PathToVictory","Vengeance","SashWhip"],"picked":"SKIP","floor":12.0},{"not_picked":["ThirdEye","Halt","JustLucky","CarveReality"],"picked":"TalkToTheHand","floor":13.0},{"not_picked":["ThirdEye","Wireheading","Fasting2","EmptyBody","FlyingSleeves"],"picked":"SKIP","floor":14.0},{"not_picked":["MostiFishMod:Speedup","Wallop","FlyingSleeves","SignatureMove"],"picked":"MostiFishMod:Moonprays","floor":15.0},{"not_picked":["MostiFishMod:OutWit","ConjureBlade","Establishment","Brilliance"],"picked":"MostiFishMod:StarHerder","floor":16.0},{"not_picked":["CutThroughFate","FollowUp","FlyingSleeves","Protect"],"picked":"MostiFishMod:Speedup","floor":18.0},{"not_picked":["AT_OneInchPunch","SashWhip","Sanctity","CutThroughFate","Prostrate"],"picked":"SKIP","floor":19.0},{"not_picked":["MentalFortress+1","CrushJoints","AT_SoftenMuscles","ThirdEye+1","InnerPeace"],"picked":"SKIP","floor":23.0},{"not_picked":["CutThroughFate","LikeWater","ClearTheMind+1","Protect"],"picked":"Vault","floor":24.0},{"not_picked":["MostiFishMod:StarHerder","MostiFishMod:DisColor","LessonLearned","ConjureBlade"],"picked":"DevaForm","floor":28.0},{"not_picked":["Wallop","EmptyBody+1","PathToVictory","AT_ChampionStep"],"picked":"FlurryOfBlows","floor":28.0},{"not_picked":["Crescendo","Halt","TalkToTheHand+1","MostiFishMod:PathToVictory"],"picked":"WheelKick+1","floor":29.0},{"not_picked":["JustLucky","Wallop","CrushJoints","Weave","Halt+1"],"picked":"SKIP","floor":30.0},{"not_picked":["Prostrate","FlurryOfBlows","Crescendo","EmptyFist"],"picked":"Omniscience","floor":31.0},{"not_picked":["MostiFishMod:DisColor","Establishment","Ragnarok","MostiFishMod:Pointsdynamics"],"picked":"AT_RealColorLess","floor":33.0},{"not_picked":["Weave","FlurryOfBlows","ReachHeaven","Prostrate","Halt"],"picked":"SKIP","floor":35.0},{"not_picked":["JustLucky","CutThroughFate","AT_ChampionKick","Protect+1","LikeWater"],"picked":"SKIP","floor":39.0},{"not_picked":["BowlingBash","ForeignInfluence","Crescendo","FlurryOfBlows","EmptyFist+1"],"picked":"SKIP","floor":41.0},{"not_picked":["MostiFishMod:Speedup+1","MostiFishMod:StarOceanP","FollowUp","Worship+1","ClearTheMind"],"picked":"SKIP","floor":45.0},{"not_picked":["MostiFishMod:StarOceanP","MostiFishMod:OutWit","DevaForm","MostiFishMod:ScryFuture"],"picked":"MostiFishMod:Minus","floor":46.0},{"not_picked":["Protect","Brilliance","AT_ChampionStep","FlyingSleeves+1","Consecrate"],"picked":"SKIP","floor":46.0},{"not_picked":["Protect","Brilliance","FlyingSleeves+1","Consecrate"],"picked":"AT_ChampionStep","floor":46.0},{"not_picked":["SandsOfTime","BowlingBash","FlyingSleeves","Wallop","JustLucky"],"picked":"SKIP","floor":47.0},{"not_picked":["ConjureBlade","ClearTheMind+1","WreathOfFlame","CutThroughFate"],"picked":"Adaptation+1","floor":48.0},{"not_picked":["CrushJoints","AT_ChampionStep","Prostrate+1","MostiFishMod:LegendTransform","BowlingBash"],"picked":"SKIP","floor":52},{"not_picked":["MostiFishMod:Speedup","FlurryOfBlows+1","Prostrate","AT_OneInchPunch","AT_RealFormLess"],"picked":"SKIP","floor":53},{"not_picked":["Prostrate+1","CrushJoints","PathToVictory","Meditate","Crescendo"],"picked":"SKIP","floor":57}],"player_experience":184736,"relics_obtained":[{"floor":1.0,"key":"SynthV:TestCard"},{"floor":9.0,"key":"Dream Catcher"},{"floor":13.0,"key":"AT_DeathDance"},{"floor":21.0,"key":"Lizard Tail"},{"floor":21.0,"key":"testmod-TheFather"},{"floor":23.0,"key":"Boot"},{"floor":26.0,"key":"testmod-AssaultLearning"},{"floor":28.0,"key":"Gensokyo:ConquerorOfFear"},{"floor":31.0,"key":"SentryEyes"},{"floor":43.0,"key":"Peace Pipe"},{"floor":45.0,"key":"AT_ImmortalShieldbow"},{"floor":48.0,"key":"Whetstone"},{"floor":57,"key":"paleoftheancients:SoulOfTheDefect"},{"floor":59,"key":"Shuriken"}],"event_choices":[{"damage_healed":0.0,"max_hp_gain":0.0,"max_hp_loss":0.0,"gold_gain":0.0,"event_name":"给自己的盒子","player_choice":"Swap Relic","floor":36.0,"relics_lost":["DaveBox"],"gold_loss":0.0,"damage_taken":0.0,"relics_obtained":["DaveBox"]},{"damage_healed":0,"gold_gain":400,"player_choice":"Sell","damage_taken":0,"max_hp_gain":0,"max_hp_loss":0,"event_name":"恩洛斯的盘子","floor":54,"relics_lost":["DaveBox"],"gold_loss":0}],"is_beta":false,"boss_relics":[{"not_picked":["testmod-DeterminationOfClimber","testmod-Fanaticism"],"picked":"ShadowXiaoBlade"},{"not_picked":["Sozu","FixedStarFall"],"picked":"RhineSuit"}],"items_purged_floors":[38,55],"is_endless":false,"potions_floor_spawned":[3,4,8,12,13,14,16,19,33,41,46,47],"ascension_level":20}}