{"host":"p08oqmr389b4tgxi","time":1609428074,"event":{"mods":["Act Like it!","Arknights The Spire","BaseMod","Colored Powertips","Friendly Minions","Gensokyo","Hermit","Minty Spire (QoL Compilation)","Pale of the Ancients","Relic Stats","StSLib","The Alterego","The Marked","UnlockEverythingMod","Yakumo Yukari mod"],"gold_per_floor":[111,36,211,228,228,228,228,228,255,255,255],"floor_reached":10,"playtime":293,"items_purged":["ats:Strike C"],"score":54,"play_id":"3e0c96a0-91d4-4802-96f5-a950ebe4b000","local_time":"20201231232114","is_ascension_mode":false,"campfire_choices":[{"data":"ats:Childhood Dance","floor":6,"key":"SMITH"},{"data":"ats:Support Order","floor":8,"key":"SMITH"}],"circlet_count":0,"master_deck":["ats:Strike S","ats:Strike V+1","ats:Armor Crushing Shot","ats:Defend","ats:Defend","ats:Defend","ats:Defend","ats:Emotion Absorption","ats:Sword Rain","Doubt","ats:Childhood Dance+1","ats:Support Order+1"],"relics":["ats:Sanity","Bird Faced Urn","Tiny Chest"],"acts_visited":["Exordium"],"potions_floor_usage":[],"damage_taken":[{"damage":6.0,"enemies":"Jaw Worm","floor":1.0,"turns":4.0},{"damage":3,"enemies":"2 Louse","floor":4,"turns":3},{"damage":35,"enemies":"Lagavulin","floor":10,"turns":10}],"seed_played":"-1607401257173040828","potions_obtained":[{"floor":1.0,"key":"ats:Emergency Sanity Potion"}],"is_trial":false,"path_per_floor":["M","$","?","M","?","R","?","R","T","E"],"character_chosen":"DOCTOR_CLASS","items_purchased":[],"campfire_rested":0,"item_purchase_floors":[],"current_hp_per_floor":[45,45,45,42,28,28,28,28,28,0,0],"gold":255,"neow_bonus":"ONE_RARE_RELIC","is_daily":false,"chose_seed":false,"campfire_upgraded":2,"win_rate":0.0,"timestamp":1609428074,"path_taken":["M","$","?","M","?","R","?","R","T","E"],"items_purchased_type":[],"build_version":"2020-12-22","purchased_purges":1,"victory":false,"max_hp_per_floor":[72,72,72,72,72,72,72,72,72,72,72],"relic_stats":{"counters":[3,17],"Bird Faced Urn":[0],"Tiny Chest":0,"obtain_stats":[{"Bird Faced Urn":0,"Tiny Chest":9,"ats:Sanity":0},{"Bird Faced Urn":0,"Tiny Chest":2,"ats:Sanity":0},{"Bird Faced Urn":0,"Tiny Chest":7,"ats:Sanity":0}]},"card_choices":[{"not_picked":["ats:Rapid Magazine","ats:Healing Strengthening"],"picked":"ats:Sword Rain","floor":1.0},{"not_picked":["ats:Poison Spread","ats:Explosion Area Strengthen"],"picked":"ats:Childhood Dance","floor":4}],"player_experience":1712,"relics_obtained":[{"floor":9,"key":"Tiny Chest"}],"event_choices":[{"damage_healed":0.0,"max_hp_gain":0.0,"max_hp_loss":0.0,"gold_gain":175.0,"event_name":"Liars Game","player_choice":"AGREE","floor":3.0,"gold_loss":0.0,"damage_taken":0.0,"cards_obtained":["Doubt"]},{"damage_healed":0,"gold_gain":0,"player_choice":"Entered Light","damage_taken":14,"max_hp_gain":0,"max_hp_loss":0,"event_name":"Shining Light","floor":5,"gold_loss":0,"cards_upgraded":["ats:Strike V","ats:Strike G"]},{"damage_healed":0,"gold_gain":0,"cards_transformed":["ats:Strike G"],"player_choice":"Change","damage_taken":0,"max_hp_gain":0,"max_hp_loss":0,"event_name":"Living Wall","floor":7,"gold_loss":0,"cards_obtained":["ats:Support Order"]}],"is_beta":false,"boss_relics":[],"items_purged_floors":[2],"is_endless":false,"potions_floor_spawned":[1],"killed_by":"Lagavulin","ascension_level":0}}