{"host":"5e0jz0sn42a2vhx9","time":1609419806,"event":{"mods":["BaseMod","Minty Spire (QoL Compilation)"],"gold_per_floor":[112,9999,8934,8951,8962,8989,7761,7775,7775,7775,7808,7821,7996,6906,6906,7020,7047,7068,7077,7118,6389,6408,6438,6438,6478,6501,6521,6521,6558,5364,5364,5364,5470,5470,5488,5501,5429,4385,4405,4405,4444,4467,4503,4503,4512,3780,3800,3825,3825,3825],"floor_reached":51,"playtime":2110,"items_purged":["Strike_B","Strike_B","Doubt","Shame","Metamorphosis","Dualcast","Injury"],"score":1206,"play_id":"a5f2bdfb-2361-4428-a5d3-924e77d5b0b8","local_time":"20201231210326","is_ascension_mode":true,"campfire_choices":[{"floor":15,"key":"RECALL"},{"floor":24,"key":"REST"},{"data":"Chill","floor":28,"key":"SMITH"},{"data":"Consume","floor":32,"key":"SMITH"},{"data":"White Noise","floor":40,"key":"SMITH"},{"data":"Loop","floor":44,"key":"SMITH"},{"data":"Aggregate","floor":49,"key":"SMITH"}],"circlet_count":0,"master_deck":["Defend_B","Defend_B","Defend_B","Zap","Doom and Gloom","Loop+1","Jack Of All Trades","Coolheaded","BootSequence","Reboot","White Noise+1","Self Repair+1","Turbo","Melter+1","Darkness","Capacitor+1","Storm+1","Redo","Storm+1","Genetic Algorithm","Master of Strategy","Consume+1","Panacea","Electrodynamics+1","Hologram+1","Multi-Cast+1","Buffer+1","Storm+1","FTL+1","Storm+1","Biased Cognition+1","Chill+1","Genetic Algorithm+1","Mayhem+1","Heatsinks+1","Machine Learning+1","Turbo","Multi-Cast","Capacitor+1","Self Repair+1","Madness","Loop+1","Aggregate+1"],"relics":["Cracked Core","NeowsBlessing","Pear","Girya","Runic Capacitor","Frozen Egg 2","DataDisk","Bottled Tornado","Medical Kit","Blood Vial","Strawberry","CeramicFish","Chemical X","Astrolabe","CaptainsWheel","Red Mask","Lantern","Ginger","Orichalcum","Whetstone","Pen Nib","Bird Faced Urn","Emotion Chip","Question Card","Lee\u0027s Waffle","Cursed Key","Pocketwatch","Blue Candle","Incense Burner","Toolbox","Art of War","Dream Catcher","Centennial Puzzle","ClockworkSouvenir","Toy Ornithopter"],"acts_visited":["Exordium","TheCity","TheBeyond"],"potions_floor_usage":[5,5,6,8,8,12,16,16,18,23,23,47,50,50],"damage_taken":[{"damage":0.0,"enemies":"2 Louse","floor":1.0,"turns":1.0},{"damage":0,"enemies":"Jaw Worm","floor":2,"turns":1},{"damage":0,"enemies":"Cultist","floor":4,"turns":1},{"damage":14,"enemies":"Exordium Wildlife","floor":5,"turns":5},{"damage":6,"enemies":"3 Sentries","floor":6,"turns":6},{"damage":8,"enemies":"3 Louse","floor":8,"turns":3},{"damage":8,"enemies":"Lagavulin","floor":11,"turns":6},{"damage":25,"enemies":"Gremlin Gang","floor":12,"turns":3},{"damage":6,"enemies":"The Guardian","floor":16,"turns":7},{"damage":19,"enemies":"2 Thieves","floor":18,"turns":3},{"damage":36,"enemies":"Masked Bandits","floor":20,"turns":3},{"damage":0,"enemies":"Chosen","floor":22,"turns":3},{"damage":14,"enemies":"Slavers","floor":23,"turns":3},{"damage":4,"enemies":"Gremlin Leader","floor":25,"turns":5},{"damage":8,"enemies":"Snake Plant","floor":27,"turns":2},{"damage":6,"enemies":"Book of Stabbing","floor":29,"turns":4},{"damage":0,"enemies":"Champ","floor":33,"turns":3},{"damage":0,"enemies":"Orb Walker","floor":35,"turns":2},{"damage":0,"enemies":"3 Shapes","floor":36,"turns":2},{"damage":0,"enemies":"Sphere and 2 Shapes","floor":39,"turns":2},{"damage":35,"enemies":"Nemesis","floor":41,"turns":3},{"damage":0,"enemies":"Transient","floor":42,"turns":4},{"damage":0,"enemies":"Writhing Mass","floor":47,"turns":2},{"damage":0,"enemies":"3 Darklings","floor":48,"turns":2},{"damage":24,"enemies":"Time Eater","floor":50,"turns":3}],"seed_played":"-5780356957420494968","potions_obtained":[{"floor":6,"key":"DistilledChaos"},{"floor":11,"key":"DistilledChaos"},{"floor":16,"key":"AttackPotion"},{"floor":20,"key":"Energy Potion"},{"floor":27,"key":"Energy Potion"},{"floor":31,"key":"FocusPotion"},{"floor":47,"key":"Energy Potion"}],"is_trial":false,"path_per_floor":["M","M","$","M","M","E","$","M","T","?","E","M","?","$","R","B",null,"M","?","?","$","M","E","R","E","T","M","R","E","$","?","R","B",null,"M","M","?","$","M","R","E","M","T","R","?","$","M","M","R","B",null],"character_chosen":"DEFECT","items_purchased":["Pear","Girya","Runic Capacitor","Loop","Jack Of All Trades","ColorlessPotion","Dexterity Potion","Block Potion","White Noise","Self Repair+1","Turbo","DataDisk","Bottled Tornado","Medical Kit","Energy Potion","FairyPotion","Melter","Metamorphosis","Strawberry","CeramicFish","Chemical X","Storm+1","Genetic Algorithm","Master of Strategy","Block Potion","AttackPotion","Consume","Panacea","Lantern","Ginger","Storm+1","Weak Potion","Mayhem+1","Heatsinks+1","Emotion Chip","Question Card","Lee\u0027s Waffle","ColorlessPotion","Turbo","Blue Candle","Incense Burner","Toolbox","Multi-Cast","Loop+1","Centennial Puzzle","ClockworkSouvenir","Toy Ornithopter"],"campfire_rested":1,"item_purchase_floors":[3,3,3,3,3,3,3,3,7,7,7,7,7,7,7,7,7,7,14,14,14,14,14,14,14,14,14,14,21,21,21,21,30,30,30,30,30,30,38,38,38,38,38,46,46,46,46],"current_hp_per_floor":[68,68,78,78,64,58,58,60,60,60,62,49,49,56,56,62,85,78,78,44,44,46,44,71,79,79,73,73,79,99,99,99,99,99,99,99,99,99,99,99,66,99,99,99,99,99,99,99,99,75],"gold":3825,"neow_bonus":"THREE_ENEMY_KILL","is_daily":false,"chose_seed":false,"campfire_upgraded":5,"win_rate":0.0,"timestamp":1609419806,"path_taken":["M","M","$","M","M","E","$","M","T","?","E","M","?","?","R","BOSS","M","?","?","$","M","E","R","E","T","M","R","E","$","?","R","BOSS","M","?","?","?","M","R","E","?","T","R","?","$","M","M","R","BOSS"],"items_purchased_type":["Relic","Relic","Relic","Card","Card","Potion","Potion","Potion","Card","Card","Card","Relic","Relic","Relic","Potion","Potion","Card","Card","Relic","Relic","Relic","Card","Card","Card","Potion","Potion","Card","Card","Relic","Relic","Card","Potion","Card","Card","Relic","Relic","Relic","Potion","Card","Relic","Relic","Relic","Card","Card","Relic","Relic","Relic"],"build_version":"2020-12-22","purchased_purges":7,"victory":true,"max_hp_per_floor":[75,75,85,85,85,85,85,85,85,85,85,85,85,92,92,92,92,92,92,92,92,92,92,92,92,92,92,92,92,99,99,99,99,99,99,99,99,99,99,99,99,99,99,99,99,99,99,99,99,99],"card_choices":[{"not_picked":["Stack","Gash"],"picked":"Cold Snap","floor":1},{"not_picked":["Coolheaded","Hologram"],"picked":"Doom and Gloom","floor":2},{"not_picked":["Static Discharge","Redo"],"picked":"Coolheaded","floor":4},{"not_picked":["Reprogram","Coolheaded"],"picked":"BootSequence","floor":5},{"not_picked":["Conserve Battery","Go for the Eyes"],"picked":"Reboot","floor":6},{"not_picked":["Hello World+1","Leap"],"picked":"Darkness","floor":8},{"not_picked":["Darkness","Barrage"],"picked":"Storm+1","floor":11},{"not_picked":["Sweeping Beam","Rebound"],"picked":"Redo","floor":12},{"not_picked":["Amplify","Hyperbeam"],"picked":"Electrodynamics+1","floor":16},{"not_picked":["Stack","Consume"],"picked":"Storm+1","floor":18},{"not_picked":["Rebound","Cold Snap+1"],"picked":"FTL","floor":20},{"not_picked":["Gash","Sweeping Beam","Streamline"],"picked":"SKIP","floor":22},{"not_picked":["Sunder","Beam Cell","Barrage"],"picked":"SKIP","floor":23},{"not_picked":["Leap","Undo"],"picked":"Biased Cognition+1","floor":25},{"not_picked":["Beam Cell","Steam"],"picked":"Chill","floor":27},{"not_picked":["Conserve Battery","Streamline+1"],"picked":"Genetic Algorithm+1","floor":29},{"not_picked":["Reboot","Echo Form+1","Hyperbeam"],"picked":"Machine Learning+1","floor":33},{"not_picked":["Melter","Leap+1","Scrape","Steam"],"picked":"SKIP","floor":35},{"not_picked":["Streamline","Stack","Auto Shields","Undo"],"picked":"SKIP","floor":36},{"not_picked":["Lockon+1","Conserve Battery","Barrage+1","Skim"],"picked":"SKIP","floor":39},{"not_picked":["Steam","Scrape+1","Reinforced Body"],"picked":"Capacitor+1","floor":41},{"not_picked":["Storm+1","Steam","Lockon+1"],"picked":"Self Repair+1","floor":42},{"not_picked":["Metamorphosis","Enlightenment","Impatience"],"picked":"Madness","floor":45},{"not_picked":["Rebound+1","Sweeping Beam+1","Hologram","Recycle+1"],"picked":"SKIP","floor":47},{"not_picked":["Beam Cell","Creative AI+1","Consume"],"picked":"Aggregate","floor":48}],"player_experience":336995,"relics_obtained":[{"floor":6,"key":"Frozen Egg 2"},{"floor":11,"key":"Blood Vial"},{"floor":20,"key":"Red Mask"},{"floor":23,"key":"Orichalcum"},{"floor":25,"key":"Whetstone"},{"floor":26,"key":"Pen Nib"},{"floor":29,"key":"Bird Faced Urn"},{"floor":41,"key":"Art of War"},{"floor":43,"key":"Dream Catcher"}],"event_choices":[{"damage_healed":0,"gold_gain":0,"cards_transformed":["Strike_B"],"player_choice":"Change","damage_taken":0,"max_hp_gain":0,"max_hp_loss":0,"event_name":"Living Wall","floor":10,"gold_loss":0,"cards_obtained":["Capacitor"]},{"damage_healed":0,"gold_gain":175,"player_choice":"AGREE","damage_taken":0,"max_hp_gain":0,"max_hp_loss":0,"event_name":"Liars Game","floor":13,"gold_loss":0,"cards_obtained":["Doubt"]},{"damage_healed":0,"gold_gain":0,"player_choice":"Stole Relic","damage_taken":0,"relics_obtained":["CaptainsWheel"],"max_hp_gain":0,"max_hp_loss":0,"event_name":"Addict","floor":19,"gold_loss":0,"cards_obtained":["Shame"]},{"damage_healed":0,"gold_gain":0,"player_choice":"Fought Bandits","damage_taken":0,"max_hp_gain":0,"max_hp_loss":0,"event_name":"Masked Bandits","floor":20,"gold_loss":0},{"damage_healed":0,"gold_gain":0,"player_choice":"Got Potions","damage_taken":0,"max_hp_gain":0,"max_hp_loss":0,"event_name":"Lab","floor":31,"gold_loss":0},{"damage_healed":0,"gold_gain":0,"player_choice":"Paid Gold","damage_taken":0,"relics_obtained":["Pocketwatch"],"max_hp_gain":0,"max_hp_loss":0,"event_name":"WeMeetAgain","floor":37,"gold_loss":72},{"damage_healed":0,"gold_gain":0,"player_choice":"Memory 1","damage_taken":0,"max_hp_gain":0,"max_hp_loss":0,"event_name":"SensoryStone","floor":45,"gold_loss":0}],"is_beta":false,"boss_relics":[{"not_picked":["Pandora\u0027s Box","Philosopher\u0027s Stone"],"picked":"Astrolabe"},{"not_picked":["Empty Cage","Snecko Eye"],"picked":"Cursed Key"}],"items_purged_floors":[3,7,14,21,30,38,46],"is_endless":false,"potions_floor_spawned":[6,11,16,20,22,27,33,36,47,48],"ascension_level":7}}