{"host":"zzf13dk0jcen0ncv","time":1609402717,"event":{"mods":["AchievementEnabler","BaseMod","BetterRewards","Colored Map","Keyboard Shortcuts","Minty Spire (QoL Compilation)","Quick Restart","Shop Mod","StSLib","SuperFastMode","The Dragon Tamer","Waifu the Spire"],"gold_per_floor":[109,120,132,150,161,161,191,191,191,216,229,259,273,300,300,397,397,417,417,428,440,456,456,490,505,555,589,85,85,112,53,53,163,226,327,452,546,338,471,471,577,192,192,219,337,444,444,444,453,453,453,462,10,119,119],"floor_reached":56,"playtime":2180,"items_purged":["DTMod:Strike"],"score":2223,"play_id":"e3f078f9-8ae1-4188-a86a-d1d28767afba","local_time":"20201231171837","is_ascension_mode":true,"metric_token":799,"campfire_choices":[{"data":"DTMod:StunTrap","floor":6,"key":"SMITH"},{"data":"DTMod:ForkedFire","floor":8,"key":"SMITH"},{"data":"DTMod:HeadStart","floor":15,"key":"SMITH"},{"data":"DTMod:ShadowImage","floor":23,"key":"SMITH"},{"data":"DTMod:HeadStart","floor":29,"key":"SMITH"},{"data":"DTMod:GearUp","floor":32,"key":"SMITH"},{"data":"DTMod:EchoTactic","floor":40,"key":"SMITH"},{"floor":47,"key":"RECALL"},{"floor":49,"key":"REST"},{"floor":52,"key":"REST"}],"dtmod_dragon_data":[13,50,4,4,13,11],"circlet_count":0,"master_deck":["DTMod:DoubleHit","DTMod:SwitchingTactic","DTMod:DragonDance","DTMod:RunningTactic","DTMod:StarRain","DTMod:PurifyingFlame","DTMod:CrossStep","DTMod:MaximumCharge","DTMod:BlazingStrike","DTMod:BalancedStrike","DTMod:BurningEnergy","DTMod:BurningEnergy","DTMod:Safeguard","DTMod:DragonDance","DTMod:Weaken","DTMod:StunTrap+1","DTMod:ForkedFire+1","DTMod:ExcessFootwork","DTMod:TagTeam","DTMod:HeadStart+1","DTMod:Coolant","DTMod:BurningEnergy","DTMod:OpeningTactic","DTMod:Shift","DTMod:MagiciansMark","DTMod:DarkBreath+1","DTMod:Hide","DTMod:Conduct","DTMod:ShadowImage+1","DTMod:GearUp+1","DTMod:TauntingStrike","DTMod:HeadStart+1","DTMod:CrossStep","DTMod:HeadStart+1","DTMod:DragonDance","DTMod:DragonDance","DTMod:Harmonize","DTMod:LowKick","DTMod:StarRain","DTMod:BuildUp","DTMod:LightShield","DTMod:Feint","DTMod:Cover","DTMod:Inferno","DTMod:Weaken+1","DTMod:Cover+1","DTMod:WarmUp","DTMod:EchoTactic+1","DTMod:Dissolve+1","DTMod:CrossStep+1","DTMod:BurningEnergy","DTMod:InvisibleFlame","Purity","Deep Breath","Dark Shackles","DTMod:CalculatedDefense","DTMod:InvisibleFlame+1","DTMod:ForkedFire","DTMod:TagTeam+1","DTMod:Cover","Sadistic Nature","Blind","DTMod:Prediction","DTMod:Shift","DTMod:BurningEnergy"],"relics":["DTMod:PactStone","OrangePellets","Bag of Marbles","Prayer Wheel","Toy Ornithopter","HornCleat","DTMod:OddArmor","Dead Branch","Du-Vu Doll","Happy Flower","Bronze Scales","Blue Candle","Odd Mushroom","Philosopher\u0027s Stone","CaptainsWheel","CeramicFish","InkBottle","DollysMirror","Regal Pillow","Pandora\u0027s Box","FossilizedHelix","Dream Catcher","Torii","Boot","Anchor","Orichalcum","Shuriken"],"acts_visited":["Exordium","TheCity","TheBeyond","TheEnding"],"potions_floor_usage":[18,18,18,50,55],"damage_taken":[{"damage":0,"enemies":"Cultist","floor":1,"turns":3},{"damage":0,"enemies":"2 Louse","floor":2,"turns":1},{"damage":0,"enemies":"Jaw Worm","floor":3,"turns":1},{"damage":0,"enemies":"Exordium Wildlife","floor":4,"turns":2},{"damage":0,"enemies":"Looter","floor":5,"turns":2},{"damage":0,"enemies":"3 Sentries","floor":7,"turns":3},{"damage":0,"enemies":"Lagavulin","floor":10,"turns":4},{"damage":0,"enemies":"Large Slime","floor":11,"turns":1},{"damage":0,"enemies":"Gremlin Nob","floor":12,"turns":3},{"damage":0,"enemies":"3 Louse","floor":13,"turns":1},{"damage":0,"enemies":"The Mushroom Lair","floor":14,"turns":3},{"damage":0,"enemies":"The Guardian","floor":16,"turns":8},{"damage":0,"enemies":"Shell Parasite","floor":18,"turns":2},{"damage":0,"enemies":"Chosen","floor":20,"turns":1},{"damage":0,"enemies":"Shelled Parasite and Fungi","floor":21,"turns":1},{"damage":0,"enemies":"3 Cultists","floor":22,"turns":3},{"damage":0,"enemies":"Book of Stabbing","floor":24,"turns":3},{"damage":0,"enemies":"Centurion and Healer","floor":25,"turns":3},{"damage":0,"enemies":"Slavers","floor":27,"turns":4},{"damage":0,"enemies":"Snake Plant","floor":30,"turns":1},{"damage":0,"enemies":"Collector","floor":33,"turns":7},{"damage":0,"enemies":"3 Darklings","floor":35,"turns":1},{"damage":0,"enemies":"Mind Bloom Boss Battle","floor":36,"turns":4},{"damage":0,"enemies":"Orb Walker","floor":37,"turns":1},{"damage":0,"enemies":"2 Orb Walkers","floor":39,"turns":1},{"damage":0,"enemies":"Sphere and 2 Shapes","floor":41,"turns":1},{"damage":0,"enemies":"Giant Head","floor":45,"turns":2},{"damage":0,"enemies":"Spire Growth","floor":46,"turns":1},{"damage":0,"enemies":"Donu and Deca","floor":50,"turns":10},{"damage":0,"enemies":"Shield and Spear","floor":54,"turns":4},{"damage":4,"enemies":"The Heart","floor":55,"turns":8}],"seed_played":"-4750710939531947284","potions_obtained":[{"floor":2,"key":"ColorlessPotion"},{"floor":3,"key":"LiquidMemories"},{"floor":7,"key":"Explosive Potion"},{"floor":10,"key":"Strength Potion"},{"floor":16,"key":"LiquidMemories"},{"floor":18,"key":"PowerPotion"},{"floor":21,"key":"GamblersBrew"},{"floor":22,"key":"Regen Potion"},{"floor":25,"key":"Energy Potion"},{"floor":33,"key":"DuplicationPotion"}],"is_trial":false,"path_per_floor":["M","M","M","M","M","R","E","R","T","E","M","E","M","?","R","B",null,"M","?","M","M","M","R","E","M","T","E","$","R","M","$","R","B",null,"M","?","M","$","?","R","M","$","T","?","E","M","R","?","R","B",null,"R","$","E","B",null],"character_chosen":"THE_DT","items_purchased":["DTMod:DragonDance","DTMod:RunningTactic","OrangePellets","DTMod:StarRain","Bag of Marbles","Prayer Wheel","Toy Ornithopter","HornCleat","DTMod:PurifyingFlame","DTMod:OddArmor","Dead Branch","DTMod:CrossStep","DTMod:MaximumCharge","DTMod:BlazingStrike","DTMod:HeadStart","DTMod:CrossStep","DollysMirror","Regal Pillow","DTMod:DragonDance","DTMod:WarmUp","Dream Catcher","Boot","Anchor","DTMod:BurningEnergy","DTMod:InvisibleFlame","Sadistic Nature","Blind","DTMod:Prediction","DTMod:Shift"],"campfire_rested":2,"item_purchase_floors":[0,0,0,0,0,0,0,0,0,0,0,0,0,0,28,28,28,28,31,38,38,42,42,42,42,53,53,53,53],"current_hp_per_floor":[45,45,45,45,45,45,45,45,45,45,45,45,45,45,45,45,45,45,45,45,45,45,45,45,45,45,45,45,45,45,45,45,45,45,45,45,45,45,45,45,45,45,45,35,35,35,35,35,45,45,45,45,45,45,41],"gold":119,"neow_bonus":"","is_daily":false,"chose_seed":false,"campfire_upgraded":7,"win_rate":0.0,"timestamp":1609402717,"path_taken":["M","M","M","?","M","R","E","R","T","E","M","E","M","?","R","BOSS","M","?","M","M","M","R","E","M","T","E","$","R","M","$","R","BOSS","M","?","M","$","?","R","M","$","T","?","E","M","R","?","R","BOSS","R","$","E","BOSS"],"items_purchased_type":["Card","Card","Relic","Card","Relic","Relic","Relic","Relic","Card","Relic","Relic","Card","Card","Card","Card","Card","Relic","Relic","Card","Card","Relic","Relic","Relic","Card","Card","Card","Card","Card","Card"],"build_version":"2020-12-22","purchased_purges":1,"victory":true,"max_hp_per_floor":[45,45,45,45,45,45,45,45,45,45,45,45,45,45,45,45,45,45,45,45,45,45,45,45,45,45,45,45,45,45,45,45,45,45,45,45,45,45,45,45,45,45,45,45,45,45,45,45,45,45,45,45,45,45,45],"card_choices":[{"not_picked":["DTMod:FlameSlash","DTMod:Astonish"],"picked":"DTMod:BalancedStrike","floor":1},{"not_picked":["DTMod:BizarreTactic","DTMod:RecklessFlurry"],"picked":"DTMod:BurningEnergy","floor":1},{"not_picked":["DTMod:CleansingStrike","DTMod:HeatWave"],"picked":"DTMod:BurningEnergy","floor":2},{"not_picked":["DTMod:CleansingStrike","DTMod:Cover"],"picked":"DTMod:Safeguard","floor":2},{"not_picked":["DTMod:MagiciansMark","DTMod:Adaptation"],"picked":"DTMod:DragonDance","floor":3},{"not_picked":["DTMod:Hide","DTMod:PurifyingFlame","DTMod:MasterPlan"],"picked":"SKIP","floor":3},{"not_picked":["DTMod:HeatWave","DTMod:Punisher"],"picked":"DTMod:Weaken","floor":4},{"not_picked":["DTMod:DeepFocus","DTMod:Punisher","DTMod:Feint"],"picked":"SKIP","floor":4},{"not_picked":["DTMod:Training","DTMod:SneakAttack"],"picked":"DTMod:StunTrap","floor":5},{"not_picked":["DTMod:BreakAttack","DTMod:HeatWave","DTMod:BlazingStrike"],"picked":"SKIP","floor":5},{"not_picked":["DTMod:Feint","DTMod:BurningForce"],"picked":"DTMod:ForkedFire","floor":7},{"not_picked":["DTMod:BreakAttack","DTMod:BalancedStrike"],"picked":"DTMod:ExcessFootwork","floor":10},{"not_picked":["DTMod:Threaten","DTMod:Cover"],"picked":"DTMod:TagTeam","floor":11},{"not_picked":["DTMod:BizarreTactic","DTMod:ComboAttack","DTMod:Feint"],"picked":"SKIP","floor":11},{"not_picked":["DTMod:Feint","DTMod:MagicField"],"picked":"DTMod:HeadStart","floor":12},{"not_picked":["DTMod:BlazingStrike","DTMod:ComboAttack"],"picked":"DTMod:Coolant","floor":13},{"not_picked":["DTMod:MagiciansMark","DTMod:MagicField"],"picked":"DTMod:BurningEnergy","floor":13},{"not_picked":["DTMod:Safeguard","DTMod:LightShield"],"picked":"DTMod:OpeningTactic","floor":16},{"not_picked":["DTMod:MagicField+1","DTMod:BizarreTactic"],"picked":"DTMod:Shift","floor":18},{"not_picked":["DTMod:QuickFly+1","DTMod:Adaptation"],"picked":"DTMod:MagiciansMark","floor":18},{"not_picked":["DTMod:DeepFocus","DTMod:Haste"],"picked":"DTMod:DarkBreath+1","floor":20},{"not_picked":["DTMod:GhostSkin","DTMod:BlazingStrike","DTMod:Training"],"picked":"SKIP","floor":20},{"not_picked":["DTMod:ShieldDrain","DTMod:TagTeam"],"picked":"DTMod:Hide","floor":21},{"not_picked":["DTMod:DeepFocus","DTMod:LowKick+1","DTMod:Adaptation+1"],"picked":"SKIP","floor":21},{"not_picked":["DTMod:Training","DTMod:Threaten"],"picked":"DTMod:Conduct","floor":22},{"not_picked":["DTMod:BurningForce","DTMod:Feint"],"picked":"DTMod:ShadowImage","floor":22},{"not_picked":["DTMod:Hide","DTMod:RecklessFlurry"],"picked":"DTMod:GearUp","floor":24},{"not_picked":["DTMod:CleansingStrike","DTMod:BreakAttack"],"picked":"DTMod:TauntingStrike","floor":25},{"not_picked":["DTMod:BuildUp","DTMod:MagicField","DTMod:StarRain"],"picked":"SKIP","floor":25},{"not_picked":["DTMod:BlazingStrike","DTMod:Threaten","DTMod:HeatWave"],"picked":"SKIP","floor":27},{"not_picked":["DTMod:BuildUp","DTMod:BalancedStrike"],"picked":"DTMod:DragonDance","floor":30},{"not_picked":["DTMod:DarkBreath+1","DTMod:BizarreTactic","DTMod:MasterPlan"],"picked":"SKIP","floor":30},{"not_picked":["DTMod:StunTrap","DTMod:Outburst"],"picked":"DTMod:Harmonize","floor":33},{"not_picked":["DTMod:HeatWave+1","DTMod:MasterPlan"],"picked":"DTMod:Weaken+1","floor":35},{"not_picked":["DTMod:Training","DTMod:HeatWave","DTMod:QuickFly"],"picked":"SKIP","floor":35},{"not_picked":["DTMod:BalancedStrike","DTMod:DarkBreath"],"picked":"DTMod:Cover+1","floor":37},{"not_picked":["DTMod:Training","DTMod:BuildUp","DTMod:MasterPlan"],"picked":"SKIP","floor":37},{"not_picked":["DTMod:BlazingStrike","DTMod:QuickFly+1"],"picked":"DTMod:EchoTactic","floor":39},{"not_picked":["DTMod:Weaken+1","DTMod:Punisher+1"],"picked":"DTMod:Dissolve+1","floor":41},{"not_picked":["DTMod:RecklessFlurry","DTMod:Threaten+1"],"picked":"DTMod:CrossStep+1","floor":41},{"not_picked":["Forethought","Finesse"],"picked":"Purity","floor":44},{"not_picked":["Good Instincts","Panache"],"picked":"Deep Breath","floor":44},{"not_picked":["Thinking Ahead","Jack Of All Trades"],"picked":"Dark Shackles","floor":44},{"not_picked":["DTMod:Feint+1","DTMod:BlazingStrike"],"picked":"DTMod:CalculatedDefense","floor":45},{"not_picked":["DTMod:MasterPlan","DTMod:BizarreTactic+1"],"picked":"DTMod:InvisibleFlame+1","floor":46},{"not_picked":["DTMod:Weaken","DTMod:ComboAttack"],"picked":"DTMod:ForkedFire","floor":46},{"not_picked":["DTMod:HeatWave","DTMod:Punisher"],"picked":"DTMod:TagTeam+1","floor":49},{"not_picked":["DTMod:BlazingStrike","DTMod:BuildUp"],"picked":"DTMod:Cover","floor":52},{"not_picked":["DTMod:Haste","DTMod:MagiciansMark"],"picked":"DTMod:BurningEnergy","floor":54}],"player_experience":925859,"relics_obtained":[{"floor":7,"key":"Du-Vu Doll"},{"floor":9,"key":"Happy Flower"},{"floor":10,"key":"Bronze Scales"},{"floor":12,"key":"Blue Candle"},{"floor":14,"key":"Odd Mushroom"},{"floor":24,"key":"CaptainsWheel"},{"floor":26,"key":"CeramicFish"},{"floor":27,"key":"InkBottle"},{"floor":36,"key":"FossilizedHelix"},{"floor":39,"key":"Torii"},{"floor":45,"key":"Orichalcum"},{"floor":54,"key":"Shuriken"}],"event_choices":[{"damage_healed":0,"gold_gain":0,"player_choice":"Fought Mushrooms","damage_taken":0,"max_hp_gain":0,"max_hp_loss":0,"event_name":"Mushrooms","floor":14,"gold_loss":0},{"damage_healed":0,"gold_gain":0,"player_choice":"Ignored","damage_taken":0,"max_hp_gain":0,"max_hp_loss":0,"event_name":"Ghosts","floor":19,"gold_loss":0},{"damage_healed":0,"gold_gain":0,"player_choice":"Fight","damage_taken":0,"max_hp_gain":0,"max_hp_loss":0,"event_name":"MindBloom","floor":36,"gold_loss":0},{"damage_healed":0,"gold_gain":0,"player_choice":"Fight","damage_taken":0,"max_hp_gain":0,"max_hp_loss":0,"event_name":"Mysterious Sphere","floor":39,"gold_loss":0},{"damage_healed":0,"gold_gain":0,"player_choice":"Memory 3","damage_taken":10,"max_hp_gain":0,"max_hp_loss":0,"event_name":"SensoryStone","floor":44,"gold_loss":0},{"damage_healed":0,"gold_gain":0,"player_choice":"Ignored","damage_taken":0,"max_hp_gain":0,"max_hp_loss":0,"event_name":"Tomb of Lord Red Mask","floor":48,"gold_loss":0}],"is_beta":false,"boss_relics":[{"not_picked":["Velvet Choker","Busted Crown"],"picked":"Philosopher\u0027s Stone"},{"not_picked":["Snecko Eye","Runic Pyramid"],"picked":"Pandora\u0027s Box"}],"items_purged_floors":[28],"is_endless":false,"potions_floor_spawned":[2,3,7,10,16,18,21,22,25,33,35,37,39],"ascension_level":2}}