{"host":"1zfbckszmdcrhnfi","time":1609425669,"event":{"mods":["AchievementEnabler","BaseMod","Colored Map","Downfall","Marisa£®ÏF”Í°°ƒß¿Ì…≥£©","Minty Spire (QoL Compilation)","Replay The Spire","Shop Mod","StSLib","The Cursed","The Servant 0.9.4"],"gold_per_floor":[117,117,117,67,81,112,112,124,124,138,38,50,76,91,91,91,91],"floor_reached":16,"playtime":604,"items_purged":[],"score":137,"play_id":"22daa8a2-76dd-4936-94e4-76efa9b7f722","local_time":"20201231224109","is_ascension_mode":false,"campfire_choices":[{"floor":7,"key":"REST"},{"floor":15,"key":"REST"}],"circlet_count":0,"master_deck":["Strike_B","Strike_B","Strike_B","Defend_B","Defend_B","Defend_B","Zap","Dualcast","Multi-Cast","Gash","Melter","Sunder","Barrage","Loop","Loop","BasicCrystalCard","Chill","Go for the Eyes","Electrodynamics"],"relics":["Cracked Core","Replay:Ringing Soul","Ice Cream","Replay:Mystery Machine"],"acts_visited":["Exordium"],"potions_floor_usage":[6,10],"damage_taken":[{"damage":7,"enemies":"2 Louse","floor":1,"turns":3},{"damage":3,"enemies":"Jaw Worm","floor":5,"turns":3},{"damage":31,"enemies":"Lagavulin","floor":6,"turns":6},{"damage":1,"enemies":"Cultist","floor":8,"turns":3},{"damage":9,"enemies":"Exordium Wildlife","floor":10,"turns":2},{"damage":1,"enemies":"2 Fungi Beasts","floor":12,"turns":2},{"damage":28,"enemies":"Gremlin Nob","floor":13,"turns":4},{"damage":10,"enemies":"Looter","floor":14,"turns":3},{"damage":30,"enemies":"Hexaghost","floor":16,"turns":4}],"seed_played":"-1143613146385912597","potions_obtained":[{"floor":5,"key":"DuplicationPotion"},{"floor":8,"key":"BlessingOfTheForge"},{"floor":13,"key":"Elixir"}],"is_trial":false,"path_per_floor":["M","?","?","?","M","E","R","M","T","M","$","M","E","M","R","B"],"character_chosen":"DEFECT","items_purchased":["Loop","BasicCrystalCard"],"campfire_rested":2,"item_purchase_floors":[11,11],"current_hp_per_floor":[68,68,50,50,50,22,46,45,45,39,42,44,19,12,40,10,10],"gold":91,"neow_bonus":"ONE_RANDOM_RARE_CARD","is_daily":false,"chose_seed":false,"campfire_upgraded":0,"win_rate":0.0,"timestamp":1609425669,"path_taken":["M","?","?","?","M","E","R","M","T","M","$","M","E","?","R","BOSS"],"items_purchased_type":["Card","Card"],"build_version":"2020-12-22","purchased_purges":0,"victory":false,"max_hp_per_floor":[75,75,75,75,78,81,81,81,81,84,87,90,93,96,96,96,96],"card_choices":[{"not_picked":["Compile Driver","Cold Snap"],"picked":"Gash","floor":1},{"not_picked":["Sweeping Beam","Beam Cell"],"picked":"Melter","floor":5},{"not_picked":["Cold Snap","Hello World"],"picked":"Sunder","floor":6},{"not_picked":["Consume","Sweeping Beam","Compile Driver"],"picked":"SKIP","floor":8},{"not_picked":["Sweeping Beam","Scrape"],"picked":"Barrage","floor":10},{"not_picked":["Steam","Consume"],"picked":"Chill","floor":12},{"not_picked":["Coolheaded","Static Discharge"],"picked":"Go for the Eyes","floor":13},{"not_picked":["Leap","Rebound"],"picked":"Electrodynamics","floor":14}],"player_experience":159147,"relics_obtained":[{"floor":6,"key":"Ice Cream"},{"floor":13,"key":"Replay:Mystery Machine"}],"event_choices":[{"cards_removed":["Strike_B"],"damage_healed":0,"gold_gain":0,"player_choice":"Forget","damage_taken":0,"max_hp_gain":0,"max_hp_loss":0,"event_name":"Living Wall","floor":2,"gold_loss":0},{"damage_healed":0,"gold_gain":0,"player_choice":"Success","damage_taken":18,"relics_obtained":["Replay:Ringing Soul"],"max_hp_gain":0,"max_hp_loss":0,"event_name":"Scrap Ooze","floor":3,"gold_loss":0},{"cards_removed":["Defend_B"],"damage_healed":0,"gold_gain":0,"player_choice":"Card Removal","damage_taken":0,"max_hp_gain":0,"max_hp_loss":0,"event_name":"The Cleric","floor":4,"gold_loss":50}],"is_beta":false,"boss_relics":[],"items_purged_floors":[],"is_endless":false,"potions_floor_spawned":[5,8,13],"killed_by":"Hexaghost","ascension_level":0}}