{"host":"7k2a2omxz3voj5ax","time":1609436732,"event":{"mods":["BaseMod","Marisa£¨ìFÓê¡¡Ä§ÀíÉ³£©","Minty Spire (QoL Compilation)","Quick Restart","Spicy Shops","StSLib","Starting Relic: Pandora\u0027s Box","óô»ðÖ¸ÄÏ"],"gold_per_floor":[110,120,174,189,189,214,224,224,224],"floor_reached":8,"playtime":245,"items_purged":[],"score":166,"play_id":"a6e2faa2-7a70-4e2e-ab36-1b7183acfe50","local_time":"20210101024532","is_ascension_mode":true,"campfire_choices":[],"circlet_count":0,"master_deck":["AscendersBane","Survivor","Neutralize","Flechettes","Predator","Dagger Throw","Masterful Stab","Bouncing Flask","Bane","Underhanded Strike","Underhanded Strike","Quick Slash","Cloak And Dagger","Acrobatics","Accuracy"],"relics":["SacredBark","Ornamental Fan","The Specimen"],"acts_visited":["Exordium"],"potions_floor_usage":[6,6],"damage_taken":[{"damage":0,"enemies":"Cultist","floor":1,"turns":3},{"damage":4,"enemies":"2 Louse","floor":2,"turns":2},{"damage":9,"enemies":"Jaw Worm","floor":4,"turns":3},{"damage":0,"enemies":"Gremlin Nob","floor":6,"turns":2},{"damage":16,"enemies":"3 Louse","floor":7,"turns":3},{"damage":8,"enemies":"3 Sentries","floor":8,"turns":2}],"seed_played":"-9055483708534834541","potions_obtained":[{"floor":1,"key":"BlessingOfTheForge"},{"floor":2,"key":"SteroidPotion"}],"is_trial":false,"path_per_floor":["M","M","T","M","?","E","M","E"],"character_chosen":"THE_SILENT","items_purchased":[],"campfire_rested":0,"item_purchase_floors":[],"current_hp_per_floor":[59,55,55,46,20,20,4,0,0],"gold":224,"neow_bonus":"BOSS_RELIC","is_daily":false,"chose_seed":false,"campfire_upgraded":0,"win_rate":0.0,"timestamp":1609436732,"path_taken":["M","M","?","M","?","E","?","E"],"items_purchased_type":[],"build_version":"2020-12-22","purchased_purges":0,"victory":false,"max_hp_per_floor":[66,66,66,66,66,66,66,66,66],"card_choices":[{"not_picked":["Flying Knee","Sucker Punch","Well Laid Plans"],"picked":"SKIP","floor":1},{"not_picked":["Dagger Spray","Quick Slash"],"picked":"Acrobatics","floor":2},{"not_picked":["Deadly Poison","Predator","Acrobatics"],"picked":"SKIP","floor":4},{"not_picked":["Cloak And Dagger","Poisoned Stab"],"picked":"Accuracy","floor":6},{"not_picked":["Predator","Backstab","Slice"],"picked":"SKIP","floor":7}],"player_experience":384537,"relics_obtained":[{"floor":6,"key":"The Specimen"}],"event_choices":[{"damage_healed":0,"gold_gain":0,"player_choice":"Success","damage_taken":26,"relics_obtained":["Ornamental Fan"],"max_hp_gain":0,"max_hp_loss":0,"event_name":"Scrap Ooze","floor":5,"gold_loss":0}],"is_beta":false,"boss_relics":[],"items_purged_floors":[],"is_endless":false,"potions_floor_spawned":[1,2],"killed_by":"3 Sentries","ascension_level":20}}