{"host":"dcj2yvrgcvh5dl2s","time":1609405364,"event":{"mods":["BaseMod","Better Note","Block Reminder","Colored Powertips","DeckTracker","Minty Spire (QoL Compilation)","Quick Restart","Rare Cards Sparkle","Relic Stats","StSLib"],"gold_per_floor":[112,262,537,552,113,113,144,157,157,157,157],"floor_reached":10,"playtime":204,"items_purged":["Regret"],"score":173,"play_id":"dcd03ae5-3d6f-4db6-a1ee-dd421402bb75","local_time":"20201231190244","is_ascension_mode":true,"campfire_choices":[{"data":"Barricade","floor":6,"key":"SMITH"}],"circlet_count":0,"master_deck":["AscendersBane","Strike_R","Strike_R","Strike_R","Strike_R","Strike_R","Defend_R","Defend_R","Defend_R","Defend_R","Bash","Heavy Blade","Doubt","Sword Boomerang","Barricade+1","Sword Boomerang","Infernal Blade","Body Slam","Shrug It Off"],"relics":["Burning Blood","NeowsBlessing","Membership Card","Pear","Prayer Wheel","Shovel"],"acts_visited":["Exordium"],"potions_floor_usage":[10],"damage_taken":[{"damage":0,"enemies":"Small Slimes","floor":1,"turns":1},{"damage":0,"enemies":"Cultist","floor":4,"turns":1},{"damage":0,"enemies":"3 Sentries","floor":7,"turns":1},{"damage":8,"enemies":"2 Louse","floor":8,"turns":4},{"damage":85,"enemies":"Lagavulin","floor":10,"turns":14}],"seed_played":"-8585066312367235267","potions_obtained":[{"floor":4,"key":"EssenceOfSteel"}],"is_trial":false,"path_per_floor":["M","?","?","M","$","R","E","M","T","E"],"character_chosen":"IRONCLAD","items_purchased":["Membership Card","Pear","Barricade","Sword Boomerang"],"campfire_rested":0,"item_purchase_floors":[5,5,5,5],"current_hp_per_floor":[74,74,74,75,85,85,85,83,83,0,0],"gold":157,"neow_bonus":"THREE_ENEMY_KILL","is_daily":false,"chose_seed":false,"campfire_upgraded":1,"win_rate":0.0,"timestamp":1609405364,"path_taken":["M","?","?","?","$","R","E","M","T","E"],"items_purchased_type":["Relic","Relic","Card","Card"],"build_version":"2020-12-22","purchased_purges":1,"victory":false,"max_hp_per_floor":[75,75,75,75,85,85,85,85,85,85,85],"relic_stats":{"Shovel":0,"counters":[5,21],"Prayer Wheel":1,"obtain_stats":[{"Pear":5,"Shovel":9,"NeowsBlessing":0,"Prayer Wheel":7,"Membership Card":5,"Burning Blood":0},{"Pear":2,"Shovel":4,"NeowsBlessing":0,"Prayer Wheel":3,"Membership Card":2,"Burning Blood":0},{"Pear":2,"Shovel":7,"NeowsBlessing":0,"Prayer Wheel":3,"Membership Card":2,"Burning Blood":0}],"Burning Blood":13},"card_choices":[{"not_picked":["True Grit","Pommel Strike"],"picked":"Heavy Blade","floor":1},{"not_picked":["Twin Strike","Dark Embrace"],"picked":"Sword Boomerang","floor":4},{"not_picked":["Rage","Battle Trance"],"picked":"Infernal Blade","floor":7},{"not_picked":["Feel No Pain","Cleave"],"picked":"Body Slam","floor":8},{"not_picked":["Fiend Fire","Infernal Blade"],"picked":"Shrug It Off","floor":8}],"player_experience":2126677,"relics_obtained":[{"floor":7,"key":"Prayer Wheel"},{"floor":9,"key":"Shovel"}],"event_choices":[{"damage_healed":0,"gold_gain":150,"player_choice":"AGREE","damage_taken":0,"max_hp_gain":0,"max_hp_loss":0,"event_name":"Liars Game","floor":2,"gold_loss":0,"cards_obtained":["Doubt"]},{"damage_healed":0,"gold_gain":275,"player_choice":"Desecrate","damage_taken":0,"max_hp_gain":0,"max_hp_loss":0,"event_name":"Golden Shrine","floor":3,"gold_loss":0,"cards_obtained":["Regret"]}],"is_beta":false,"boss_relics":[],"items_purged_floors":[5],"is_endless":false,"potions_floor_spawned":[4],"killed_by":"Lagavulin","ascension_level":18}}