{"host":"6r341r9cz00j2qc1","time":1609432428,"event":{"mods":["BaseMod","Better Third Choice","Downfall","GungeonMod","Hermit","Lobotomy","LobotomyExtend","Minty Spire (QoL Compilation)","Shop Mod","StSLib"],"gold_per_floor":[271,271,291,304,315,315,327,341,422,437,454,454,304,328,340,457,469,513,525,550,562,585,597,609,621,633,673,701,776,863,904,916,1033,1345,1377,1389,1417,1442,1454,1495,1507,1519,1531,1577,666,685,716,526,610,796,880,984,1118,1741,1741,1741,1741,1050,1080,1080,1080,1154,1170,1180,1198,1198,1198,1198],"floor_reached":52,"playtime":5609,"items_purged":[],"score":1335,"play_id":"1440506a-b5b5-4163-86b4-56f41bb6da5e","local_time":"20201231173348","is_ascension_mode":false,"campfire_choices":[{"floor":6.0,"key":"REST"},{"data":"hermit:WideOpen","floor":12.0,"key":"SMITH"},{"data":"hermit:Quickdraw","floor":15.0,"key":"SMITH"},{"data":"hermit:FromBeyond","floor":6.0,"key":"SMITH"},{"data":"hermit:DeadMansHand","floor":8.0,"key":"SMITH"},{"data":"hermit:Grudge","floor":15.0,"key":"SMITH"},{"data":"expansioncontent:Collect","floor":24.0,"key":"SMITH"},{"data":"expansioncontent:StudyTheSpire","floor":32.0,"key":"SMITH"},{"data":"Panache","floor":40.0,"key":"SMITH"},{"data":"hermit:Quickdraw","floor":49.0,"key":"SMITH"}],"circlet_count":0,"master_deck":["MeltingLove","CENSORED","CENSORED","CENSORED","CENSORED","BlueStar","LongBird","BigBird","Woodsman","Funeral","hermit:Strike_Hermit","hermit:Strike_Hermit","hermit:Strike_Hermit+1","hermit:Strike_Hermit","hermit:Defend_Hermit","hermit:Defend_Hermit","hermit:Defend_Hermit+1","hermit:Snapshot","hermit:Covet","hermit:Ricochet","Wellcheers","hermit:Misfire+1","hermit:WideOpen+1","hermit:Desperado","hermit:FlashPowder","OSAHOGD","hermit:FromBeyond+1","Pain","hermit:DeadMansHand+1","Bloodbath","hermit:Grudge+1","hermit:Midnight","CherryBlossoms","hermit:LowProfile","FieryBird","hermit:LowProfile","expansioncontent:Collect+1","hermit:Quickdraw+1","hermit:Quickdraw+1","Rudolta","hermit:Coalescence+1","Doubt","hermit:Glare","hermit:LowProfile+1","hermit:Glare+1","expansioncontent:StudyTheSpire+1","hermit:Grudge","hermit:Coalescence+1","Mercenary","NothingThere","Freischutz","hermit:FlashPowder+1","hermit:HeroicBravado+1","hermit:Glare+1","Panache+1","Writhe","hermit:FromBeyond+1"],"relics":["hermit:Momento","CogitoBucket","LetterFromLob","SolemnVow_r","BackwardClock","Eternal Feather","Logging_r","Vajra","CogitoBucket","SolemnVow_r","BackwardClock","Eternal Feather","Logging_r","Vajra","WantedRequest","SlaversCollar","HonorFeather","LetterFromLob","WarpedTongs","CogitoBucket","SolemnVow_r","BackwardClock","Eternal Feather","Logging_r","Vajra","WantedRequest","SlaversCollar","HonorFeather","LetterFromLob","WarpedTongs","TreeSap","hermit:RyeStalk","CogitoBucket","SolemnVow_r","BackwardClock","Eternal Feather","Logging_r","Vajra","WantedRequest","SlaversCollar","HonorFeather","LetterFromLob","WarpedTongs","TreeSap","Lamp_r","DemoMod:ClearGuonStone","CogitoBucket","SolemnVow_r","BackwardClock","Eternal Feather","Logging_r","Vajra","WantedRequest","SlaversCollar","HonorFeather","LetterFromLob","WarpedTongs","TreeSap","Lamp_r","DemoMod:ClearGuonStone","DemoMod:PoisonVial","Justitia_r","Ice Cream","CogitoBucket","SolemnVow_r","BackwardClock","Eternal Feather","Logging_r","Vajra","WantedRequest","SlaversCollar","HonorFeather","LetterFromLob","WarpedTongs","TreeSap","Lamp_r","DemoMod:ClearGuonStone","DemoMod:PoisonVial","Justitia_r","Nunchaku","Letter Opener","CogitoBucket","SolemnVow_r","Eternal Feather","Logging_r","Vajra","WantedRequest","SlaversCollar","HonorFeather","LetterFromLob","WarpedTongs","TreeSap","Lamp_r","DemoMod:ClearGuonStone","DemoMod:PoisonVial","Justitia_r","Nunchaku","Letter Opener","SoundOfStar_r","AspirationHeart","Orichalcum","Toxic Egg 2","MerchantsRug","Blood Vial","Meat on the Bone","InTheNameOfLoveAndHate_r","DemoMod:SerJunkan","CENSORED_r","Heaven_r","hermit:DentedPlate","Adoration_r","Amita_r","Torii","Mummified Hand","Toolbox","DemoMod:MemoryAlloy","Strange Spoon","DemoMod:GreenGuonStone","Gremlin Horn","DemoMod:ChaffGrenade","Sundial"],"acts_visited":["Exordium","TheCity","TheCity","TheBeyond"],"potions_floor_usage":[],"damage_taken":[{"damage":0.0,"enemies":"2 Louse","floor":1.0,"turns":1.0},{"damage":5.0,"enemies":"Cultist","floor":3.0,"turns":4.0},{"damage":7.0,"enemies":"Jaw Worm","floor":4.0,"turns":3.0},{"damage":12.0,"enemies":"Gremlin Gang","floor":5.0,"turns":4.0},{"damage":0.0,"enemies":"Exordium Thugs","floor":7.0,"turns":3.0},{"damage":25.0,"enemies":"2 Fungi Beasts","floor":8.0,"turns":3.0},{"damage":0.0,"enemies":"Blue Slaver","floor":10.0,"turns":2.0},{"damage":10.0,"enemies":"Looter","floor":11.0,"turns":3.0},{"damage":39.0,"enemies":"Slime Boss","floor":16.0,"turns":9.0},{"damage":58.0,"enemies":"3 Byrds","floor":18.0,"turns":4.0},{"damage":0.0,"enemies":"Jaw Worm","floor":1.0,"turns":1.0},{"damage":45.0,"enemies":"Cultist","floor":3.0,"turns":5.0},{"damage":4.0,"enemies":"2 Louse","floor":5.0,"turns":4.0},{"damage":0.0,"enemies":"Gremlin Nob","floor":10.0,"turns":3.0},{"damage":2.0,"enemies":"Exordium Thugs","floor":11.0,"turns":2.0},{"damage":19.0,"enemies":"3 Sentries","floor":14.0,"turns":4.0},{"damage":10.0,"enemies":"Slime Boss","floor":16.0,"turns":4.0},{"damage":81.0,"enemies":"2 Thieves","floor":18.0,"turns":15.0},{"damage":0.0,"enemies":"3 Byrds","floor":20.0,"turns":2.0},{"damage":30.0,"enemies":"Shelled Parasite and Fungi","floor":21.0,"turns":4.0},{"damage":20.0,"enemies":"Slavers","floor":23.0,"turns":4.0},{"damage":20.0,"enemies":"Book of Stabbing","floor":27.0,"turns":2.0},{"damage":0.0,"enemies":"Centurion and Healer","floor":29.0,"turns":2.0},{"damage":45.0,"enemies":"Slavers","floor":30.0,"turns":3.0},{"damage":2.0,"enemies":"3 Cultists","floor":31.0,"turns":2.0},{"damage":9.0,"enemies":"Automaton","floor":33.0,"turns":2.0},{"damage":88.0,"enemies":"Orb Walker","floor":35.0,"turns":1.0},{"damage":0.0,"enemies":"Mind Bloom Boss Battle","floor":36.0,"turns":1.0},{"damage":0.0,"enemies":"Reptomancer","floor":42.0,"turns":1.0},{"damage":0.0,"enemies":"3 Darklings","floor":46.0,"turns":1.0},{"damage":0.0,"enemies":"Transient","floor":47.0,"turns":3.0},{"damage":0.0,"enemies":"Spire Growth","floor":48.0,"turns":1.0},{"damage":21.0,"enemies":"Awakened One","floor":50.0,"turns":13.0},{"damage":3.0,"enemies":"Malkuth","floor":51.0,"turns":2.0},{"damage":5.0,"enemies":"Netzach","floor":51.0,"turns":2.0}],"seed_played":"3979962206644595220","potions_obtained":[{"floor":3.0,"key":"DemoMod:LeadSkinPotion"},{"floor":10.0,"key":"AttackPotion"},{"floor":16.0,"key":"AttackPotion"},{"floor":10.0,"key":"SteroidPotion"},{"floor":14.0,"key":"Swift Potion"},{"floor":16.0,"key":"DistilledChaos"},{"floor":20.0,"key":"SteroidPotion"},{"floor":29.0,"key":"ColorlessPotion"}],"is_trial":false,"path_per_floor":["M","?","M","M","M","R","M","M","T","M","M","R","$","T","R","B",null,"M","M","?","M","?","M","R","$","R","T","E","M","?","?","E","R","B",null,"M","?","M","M","?","E","R","?","T","E","$","M","E","M","R","B",null,"M","?","$","?","?","R","$","E","T","?","T","M","M","M","R","B",null,null,null],"character_chosen":"HERMIT","items_purchased":["Vajra","MerchantsRug","Lee\u0027s Waffle","Blood Vial","hermit:Glare+1","expansioncontent:StudyTheSpire","Meat on the Bone","hermit:Grudge","Mummified Hand","Toolbox","Panache","DemoMod:MemoryAlloy","Strange Spoon","DemoMod:GreenGuonStone"],"campfire_rested":1,"item_purchase_floors":[13,28,28,28,28,28,28,28,37,37,37,41,41,41],"current_hp_per_floor":[75,75,71,68,57,75,75,60,60,60,51,66,66,66,75,64,75,75,75,38,23,53,75,75,75,75,75,75,75,64,63,75,75,75,62,44,68,58,58,64,70,70,70,62,77,77,76,27,77,77,109,109,110,110,110,110,110,110,111,111,111,111,117,118,119,119,128,130],"gold":1198,"neow_bonus":"","is_daily":false,"chose_seed":false,"campfire_upgraded":9,"win_rate":0.0,"timestamp":1609432428,"path_taken":["M","?","?","M","?","R","M","M","T","M","M","R","$","?","R","BOSS","M","M","?","?","?","M","R","$","R","T","E","M","?","?","E","R","BOSS","M","?","?","M","?","E","R","?","T","E","$","M","E","M","R","BOSS","M","?","$","?","?","R","?","E","T","?","?","M","M","M","R","BOSS"],"items_purchased_type":["Relic","Relic","Relic","Relic","Card","Card","Relic","Card","Relic","Relic","Card","Relic","Relic","Relic"],"build_version":"2020-12-22","purchased_purges":0,"victory":true,"max_hp_per_floor":[75,75,75,75,75,75,75,75,75,75,75,75,75,75,75,75,75,75,75,75,75,75,75,75,75,75,75,75,75,75,75,75,75,75,70,70,70,70,70,70,70,70,70,70,77,77,77,77,77,77,109,109,110,110,110,110,110,110,111,111,111,111,117,118,119,119,128,130],"card_choices":[{"not_picked":["MeatLantern","ShyLook","FairyFestival"],"picked":"Singing Bowl","floor":1.0},{"not_picked":["MHz","CrumblingArmor"],"picked":"Funeral","floor":1.0},{"not_picked":["hermit:Feint","hermit:LowProfile"],"picked":"hermit:CursedWeapon","floor":1.0},{"not_picked":["VoidDream","BigBadWolf","MeatLantern"],"picked":"Singing Bowl","floor":3.0},{"not_picked":["CrumblingArmor","PunishingBird"],"picked":"Wellcheers","floor":3.0},{"not_picked":["hermit:Coalescence","hermit:LuckOfTheDraw"],"picked":"hermit:Misfire","floor":3.0},{"not_picked":["FairyFestival","VoidDream"],"picked":"MHz","floor":4.0},{"not_picked":["hermit:Midnight","hermit:LowProfile"],"picked":"hermit:WideOpen","floor":4.0},{"not_picked":["OldLady","ShyLook"],"picked":"OSAHOGD","floor":5.0},{"not_picked":["hermit:Coalescence","hermit:Dive"],"picked":"hermit:Manifest","floor":5.0},{"not_picked":["FairyFestival","PunishingBird","CherryBlossoms"],"picked":"Singing Bowl","floor":7.0},{"not_picked":["OldLady","ShyLook"],"picked":"Woodsman","floor":7.0},{"not_picked":["hermit:Vantage","hermit:Horror"],"picked":"hermit:Desperado","floor":7.0},{"not_picked":["GalaxyChild","BeautyBeast","VoidDream"],"picked":"Singing Bowl","floor":8.0},{"not_picked":["BeautyBeast","Scorched"],"picked":"Mercenary","floor":8.0},{"not_picked":["hermit:FullyLoaded","hermit:Feint"],"picked":"hermit:FlashPowder","floor":8.0},{"not_picked":["SingingMachine","VoidDream","SpiderBud"],"picked":"Singing Bowl","floor":10.0},{"not_picked":["MeatLantern","FairyFestival"],"picked":"LongBird","floor":10.0},{"not_picked":["hermit:ShadowCloak","hermit:BodyArmor"],"picked":"hermit:HoleUp","floor":10.0},{"not_picked":["CherryBlossoms","ShyLook"],"picked":"BlueStar","floor":11.0},{"not_picked":["hermit:Glare","hermit:Dive"],"picked":"hermit:Quickdraw","floor":11.0},{"not_picked":["MeatLantern","LaLuna"],"picked":"OSAHOGD","floor":16.0},{"not_picked":["hermit:DeadOrAlive","hermit:Purgatory"],"picked":"hermit:FromBeyond","floor":16.0},{"not_picked":["UniverseFragment","ShyLook","Murderer"],"picked":"Singing Bowl","floor":1.0},{"not_picked":["hermit:BodyArmor","hermit:Headshot"],"picked":"hermit:CursedWeapon","floor":1.0},{"not_picked":["OldLady","Porccubus"],"picked":"BigBird","floor":3.0},{"not_picked":["hermit:BodyArmor","hermit:CalledShot"],"picked":"hermit:DeadMansHand","floor":3.0},{"not_picked":["CherryBlossoms","LaLuna"],"picked":"Bloodbath","floor":5.0},{"not_picked":["hermit:HighCaliber","hermit:Dive"],"picked":"hermit:Grudge","floor":5.0},{"not_picked":["Scorched","ShyLook","SingingMachine"],"picked":"Singing Bowl","floor":10.0},{"not_picked":["hermit:Scavenge","hermit:TakeAim"],"picked":"hermit:Midnight","floor":10.0},{"not_picked":["BeautyBeast","MeatLantern","VoidDream"],"picked":"Singing Bowl","floor":11.0},{"not_picked":["Scorched","ShyLook"],"picked":"QueenOfHatred","floor":11.0},{"not_picked":["hermit:CalledShot","hermit:ItchyTrigger","hermit:HoleUp"],"picked":"SKIP","floor":11.0},{"not_picked":["UniverseFragment","Laetitia","SpiderBud"],"picked":"Singing Bowl","floor":14.0},{"not_picked":["VoidDream","WallGazer"],"picked":"CherryBlossoms","floor":14.0},{"not_picked":["hermit:Feint","hermit:Snipe"],"picked":"hermit:LowProfile","floor":14.0},{"not_picked":["CrumblingArmor","ShyLook","BlackArmy"],"picked":"Singing Bowl","floor":16.0},{"not_picked":["Scorched","MeatLantern"],"picked":"FieryBird","floor":18.0},{"not_picked":["hermit:Coalescence","hermit:Misfire"],"picked":"hermit:LowProfile","floor":18.0},{"not_picked":["CrumblingArmor","GreedKing","SingingMachine"],"picked":"Singing Bowl","floor":20.0},{"not_picked":["hermit:BodyArmor","hermit:Vantage"],"picked":"hermit:Quickdraw","floor":20.0},{"not_picked":["CrumblingArmor","Scarecrow","LittlePrince"],"picked":"Singing Bowl","floor":21.0},{"not_picked":["hermit:TrackingShot+1","hermit:Vantage"],"picked":"hermit:Quickdraw+1","floor":21.0},{"not_picked":["Scorched","MHz","FairyFestival"],"picked":"Singing Bowl","floor":23.0},{"not_picked":["Scorched","SingingMachine"],"picked":"Rudolta","floor":23.0},{"not_picked":["hermit:Midnight","hermit:RoundhouseKick"],"picked":"hermit:Coalescence+1","floor":23.0},{"not_picked":["SpiderBud","WhitesApple","Alriune"],"picked":"Singing Bowl","floor":27.0},{"not_picked":["BigBadWolf","Scorched"],"picked":"CENSORED","floor":27.0},{"not_picked":["hermit:BodyArmor+1","hermit:TrackingShot+1"],"picked":"hermit:LowProfile+1","floor":27.0},{"not_picked":["WallGazer","LittlePrince","WhitesApple"],"picked":"Singing Bowl","floor":29.0},{"not_picked":["hermit:Ricochet","hermit:CalledShot+1"],"picked":"hermit:Coalescence+1","floor":29.0},{"not_picked":["Scarecrow","CrumblingArmor"],"picked":"MeltingLove","floor":30.0},{"not_picked":["Scorched","NothingThere"],"picked":"Mercenary","floor":30.0},{"not_picked":["PunishingBird","Scorched"],"picked":"NothingThere","floor":30.0},{"not_picked":["Murderer","LaLuna","GalaxyChild"],"picked":"Singing Bowl","floor":30.0},{"not_picked":["WallGazer","Laetitia"],"picked":"Freischutz","floor":30.0},{"not_picked":["VoidDream","LaLuna"],"picked":"DespairKnight","floor":30.0},{"not_picked":["hermit:Reprieve+1","hermit:FullyLoaded+1"],"picked":"hermit:FlashPowder+1","floor":30.0},{"not_picked":["SpiderBud","Murderer","BigBadWolf"],"picked":"Singing Bowl","floor":33.0},{"not_picked":["hermit:FatalDesire","hermit:Adapt"],"picked":"hermit:HeroicBravado+1","floor":33.0},{"not_picked":["HappyTeddy","Laetitia","LittlePrince"],"picked":"Singing Bowl","floor":35.0},{"not_picked":["hermit:Ricochet+1","hermit:TrackingShot","hermit:CalledShot"],"picked":"SKIP","floor":35.0},{"not_picked":["HeroicMonk","Laetitia","ShyLook"],"picked":"Singing Bowl","floor":36.0},{"not_picked":["hermit:GoldenBullet+1","hermit:HoleUp+1"],"picked":"hermit:Glare+1","floor":36.0},{"not_picked":["FairyFestival","UniverseFragment","Scarecrow"],"picked":"Singing Bowl","floor":42.0},{"not_picked":["hermit:Vantage+1","hermit:DeadOrAlive","hermit:CursedWeapon"],"picked":"SKIP","floor":42.0},{"not_picked":["hermit:Snipe+1","hermit:PistolWhip+1","hermit:GoldenBullet+1"],"picked":"SKIP","floor":46.0},{"not_picked":["Porccubus","QueenBee"],"picked":"BodiesMountain","floor":47.0},{"not_picked":["hermit:Feint+1","hermit:TrackingShot+1"],"picked":"hermit:FromBeyond+1","floor":47.0},{"not_picked":["RedShoes","FairyFestival","LittlePrince"],"picked":"Singing Bowl","floor":48.0},{"not_picked":["hermit:Dive+1","hermit:Snipe+1","hermit:ItchyTrigger+1"],"picked":"SKIP","floor":48.0}],"player_experience":458195,"relics_obtained":[{"floor":1.0,"key":"LetterFromLob"},{"floor":9.0,"key":"Eternal Feather"},{"floor":14.0,"key":"MawBank"},{"floor":1.0,"key":"LetterFromLob"},{"floor":9.0,"key":"DemoMod:ClearGuonStone"},{"floor":10.0,"key":"DemoMod:PoisonVial"},{"floor":14.0,"key":"Ice Cream"},{"floor":17.0,"key":"Nunchaku"},{"floor":17.0,"key":"Letter Opener"},{"floor":17.0,"key":"Old Coin"},{"floor":23.0,"key":"Whetstone"},{"floor":26.0,"key":"Orichalcum"},{"floor":27.0,"key":"Toxic Egg 2"},{"floor":30.0,"key":"DemoMod:SerJunkan"},{"floor":36.0,"key":"Torii"},{"floor":42.0,"key":"Gremlin Horn"},{"floor":43.0,"key":"DemoMod:ChaffGrenade"},{"floor":45.0,"key":"Sundial"}],"event_choices":[{"damage_healed":0.0,"max_hp_gain":0.0,"max_hp_loss":0.0,"gold_gain":0.0,"event_name":"Match and Keep!","player_choice":"1 cards matched","floor":2.0,"gold_loss":0.0,"damage_taken":0.0,"cards_obtained":["hermit:Ricochet"]},{"damage_healed":0.0,"max_hp_gain":0.0,"max_hp_loss":0.0,"gold_gain":0.0,"event_name":"Accursed Blacksmith","player_choice":"Rummage","floor":2.0,"gold_loss":0.0,"damage_taken":0.0,"relics_obtained":["WarpedTongs"],"cards_obtained":["Pain"]},{"damage_healed":0.0,"max_hp_gain":0.0,"max_hp_loss":0.0,"gold_gain":1.0,"event_name":"betterThird:BetterScrap","player_choice":"Relic Relic ","floor":4.0,"gold_loss":0.0,"damage_taken":15.0,"cards_obtained":["Storm of Steel"]},{"damage_healed":0.0,"max_hp_gain":0.0,"max_hp_loss":0.0,"gold_gain":63.0,"event_name":"Golden Wing","player_choice":"Gained Gold","floor":12.0,"gold_loss":0.0,"damage_taken":0.0},{"damage_healed":0.0,"max_hp_gain":0.0,"max_hp_loss":0.0,"gold_gain":75.0,"event_name":"betterThird:BetterGoop","player_choice":"Gold","floor":13.0,"gold_loss":0.0,"damage_taken":11.0},{"damage_healed":0.0,"max_hp_gain":0.0,"max_hp_loss":0.0,"gold_gain":0.0,"event_name":"Knowing Skull","player_choice":"CARD POTION ","floor":19.0,"potions_obtained":["SneckoOil"],"gold_loss":0.0,"damage_taken":18.0,"cards_obtained":["expansioncontent:Collect"]},{"damage_healed":0.0,"max_hp_gain":0.0,"max_hp_loss":0.0,"gold_gain":0.0,"event_name":"Beggar","player_choice":"Ignored","floor":22.0,"gold_loss":0.0,"damage_taken":0.0},{"damage_healed":0.0,"max_hp_gain":0.0,"max_hp_loss":0.0,"gold_gain":0.0,"event_name":"Match and Keep!","player_choice":"2 cards matched","floor":25.0,"gold_loss":0.0,"damage_taken":0.0,"cards_obtained":["Doubt","hermit:Glare"]},{"damage_healed":0.0,"max_hp_gain":0.0,"max_hp_loss":0.0,"gold_gain":0.0,"event_name":"MindBloom","player_choice":"Fight","floor":36.0,"gold_loss":0.0,"damage_taken":0.0},{"damage_healed":28.0,"max_hp_gain":0.0,"max_hp_loss":0.0,"gold_gain":0.0,"event_name":"Winding Halls","player_choice":"Writhe","floor":38.0,"gold_loss":0.0,"damage_taken":0.0,"cards_obtained":["Writhe"]},{"damage_healed":0.0,"max_hp_gain":0.0,"max_hp_loss":0.0,"gold_gain":0.0,"event_name":"Tomb of Lord Red Mask","player_choice":"Ignored","floor":39.0,"gold_loss":0.0,"damage_taken":0.0}],"is_beta":false,"boss_relics":[{"not_picked":["Sozu","Runic Dome"],"picked":"SlaversCollar"},{"not_picked":["Cursed Key","Astrolabe"],"picked":"Calling Bell"},{"not_picked":["Velvet Choker","Runic Pyramid"],"picked":"hermit:DentedPlate"}],"items_purged_floors":[],"is_endless":false,"potions_floor_spawned":[3,10,16,18,10,14,16,20,29],"ascension_level":0}}