{"host":"1jyvlwrg3lqf29t2","time":1609439252,"event":{"mods":["BaseMod","Colored Powertips","Downfall","Hermit","Minty Spire (QoL Compilation)","StSLib","The Blackbeard","The Cursed","The Poker Player","TheBandit"],"gold_per_floor":[111,121,101,114,130,130,146,158,182,219,231,263,275,46,46,148,148,160,160,85,184,201,201,228,239,239,267,267,267,286,77,77,179,179,190,140,0,12,12,12,37,52,75,75,88,116,66,66,66,66],"floor_reached":51,"playtime":1787,"items_purged":["TheCursedMod:CursedWand","TheCursedMod:AshesToAshes","TheCursedMod:CircleOfFlame+1","TheCursedMod:Stretching"],"score":995,"play_id":"9d49e678-daef-41d3-803d-a9855542f44c","local_time":"20201231122732","is_ascension_mode":false,"campfire_choices":[{"data":"TheCursedMod:NeowsMight","floor":6,"key":"SMITH"},{"data":"TheCursedMod:ParallelWorld","floor":11,"key":"SMITH"},{"data":"TheCursedMod:CircleOfFlame","floor":13,"key":"SMITH"},{"data":"TheCursedMod:SurpriseAttack","floor":15,"key":"SMITH"},{"data":"TheCursedMod:Mangle","floor":23,"key":"SMITH"},{"data":"TheCursedMod:NeowsMight","floor":32,"key":"SMITH"},{"data":"TheCursedMod:OutForBlood","floor":40,"key":"SMITH"},{"floor":49,"key":"REST"}],"circlet_count":0,"master_deck":["TheCursedMod:Stigma+1","TheCursedMod:Mangle+1","TheCursedMod:Mangle+1","TheCursedMod:Mangle+1","TheCursedMod:NeowsMight+1","Flash of Steel+1","TheCursedMod:SurpriseAttack+1","TheCursedMod:SurpriseAttack+1","TheCursedMod:NeowsMight+1","TheCursedMod:OutForBlood+1","TheCursedMod:SurpriseAttack+1"],"relics":["TheCursedMod:Tack","MawBank","Blood Vial","Shuriken","SlaversCollar","Smiling Mask","Omamori","Whetstone","MutagenicStrength","Empty Cage","Red Mask","Blue Candle","Nunchaku","Potion Belt","Mark of the Bloom"],"acts_visited":["Exordium","TheCity","TheBeyond"],"potions_floor_usage":[],"damage_taken":[{"damage":0.0,"enemies":"Small Slimes","floor":1.0,"turns":1.0},{"damage":0,"enemies":"Cultist","floor":2,"turns":1},{"damage":0,"enemies":"2 Louse","floor":4,"turns":1},{"damage":0,"enemies":"Looter","floor":5,"turns":1},{"damage":0,"enemies":"3 Louse","floor":7,"turns":1},{"damage":0,"enemies":"Blue Slaver","floor":8,"turns":1},{"damage":0,"enemies":"Lagavulin","floor":10,"turns":1},{"damage":0,"enemies":"Exordium Thugs","floor":12,"turns":1},{"damage":0,"enemies":"Slime Boss","floor":16,"turns":1},{"damage":0,"enemies":"2 Thieves","floor":18,"turns":1},{"damage":0,"enemies":"Shell Parasite","floor":22,"turns":1},{"damage":0,"enemies":"Gremlin Leader","floor":24,"turns":1},{"damage":0,"enemies":"Shelled Parasite and Fungi","floor":25,"turns":1},{"damage":0,"enemies":"Book of Stabbing","floor":27,"turns":1},{"damage":0,"enemies":"Sentry and Sphere","floor":30,"turns":2},{"damage":18,"enemies":"Automaton","floor":33,"turns":3},{"damage":0,"enemies":"Orb Walker","floor":35,"turns":1},{"damage":6,"enemies":"3 Darklings","floor":38,"turns":2},{"damage":0,"enemies":"Giant Head","floor":41,"turns":1},{"damage":12,"enemies":"4 Shapes","floor":42,"turns":1},{"damage":0,"enemies":"Writhing Mass","floor":45,"turns":1},{"damage":0,"enemies":"Reptomancer","floor":46,"turns":1},{"damage":0,"enemies":"Donu and Deca","floor":50,"turns":1}],"seed_played":"242604580783783197","potions_obtained":[{"floor":1.0,"key":"SneckoOil"},{"floor":3,"key":"Explosive Potion"},{"floor":4,"key":"Weak Potion"},{"floor":5,"key":"Strength Potion"}],"is_trial":false,"path_per_floor":["M","M","?","M","M","R","M","M","T","E","R","M","R","$","R","B",null,"M","?","$","?","M","R","E","M","T","E","?","?","M","$","R","B",null,"M","$","?","M","$","R","E","M","T","?","M","E","$","?","R","B",null],"character_chosen":"THE_CURSED","items_purchased":["Shuriken","TheCursedMod:NeowsMight"],"campfire_rested":1,"item_purchase_floors":[14,31],"current_hp_per_floor":[82,82,82,82,82,82,82,82,82,82,82,82,82,82,82,82,82,82,82,82,82,82,82,82,82,82,82,82,82,82,82,82,64,82,82,82,82,76,76,76,78,68,68,68,70,72,72,72,72,72],"gold":66,"neow_bonus":"TEN_PERCENT_HP_BONUS","is_daily":false,"chose_seed":false,"campfire_upgraded":7,"win_rate":0.0,"timestamp":1609439252,"path_taken":["M","M","?","M","M","R","M","?","T","E","R","M","R","$","R","BOSS","M","?","$","?","M","R","E","M","T","E","?","?","M","$","R","BOSS","M","$","?","M","$","R","E","M","T","?","?","E","?","?","R","BOSS"],"items_purchased_type":["Relic","Card"],"build_version":"2020-12-22","purchased_purges":4,"victory":true,"max_hp_per_floor":[82,82,82,82,82,82,82,82,82,82,82,82,82,82,82,82,82,82,82,82,82,82,82,82,82,82,82,82,82,82,82,82,82,82,82,82,82,82,82,82,82,82,82,82,82,82,82,82,82,82],"card_choices":[{"not_picked":["TheCursedMod:BlessingInDisguise","TheCursedMod:CursedShiv","TheCursedMod:RavingStaff"],"picked":"SKIP","floor":1.0},{"not_picked":["TheCursedMod:Evocation","TheCursedMod:HellsGateOpen"],"picked":"TheCursedMod:SurpriseAttack","floor":2},{"not_picked":["TheCursedMod:Wield","TheCursedMod:TacticalStrike","TheCursedMod:SpitefulStrike"],"picked":"SKIP","floor":4},{"not_picked":["TheCursedMod:CursedAmulet","TheCursedMod:CircleOfWindfury","TheCursedMod:FleshFromBone"],"picked":"SKIP","floor":5},{"not_picked":["TheCursedMod:VitalStrike","TheCursedMod:LuckyCharm","TheCursedMod:WearCloak"],"picked":"SKIP","floor":7},{"not_picked":["TheCursedMod:SmokeScreen","TheCursedMod:CursedBlade","TheCursedMod:ManaCirculation"],"picked":"SKIP","floor":8},{"not_picked":["TheCursedMod:TroublousMinions","TheCursedMod:SpitefulPlan","TheCursedMod:UltimatePain"],"picked":"SKIP","floor":10},{"not_picked":["TheCursedMod:BlessingInDisguise","TheCursedMod:Stigma","TheCursedMod:WearCloak"],"picked":"SKIP","floor":12},{"not_picked":["TheCursedMod:Stretching","TheCursedMod:BloodBarrier","TheCursedMod:SpitefulStrike"],"picked":"SKIP","floor":18},{"not_picked":["TheCursedMod:LuckyCharm","TheCursedMod:HellfireBreathing+1","TheCursedMod:CursedAmulet+1"],"picked":"SKIP","floor":22},{"not_picked":["TheCursedMod:SmokeScreen","TheCursedMod:CircleOfFocus","TheCursedMod:ForbiddenAlchemy"],"picked":"SKIP","floor":24},{"not_picked":["TheCursedMod:CursedBlade","TheCursedMod:FleshFromBone"],"picked":"TheCursedMod:SurpriseAttack","floor":25},{"not_picked":["TheCursedMod:FleshFromBone","TheCursedMod:CursedSpellbook"],"picked":"TheCursedMod:StingEye","floor":27},{"not_picked":["TheCursedMod:CursedShiv","TheCursedMod:CursedMace"],"picked":"TheCursedMod:Torture+1","floor":30},{"not_picked":["TheCursedMod:DemonSword","TheCursedMod:ManaCirculation"],"picked":"TheCursedMod:OutForBlood","floor":33},{"not_picked":["TheCursedMod:LuckyCharm","TheCursedMod:ReleasedKnowledge","TheCursedMod:CircleOfAmplification"],"picked":"SKIP","floor":35},{"not_picked":["TheCursedMod:CursedShiv+1","TheCursedMod:RavingStaff","TheCursedMod:RapidMovement+1"],"picked":"SKIP","floor":38},{"not_picked":["TheCursedMod:SpreadPlague+1","TheCursedMod:RavingStaff","TheCursedMod:CursedAmulet+1"],"picked":"SKIP","floor":41},{"not_picked":["TheCursedMod:Torture+1","TheCursedMod:Wield+1","TheCursedMod:VitalStrike+1"],"picked":"SKIP","floor":42},{"not_picked":["TheCursedMod:CursedRelics","TheCursedMod:Mangle+1","TheCursedMod:EmpowerCircles+1"],"picked":"SKIP","floor":45},{"not_picked":["TheCursedMod:SpitefulPlan","TheCursedMod:Stretching+1"],"picked":"TheCursedMod:SurpriseAttack","floor":46}],"player_experience":392707,"relics_obtained":[{"floor":9,"key":"MawBank"},{"floor":10,"key":"Blood Vial"},{"floor":24,"key":"Smiling Mask"},{"floor":26,"key":"Omamori"},{"floor":27,"key":"Whetstone"},{"floor":41,"key":"Blue Candle"},{"floor":43,"key":"Nunchaku"},{"floor":46,"key":"Potion Belt"}],"event_choices":[{"damage_healed":0,"gold_gain":0,"player_choice":"Bought 1 Potion","damage_taken":0,"max_hp_gain":0,"max_hp_loss":0,"event_name":"The Woman in Blue","floor":3,"gold_loss":0},{"damage_healed":0,"gold_gain":0,"player_choice":"Ignored","damage_taken":0,"max_hp_gain":0,"max_hp_loss":0,"event_name":"Ghosts","floor":19,"gold_loss":0},{"damage_healed":0,"gold_gain":99,"player_choice":"Stole From Cult","damage_taken":0,"max_hp_gain":0,"max_hp_loss":0,"event_name":"Nest","floor":21,"gold_loss":0},{"damage_healed":0,"gold_gain":0,"player_choice":"Ignored","damage_taken":0,"max_hp_gain":0,"max_hp_loss":0,"event_name":"The Mausoleum","floor":28,"gold_loss":0},{"damage_healed":0,"gold_gain":0,"player_choice":"Inject Mutagens","damage_taken":0,"relics_obtained":["MutagenicStrength"],"max_hp_gain":0,"max_hp_loss":0,"event_name":"Drug Dealer","floor":29,"gold_loss":0},{"damage_healed":0,"gold_gain":0,"player_choice":"Paid","damage_taken":0,"relics_obtained":["Red Mask"],"max_hp_gain":0,"max_hp_loss":0,"event_name":"Tomb of Lord Red Mask","floor":37,"gold_loss":140},{"damage_healed":0,"gold_gain":0,"cards_transformed":["TheCursedMod:StingEye"],"player_choice":"Transformed","damage_taken":0,"max_hp_gain":0,"max_hp_loss":0,"event_name":"Transmorgrifier","floor":44,"gold_loss":0,"cards_obtained":["TheCursedMod:Stretching"]},{"damage_healed":0,"gold_gain":0,"player_choice":"Upgrade","damage_taken":0,"relics_obtained":["Mark of the Bloom"],"max_hp_gain":0,"max_hp_loss":0,"event_name":"MindBloom","floor":48,"gold_loss":0,"cards_upgraded":["TheCursedMod:Stigma","TheCursedMod:Mangle","TheCursedMod:SurpriseAttack","TheCursedMod:SurpriseAttack"]}],"is_beta":false,"boss_relics":[{"not_picked":["Cursed Key","Fusion Hammer"],"picked":"SlaversCollar"},{"not_picked":["SacredBark","Busted Crown"],"picked":"Empty Cage"}],"items_purged_floors":[20,31,36,47],"is_endless":false,"potions_floor_spawned":[1,4,5,24,27,33,35,42,45],"ascension_level":0}}