{"host":"4vq2xwkpdrxril92","time":1609402128,"event":{"mods":["BaseMod","Card Forge","Energized Spire","Hubris","Minty Spire (QoL Compilation)","Quick Restart","Shop Mod","StSLib","The Cursed"],"gold_per_floor":[159,216,216,255,123,225,282,282,315,402,495,254,356,365,365,683,683,722,722,722,815,543,627,652,685,710,529,529,529,340,427,427,751,901,952,669,678,687,411,501,555,648,681,729,951,1044,1194,1281,1281,1587,1587,1587],"floor_reached":51,"playtime":6870,"items_purged":[],"score":1471,"play_id":"0cc910b5-38d6-4faf-86cf-c8644f471789","local_time":"20201231170848","daily_mods":["Vintage","Heirloom","Time Dilation","Flight","Cursed Run","Elite Swarm","Lethality","Midas"],"is_ascension_mode":false,"campfire_choices":[{"floor":15.0,"key":"REST"},{"floor":32.0,"key":"REST"},{"floor":49,"key":"REST"}],"circlet_count":0,"master_deck":["TheCursedMod:NeowsMight+1","RitualDagger+1","Exhume+1","Exhume+1","TheCursedMod:CircleOfWindfury+1","Burst+1","Thunderclap+1","Genetic Algorithm+1","TheCursedMod:NeowsMight+1","Parasite"],"relics":["Cursed Key","Darkstone Periapt","Du-Vu Doll","Hammer of Thor","Seething Fire","Anvil of the Gods","Prayer Wheel","Oddly Smooth Stone","Ancient Tea Set","MerchantsRug","CeramicFish","FossilizedHelix","Bag of Preparation","Singing Bowl","StrikeDummy","Membership Card","Mummified Hand","Self Forming Clay","Runic Dome","MutagenicStrength","Red Mask","Frozen Egg 2","Anchor","Chemical X","Calipers","Nunchaku","Orichalcum","Red Skull","OrangePellets","Juzu Bracelet","Happy Flower","MealTicket","Toxic Egg 2","ClockworkSouvenir","Smiling Mask","Lantern","Shuriken","InkBottle","Blood Vial","PrismaticShard","HornCleat","Pocketwatch","Molten Egg 2","Pen Nib","Blue Candle","Letter Opener","Peace Pipe","Regal Pillow","SlaversCollar"],"acts_visited":["Exordium","TheCity","TheBeyond","Exordium"],"potions_floor_usage":[],"damage_taken":[{"damage":0.0,"enemies":"Cultist","floor":1.0,"turns":1.0},{"damage":0.0,"enemies":"Jaw Worm","floor":2.0,"turns":1.0},{"damage":0.0,"enemies":"2 Louse","floor":4.0,"turns":1.0},{"damage":0.0,"enemies":"Lagavulin","floor":6.0,"turns":1.0},{"damage":0.0,"enemies":"Blue Slaver","floor":7.0,"turns":1.0},{"damage":0.0,"enemies":"3 Sentries","floor":10.0,"turns":1.0},{"damage":0.0,"enemies":"Lagavulin","floor":11.0,"turns":1.0},{"damage":0.0,"enemies":"Gremlin Nob","floor":13.0,"turns":1.0},{"damage":0.0,"enemies":"Hexaghost","floor":16.0,"turns":1.0},{"damage":0.0,"enemies":"3 Byrds","floor":18.0,"turns":1.0},{"damage":0.0,"enemies":"Masked Bandits","floor":21.0,"turns":1.0},{"damage":0.0,"enemies":"Slavers","floor":23.0,"turns":1.0},{"damage":0.0,"enemies":"Shell Parasite","floor":25.0,"turns":1.0},{"damage":0.0,"enemies":"Book of Stabbing","floor":31.0,"turns":1.0},{"damage":0.0,"enemies":"Automaton","floor":33.0,"turns":1.0},{"damage":0.0,"enemies":"Orb Walker","floor":35.0,"turns":1.0},{"damage":0.0,"enemies":"Giant Head","floor":40.0,"turns":1.0},{"damage":0,"enemies":"3 Darklings","floor":41,"turns":1},{"damage":0,"enemies":"Nemesis","floor":42,"turns":1},{"damage":0,"enemies":"Reptomancer","floor":46,"turns":1},{"damage":0,"enemies":"Mind Bloom Boss Battle","floor":47,"turns":1},{"damage":0,"enemies":"Giant Head","floor":48,"turns":1},{"damage":0,"enemies":"Awakened One","floor":50,"turns":2}],"seed_played":"-9180963063866282657","potions_obtained":[{"floor":2.0,"key":"Swift Potion"},{"floor":7.0,"key":"AttackPotion"},{"floor":10.0,"key":"ColorlessPotion"},{"floor":25.0,"key":"ColorlessPotion"},{"floor":31.0,"key":"Fire Potion"},{"floor":34.0,"key":"GamblersBrew"},{"floor":42,"key":"ElixirPotion"},{"floor":46,"key":"FearPotion"},{"floor":47,"key":"GamblersBrew"},{"floor":48,"key":"FairyPotion"}],"is_trial":true,"path_per_floor":["M","M","?","M","$","E","M","?","T","E","E","$","E","$","R","B",null,"M","?","$","?","$","E","T","M","T","$","?","?","$","E","R","B",null,"M","$","?","?","$","E","M","E","T","$","?","E","?","E","R","B",null],"character_chosen":"IRONCLAD","items_purchased":["MerchantsRug","Membership Card","Mummified Hand","Frozen Egg 2","Anchor","Chemical X","OrangePellets","Juzu Bracelet","Happy Flower","Toxic Egg 2","ClockworkSouvenir","Lee\u0027s Waffle","Shuriken","InkBottle","Blood Vial","PrismaticShard","HornCleat","Blue Candle"],"campfire_rested":3,"item_purchase_floors":[5,12,12,22,22,22,27,27,27,30,30,36,36,36,39,39,39,44],"current_hp_per_floor":[287,287,287,287,287,287,287,287,293,295,297,297,299,299,299,307,307,307,307,307,309,309,311,311,311,311,311,311,238,253,255,318,326,333,333,340,340,343,343,345,352,354,360,360,360,362,364,366,366,374,374,374],"gold":1587,"neow_bonus":"","is_daily":false,"chose_seed":false,"campfire_upgraded":0,"win_rate":0.0,"timestamp":1609402128,"path_taken":["M","M","?","?","$","E","?","?","T","E","E","$","E","$","R","BOSS","M","?","$","?","$","E","?","?","T","$","?","?","?","E","R","BOSS","M","?","?","?","$","E","M","E","T","$","?","E","?","E","R","BOSS"],"items_purchased_type":["Relic","Relic","Relic","Relic","Relic","Relic","Relic","Relic","Relic","Relic","Relic","Relic","Relic","Relic","Relic","Relic","Relic","Relic"],"build_version":"2020-12-22","purchased_purges":0,"victory":false,"max_hp_per_floor":[287,287,287,287,287,287,287,287,293,295,297,297,299,299,299,307,307,307,307,307,309,309,311,311,311,311,311,311,316,316,318,318,326,333,333,340,340,343,343,345,352,354,360,360,360,362,364,366,366,374,374,374],"card_choices":[{"not_picked":["Reaper","Juggernaut","Brutality"],"picked":"SKIP","floor":6.0},{"not_picked":["Fiend Fire","Double Tap","Exhume"],"picked":"Singing Bowl","floor":10.0},{"not_picked":["Corruption","Barricade","Berserk"],"picked":"Singing Bowl","floor":11.0},{"not_picked":["Immolate","Demon Form","Fiend Fire"],"picked":"Singing Bowl","floor":13.0},{"not_picked":["Juggernaut","Fiend Fire","Double Tap"],"picked":"Singing Bowl","floor":16.0},{"not_picked":["True Grit","Sword Boomerang","Cleave"],"picked":"Singing Bowl","floor":21.0},{"not_picked":["Demon Form+1","Impervious","Exhume"],"picked":"Singing Bowl","floor":23.0},{"not_picked":["Reaper","Feed","Immolate"],"picked":"Singing Bowl","floor":31.0},{"not_picked":["Reaper","Impervious+1","Feed"],"picked":"Singing Bowl","floor":33.0},{"not_picked":["Body Slam","Combust+1","Heavy Blade"],"picked":"Singing Bowl","floor":34.0},{"not_picked":["Demon Form+1","Double Tap+1","LessonLearned"],"picked":"Singing Bowl","floor":40.0},{"not_picked":["Secret Technique+1","Double Tap+1","hubris:DoWhile+1"],"picked":"Singing Bowl","floor":42},{"not_picked":["hubris:EnhanceAbility+1","Transmutation+1","hubris:StunningStrike+1"],"picked":"Singing Bowl","floor":46},{"not_picked":["TheCursedMod:RapidMovement+1","PathToVictory+1","TheCursedMod:Obscuration+1"],"picked":"Singing Bowl","floor":47},{"not_picked":["Exhume+1","Malaise+1","MasterReality+1"],"picked":"Singing Bowl","floor":48},{"not_picked":["Magnetism+1","TheCursedMod:ShockAndAwe+1","Barricade+1"],"picked":"Singing Bowl","floor":50}],"player_experience":1089176,"relics_obtained":[{"floor":1.0,"key":"Oddly Smooth Stone"},{"floor":2.0,"key":"Ancient Tea Set"},{"floor":4.0,"key":"Matryoshka"},{"floor":6.0,"key":"CeramicFish"},{"floor":7.0,"key":"FossilizedHelix"},{"floor":9.0,"key":"War Paint"},{"floor":9.0,"key":"Bag of Preparation"},{"floor":10.0,"key":"Singing Bowl"},{"floor":11.0,"key":"StrikeDummy"},{"floor":13.0,"key":"Self Forming Clay"},{"floor":18.0,"key":"Omamori"},{"floor":21.0,"key":"Red Mask"},{"floor":23.0,"key":"Calipers"},{"floor":24.0,"key":"Nunchaku"},{"floor":24.0,"key":"Whetstone"},{"floor":25.0,"key":"Orichalcum"},{"floor":26.0,"key":"Red Skull"},{"floor":31.0,"key":"Smiling Mask"},{"floor":35.0,"key":"Lantern"},{"floor":40.0,"key":"Pocketwatch"},{"floor":41,"key":"Strawberry"},{"floor":42,"key":"Molten Egg 2"},{"floor":43,"key":"Pen Nib"},{"floor":46,"key":"Letter Opener"},{"floor":47,"key":"Peace Pipe"},{"floor":48,"key":"Regal Pillow"}],"event_choices":[{"damage_healed":0.0,"max_hp_gain":0.0,"max_hp_loss":0.0,"gold_gain":0.0,"event_name":"The Woman in Blue","player_choice":"Bought 0 Potions","floor":3.0,"gold_loss":0.0,"damage_taken":0.0},{"damage_healed":0.0,"max_hp_gain":0.0,"max_hp_loss":0.0,"gold_gain":0.0,"event_name":"The Cleric","player_choice":"Leave","floor":8.0,"gold_loss":0.0,"damage_taken":0.0},{"damage_healed":0.0,"max_hp_gain":0.0,"max_hp_loss":0.0,"gold_gain":0.0,"event_name":"Drug Dealer","player_choice":"Inject Mutagens","floor":19.0,"gold_loss":0.0,"damage_taken":0.0,"relics_obtained":["MutagenicStrength"]},{"damage_healed":0.0,"max_hp_gain":0.0,"max_hp_loss":0.0,"gold_gain":0.0,"event_name":"Masked Bandits","player_choice":"Fought Bandits","floor":21.0,"gold_loss":0.0,"damage_taken":0.0},{"damage_healed":0.0,"max_hp_gain":0.0,"max_hp_loss":0.0,"gold_gain":0.0,"event_name":"The Mausoleum","player_choice":"Opened","floor":28.0,"gold_loss":0.0,"damage_taken":0.0,"relics_obtained":["MealTicket"]},{"damage_healed":0.0,"max_hp_gain":5.0,"max_hp_loss":0.0,"gold_gain":0.0,"event_name":"Forgotten Altar","player_choice":"Shed Blood","floor":29.0,"gold_loss":0.0,"damage_taken":78.0},{"cards_removed":["TheCursedMod:NeowsMight"],"damage_healed":0.0,"max_hp_gain":0.0,"max_hp_loss":0.0,"gold_gain":0.0,"event_name":"Falling","player_choice":"Removed Skill","floor":37.0,"gold_loss":0.0,"damage_taken":0.0},{"damage_healed":85.0,"max_hp_gain":0.0,"max_hp_loss":0.0,"gold_gain":0.0,"event_name":"Winding Halls","player_choice":"Writhe","floor":38.0,"gold_loss":0.0,"damage_taken":0.0,"cards_obtained":["Writhe"]},{"damage_healed":0,"gold_gain":222,"player_choice":"Wore Mask","damage_taken":0,"max_hp_gain":0,"max_hp_loss":0,"event_name":"Tomb of Lord Red Mask","floor":45,"gold_loss":0},{"damage_healed":0,"gold_gain":0,"player_choice":"Fight","damage_taken":0,"max_hp_gain":0,"max_hp_loss":0,"event_name":"MindBloom","floor":47,"gold_loss":0}],"is_beta":false,"boss_relics":[{"not_picked":["Calling Bell","energizedSpire:TabascoSauce"],"picked":"Runic Dome"},{"not_picked":["Empty Cage","energizedSpire:RedRose"],"picked":"Tiny House"},{"not_picked":["Runic Cube","Astrolabe"],"picked":"SlaversCollar"}],"items_purged_floors":[],"is_endless":true,"potions_floor_spawned":[2,7,10,25,31,42,46,47,48],"ascension_level":0}}