{"host":"q9718omregw4er46","time":1609443565,"event":{"mods":["BaseMod","Bestiary","Colored Powertips","Minty Spire (QoL Compilation)","Quick Restart","Relic Stats"],"gold_per_floor":[109,126,136,152,152,196,219,219,219,219,250,250,250,264,264,362,362,376,392,412,412,412],"floor_reached":21,"playtime":533,"items_purged":[],"score":486,"play_id":"bd3d6314-f4eb-47f6-8e74-36b1311dbb32","local_time":"20210101003925","is_ascension_mode":true,"campfire_choices":[{"data":"Blasphemy","floor":8,"key":"SMITH"},{"data":"ConjureBlade","floor":10,"key":"SMITH"},{"data":"Scrawl","floor":13,"key":"SMITH"},{"data":"DeceiveReality","floor":15,"key":"SMITH"}],"circlet_count":0,"master_deck":["AscendersBane","Eruption","Vigilance","Blasphemy+1","Scrawl+1","CarveReality","ConjureBlade+1","EmptyBody","BowlingBash","Vengeance","EmptyFist","ForeignInfluence","FollowUp","DeceiveReality+1","Indignation","Evaluate","DeusExMachina","Meditate+1","Sanctity"],"relics":["Pandora\u0027s Box","Golden Idol","Pantograph","Akabeko","Boot","Cursed Key"],"acts_visited":["Exordium","TheCity"],"potions_floor_usage":[11,16,18],"damage_taken":[{"damage":18,"enemies":"Small Slimes","floor":1,"turns":2},{"damage":1,"enemies":"2 Louse","floor":2,"turns":2},{"damage":0,"enemies":"Cultist","floor":3,"turns":2},{"damage":4,"enemies":"Looter","floor":4,"turns":2},{"damage":0,"enemies":"3 Sentries","floor":6,"turns":2},{"damage":0,"enemies":"Large Slime","floor":7,"turns":1},{"damage":0,"enemies":"Gremlin Nob","floor":11,"turns":3},{"damage":8,"enemies":"3 Louse","floor":14,"turns":2},{"damage":18,"enemies":"Hexaghost","floor":16,"turns":6},{"damage":32,"enemies":"2 Thieves","floor":18,"turns":3},{"damage":0,"enemies":"Spheric Guardian","floor":19,"turns":2},{"damage":18,"enemies":"Snake Plant","floor":20,"turns":2},{"damage":15,"enemies":"Shelled Parasite and Fungi","floor":21,"turns":1}],"seed_played":"-8410390249345823123","potions_obtained":[{"floor":3,"key":"LiquidBronze"},{"floor":6,"key":"Block Potion"},{"floor":11,"key":"Energy Potion"},{"floor":16,"key":"Weak Potion"}],"is_trial":false,"path_per_floor":["M","M","M","M","?","E","M","R","T","R","E","?","R","M","R","B",null,"M","M","M","M"],"character_chosen":"WATCHER","items_purchased":[],"campfire_rested":0,"item_purchase_floors":[],"current_hp_per_floor":[43,42,42,38,38,38,38,38,38,38,38,38,38,30,30,37,56,24,24,6,0,0],"gold":412,"neow_bonus":"BOSS_RELIC","is_daily":false,"chose_seed":false,"campfire_upgraded":4,"win_rate":0.0,"timestamp":1609443565,"path_taken":["M","M","M","M","?","E","M","R","T","R","E","?","R","M","R","BOSS","M","M","?","M"],"items_purchased_type":[],"build_version":"2020-12-22","purchased_purges":0,"victory":false,"max_hp_per_floor":[68,68,68,68,62,62,62,62,62,62,62,62,62,62,62,62,62,62,62,62,62,62],"relic_stats":{"counters":[13,30],"Golden Idol":53,"Pantograph":25,"Pandora\u0027s Box":["Blasphemy","Scrawl","CarveReality","Blasphemy","ConjureBlade","EmptyBody","BowlingBash","Vengeance"],"Boot":[2],"Cursed Key":0,"obtain_stats":[{"Golden Idol":5,"Pantograph":6,"Pandora\u0027s Box":0,"PureWater":0,"Boot":11,"Cursed Key":17,"Akabeko":9},{"Golden Idol":4,"Pantograph":5,"Pandora\u0027s Box":0,"PureWater":0,"Boot":7,"Cursed Key":9,"Akabeko":6},{"Golden Idol":8,"Pantograph":10,"Pandora\u0027s Box":0,"PureWater":0,"Boot":14,"Cursed Key":22,"Akabeko":11}]},"card_choices":[{"not_picked":["FlyingSleeves","CarveReality"],"picked":"EmptyFist","floor":1},{"not_picked":["SashWhip","Pray"],"picked":"ForeignInfluence","floor":2},{"not_picked":["Weave","CrushJoints","FlurryOfBlows"],"picked":"SKIP","floor":3},{"not_picked":["JustLucky","ReachHeaven","FlyingSleeves"],"picked":"SKIP","floor":4},{"not_picked":["Blasphemy","FearNoEvil"],"picked":"FollowUp","floor":6},{"not_picked":["FollowUp","Crescendo","Halt"],"picked":"SKIP","floor":7},{"not_picked":["Evaluate","JustLucky"],"picked":"DeceiveReality","floor":11},{"not_picked":["Consecrate","Crescendo"],"picked":"Evaluate","floor":14},{"not_picked":["SpiritShield","Judgement"],"picked":"DeusExMachina","floor":16},{"not_picked":["BowlingBash","ThirdEye"],"picked":"Meditate+1","floor":18},{"not_picked":["Vengeance","Study+1"],"picked":"Sanctity","floor":19},{"not_picked":["Prostrate","EmptyFist","Brilliance"],"picked":"SKIP","floor":20}],"player_experience":1143923,"relics_obtained":[{"floor":6,"key":"Pantograph"},{"floor":9,"key":"Akabeko"},{"floor":11,"key":"Boot"}],"event_choices":[{"damage_healed":0,"gold_gain":0,"player_choice":"Lose Max HP","damage_taken":0,"relics_obtained":["Golden Idol"],"max_hp_gain":0,"max_hp_loss":6,"event_name":"Golden Idol","floor":5,"gold_loss":0},{"damage_healed":0,"gold_gain":0,"cards_transformed":["Blasphemy"],"player_choice":"Transformed","damage_taken":0,"max_hp_gain":0,"max_hp_loss":0,"event_name":"Transmorgrifier","floor":12,"gold_loss":0,"cards_obtained":["Indignation"]}],"is_beta":false,"boss_relics":[{"not_picked":["SacredBark","Empty Cage"],"picked":"Cursed Key"}],"items_purged_floors":[],"is_endless":false,"potions_floor_spawned":[3,6,11,16],"killed_by":"Shelled Parasite and Fungi","ascension_level":20}}