{"host":"phniwng9zo19jwdb","time":1609432514,"event":{"mods":["AchievementEnabler","BaseMod","Colored Powertips","Faster Ascension Climbing","GifTheSpireLib","Minty Spire (QoL Compilation)","Permanent Neow","Rare Cards Sparkle","Somnambulant","StSLib"],"gold_per_floor":[364,20,20,52,52,97,157,222,222,259,259,259],"floor_reached":11,"playtime":345,"items_purged":["Strike_R"],"score":145,"play_id":"53f5900b-90dc-4aa2-8819-5ceb36178be5","local_time":"20201231173514","is_ascension_mode":true,"campfire_choices":[],"circlet_count":0,"master_deck":["AscendersBane","Strike_R","Strike_R","Strike_R","Strike_R","Defend_R","Defend_R","Defend_R","Defend_R","Bash","Fire Breathing","HandOfGreed","Jack Of All Trades","Havoc","Iron Wave","Shrug It Off","Warcry","Blood for Blood"],"relics":["Burning Blood","Boot","Prayer Wheel","Ornamental Fan"],"acts_visited":["Exordium"],"potions_floor_usage":[6,11,11],"damage_taken":[{"damage":0,"enemies":"2 Louse","floor":1,"turns":3},{"damage":1,"enemies":"Cultist","floor":4,"turns":3},{"damage":18,"enemies":"Lagavulin","floor":6,"turns":5},{"damage":10,"enemies":"Small Slimes","floor":7,"turns":5},{"damage":30,"enemies":"3 Sentries","floor":8,"turns":6},{"damage":11,"enemies":"Blue Slaver","floor":10,"turns":4},{"damage":30,"enemies":"Gremlin Nob","floor":11,"turns":4}],"seed_played":"-6631308993957448235","potions_obtained":[{"floor":4,"key":"Block Potion"},{"floor":6,"key":"Weak Potion"},{"floor":10,"key":"Swift Potion"}],"is_trial":false,"path_per_floor":["M","$","?","M","?","E","M","E","T","M","E"],"character_chosen":"IRONCLAD","items_purchased":["HandOfGreed","Jack Of All Trades"],"campfire_rested":0,"item_purchase_floors":[2,2],"current_hp_per_floor":[68,68,68,68,73,61,57,33,33,28,0,0],"gold":259,"neow_bonus":"TWO_FIFTY_GOLD","is_daily":false,"chose_seed":false,"campfire_upgraded":0,"win_rate":0.0,"timestamp":1609432514,"path_taken":["M","$","?","?","?","E","M","E","T","M","E"],"items_purchased_type":["Card","Card"],"build_version":"2020-12-22","purchased_purges":1,"victory":false,"max_hp_per_floor":[68,68,68,68,73,73,73,73,73,73,73,73],"card_choices":[{"not_picked":["Headbutt","Dropkick"],"picked":"Fire Breathing","floor":1},{"not_picked":["Anger","Body Slam","Rupture"],"picked":"SKIP","floor":4},{"not_picked":["Dual Wield","Disarm"],"picked":"Havoc","floor":6},{"not_picked":["Heavy Blade","True Grit"],"picked":"Iron Wave","floor":7},{"not_picked":["Sentinel","Pommel Strike"],"picked":"Shrug It Off","floor":8},{"not_picked":["Flex","Clash"],"picked":"Warcry","floor":10},{"not_picked":["Headbutt","Sword Boomerang"],"picked":"Blood for Blood","floor":10}],"player_experience":33369,"relics_obtained":[{"floor":6,"key":"Boot"},{"floor":8,"key":"Prayer Wheel"},{"floor":9,"key":"Ornamental Fan"}],"event_choices":[{"damage_healed":0,"gold_gain":0,"player_choice":"0 cards matched","damage_taken":0,"max_hp_gain":0,"max_hp_loss":0,"event_name":"Match and Keep!","floor":3,"gold_loss":0,"cards_obtained":[]},{"damage_healed":0,"gold_gain":0,"player_choice":"Donut","damage_taken":0,"max_hp_gain":5,"max_hp_loss":0,"event_name":"Big Fish","floor":5,"gold_loss":0}],"is_beta":false,"boss_relics":[],"items_purged_floors":[2],"is_endless":false,"potions_floor_spawned":[4,6,10],"killed_by":"Gremlin Nob","ascension_level":15}}