{"host":"e4hse1vg61zltgzv","time":1609392493,"event":{"mods":["AchievementEnabler","BaseMod","Block Reminder","Colored Map","DeckTracker","GifTheSpireLib","Minty Spire (QoL Compilation)","Rare Cards Sparkle","StSLib","SuperFastMode","everything is the same but u backflip on backflip"],"gold_per_floor":[117,5,5,5,25,57,4,79,129,156,166,222,222,239,239,313,313,327,327,338,298,309,309,309,309],"floor_reached":24,"playtime":1411,"items_purged":["Outmaneuver"],"score":458,"play_id":"83d29bd9-db96-4b06-89ab-92a628c2643c","local_time":"20201231142813","is_ascension_mode":true,"campfire_choices":[{"data":"Cloak And Dagger","floor":13.0,"key":"PURGE"},{"data":"Skewer","floor":15.0,"key":"PURGE"},{"data":"Unload","floor":23,"key":"PURGE"}],"circlet_count":0,"master_deck":["AscendersBane","Survivor","Neutralize","All Out Attack+1","Wraith Form v2","Corpse Explosion+1","Bullet Time","Noxious Fumes","Bouncing Flask","Blur","Deflect","Venomology","After Image","Crippling Poison"],"relics":["Ring of the Snake","Pandora\u0027s Box","NeowsBlessing","PreservedInsect","Vajra","Matryoshka","Peace Pipe","Runic Dome","MutagenicStrength"],"acts_visited":["Exordium","TheCity"],"potions_floor_usage":[16,18,22,22,24],"damage_taken":[{"damage":0.0,"enemies":"Small Slimes","floor":1.0,"turns":1.0},{"damage":0.0,"enemies":"2 Louse","floor":5.0,"turns":1.0},{"damage":0.0,"enemies":"Lagavulin","floor":6.0,"turns":1.0},{"damage":4.0,"enemies":"3 Sentries","floor":10.0,"turns":2.0},{"damage":0.0,"enemies":"Jaw Worm","floor":11.0,"turns":2.0},{"damage":10.0,"enemies":"3 Sentries","floor":12.0,"turns":2.0},{"damage":0.0,"enemies":"Lots of Slimes","floor":14.0,"turns":1.0},{"damage":10,"enemies":"The Guardian","floor":16,"turns":7},{"damage":0,"enemies":"Spheric Guardian","floor":18,"turns":4},{"damage":7,"enemies":"2 Thieves","floor":20,"turns":2},{"damage":38,"enemies":"Chosen and Byrds","floor":22,"turns":6},{"damage":11,"enemies":"Slavers","floor":24,"turns":1}],"seed_played":"314155405494069984","potions_obtained":[{"floor":1.0,"key":"SmokeBomb"},{"floor":6.0,"key":"SteroidPotion"},{"floor":10.0,"key":"DistilledChaos"}],"is_trial":false,"path_per_floor":["M","$","?","?","M","E","$","?","T","E","M","?","R","M","R","B",null,"M","?","M","?","M","R","E"],"character_chosen":"THE_SILENT","items_purchased":["Blur","Deflect"],"campfire_rested":0,"item_purchase_floors":[2,7],"current_hp_per_floor":[59,59,39,39,39,39,39,28,28,24,24,14,14,14,14,4,51,51,51,44,44,6,6,0,0],"gold":309,"neow_bonus":"THREE_ENEMY_KILL","is_daily":false,"chose_seed":false,"campfire_upgraded":0,"win_rate":0.0,"timestamp":1609392493,"path_taken":["M","$","?","?","?","E","?","?","T","E","M","?","R","M","R","BOSS","M","?","M","?","?","R","E"],"items_purchased_type":["Card","Card"],"build_version":"2020-12-22","purchased_purges":1,"victory":false,"max_hp_per_floor":[66,66,66,66,66,66,66,66,66,66,66,66,66,66,66,66,66,66,66,66,66,66,66,66,66],"card_choices":[{"not_picked":["Predator","Poisoned Stab"],"picked":"Bouncing Flask","floor":1.0},{"not_picked":["Deadly Poison","Accuracy","PiercingWail"],"picked":"SKIP","floor":5.0},{"not_picked":["Expertise","PiercingWail","Acrobatics"],"picked":"SKIP","floor":6.0},{"not_picked":["Masterful Stab","Blur","Slice"],"picked":"SKIP","floor":10.0},{"not_picked":["Flying Knee","Deflect","Heel Hook"],"picked":"SKIP","floor":11.0},{"not_picked":["Sucker Punch","Deadly Poison"],"picked":"Venomology","floor":14.0},{"not_picked":["Malaise","Wraith Form v2"],"picked":"After Image","floor":16},{"not_picked":["Outmaneuver+1","Quick Slash","Underhanded Strike"],"picked":"SKIP","floor":18},{"not_picked":["Underhanded Strike","Dagger Spray"],"picked":"Crippling Poison","floor":20},{"not_picked":["Dagger Spray","Riddle With Holes","Sucker Punch"],"picked":"SKIP","floor":22}],"player_experience":768512,"relics_obtained":[{"floor":6.0,"key":"PreservedInsect"},{"floor":9.0,"key":"Vajra"},{"floor":10.0,"key":"Matryoshka"}],"event_choices":[{"damage_healed":0.0,"max_hp_gain":0.0,"max_hp_loss":0.0,"gold_gain":0.0,"event_name":"Shining Light","player_choice":"Entered Light","floor":3.0,"gold_loss":0.0,"damage_taken":20.0,"cards_upgraded":["All Out Attack","Corpse Explosion"]},{"cards_removed":["Dagger Spray"],"damage_healed":0.0,"max_hp_gain":0.0,"max_hp_loss":0.0,"gold_gain":0.0,"event_name":"Living Wall","player_choice":"Forget","floor":4.0,"gold_loss":0.0,"damage_taken":0.0},{"damage_healed":0.0,"max_hp_gain":0.0,"max_hp_loss":0.0,"gold_gain":75.0,"event_name":"World of Goop","player_choice":"Gather Gold","floor":8.0,"gold_loss":0.0,"damage_taken":11.0},{"damage_healed":0.0,"max_hp_gain":0.0,"max_hp_loss":0.0,"gold_gain":0.0,"event_name":"Dead Adventurer","player_choice":"Searched \u00272\u0027 times","floor":12.0,"gold_loss":0.0,"damage_taken":0.0,"relics_obtained":["Peace Pipe"]},{"damage_healed":0,"gold_gain":0,"player_choice":"Inject Mutagens","damage_taken":0,"relics_obtained":["MutagenicStrength"],"max_hp_gain":0,"max_hp_loss":0,"event_name":"Drug Dealer","floor":19,"gold_loss":0},{"damage_healed":0,"gold_gain":0,"player_choice":"Bought 3 Potions","damage_taken":0,"max_hp_gain":0,"max_hp_loss":0,"event_name":"The Woman in Blue","floor":21,"gold_loss":0}],"is_beta":false,"boss_relics":[{"not_picked":["Velvet Choker","Ring of the Serpent"],"picked":"Runic Dome"}],"items_purged_floors":[2],"is_endless":false,"potions_floor_spawned":[1,6,10,11,14,18],"killed_by":"Slavers","ascension_level":20}}