{"host":"08xvxt5w1s7zc7e5","time":1609386493,"event":{"mods":["BaseMod","Minty Spire (QoL Compilation)","StSLib","SuperFastMode"],"gold_per_floor":[109,109,20,20,46,375,375,401,475,475,28,54,64,75,75,75,75],"floor_reached":16,"playtime":648,"items_purged":["Defend_P"],"score":281,"play_id":"2fadde29-d10f-40d3-88e5-d78e6e993090","local_time":"20201231124813","is_ascension_mode":true,"campfire_choices":[{"data":"Eruption","floor":7.0,"key":"SMITH"},{"data":"Adaptation","floor":10.0,"key":"SMITH"},{"data":"Adaptation","floor":15.0,"key":"SMITH"}],"circlet_count":0,"master_deck":["AscendersBane","Strike_P+1","Strike_P","Strike_P","Defend_P","Defend_P","Defend_P+1","Eruption+1","Vigilance","MentalFortress","Adaptation+1","Adaptation+1","Halt"],"relics":["PureWater","NeowsBlessing","Strawberry","Old Coin","TungstenRod","Eternal Feather","Matryoshka","Odd Mushroom"],"acts_visited":["Exordium"],"potions_floor_usage":[],"damage_taken":[{"damage":0.0,"enemies":"Small Slimes","floor":1.0,"turns":2.0},{"damage":0.0,"enemies":"Gremlin Nob","floor":6.0,"turns":1.0},{"damage":0.0,"enemies":"3 Sentries","floor":8.0,"turns":2.0},{"damage":2.0,"enemies":"The Mushroom Lair","floor":12.0,"turns":4.0},{"damage":0.0,"enemies":"2 Louse","floor":13.0,"turns":3.0},{"damage":0.0,"enemies":"Jaw Worm","floor":14.0,"turns":3.0},{"damage":58,"enemies":"Slime Boss","floor":16,"turns":9}],"seed_played":"5061053122262619883","potions_obtained":[{"floor":1.0,"key":"Explosive Potion"}],"is_trial":false,"path_per_floor":["M","?","$","?","T","E","R","E","T","R","$","?","M","M","R","B"],"character_chosen":"WATCHER","items_purchased":["MentalFortress","Adaptation","Matryoshka"],"campfire_rested":0,"item_purchase_floors":[3,11,11],"current_hp_per_floor":[61,41,41,34,41,41,41,41,41,47,47,45,45,45,51,0,0],"gold":75,"neow_bonus":"THREE_ENEMY_KILL","is_daily":false,"chose_seed":false,"campfire_upgraded":3,"win_rate":0.0,"timestamp":1609386493,"path_taken":["M","?","$","?","?","E","R","E","T","R","$","?","M","M","R","BOSS"],"items_purchased_type":["Card","Card","Relic"],"build_version":"2020-12-22","purchased_purges":1,"victory":false,"max_hp_per_floor":[68,68,68,68,75,75,75,75,75,75,75,75,75,75,75,75,75],"card_choices":[{"not_picked":["Swivel","Study","ThirdEye"],"picked":"SKIP","floor":1.0},{"not_picked":["BowlingBash","WreathOfFlame"],"picked":"Adaptation","floor":6.0},{"not_picked":["Crescendo","SashWhip","Fasting2"],"picked":"SKIP","floor":8.0},{"not_picked":["EmptyFist","Wallop"],"picked":"Halt","floor":12.0},{"not_picked":["Perseverance","ClearTheMind","Protect"],"picked":"SKIP","floor":13.0},{"not_picked":["CrushJoints","Wallop","FollowUp"],"picked":"SKIP","floor":14.0}],"player_experience":229194,"relics_obtained":[{"floor":5.0,"key":"Strawberry"},{"floor":6.0,"key":"Old Coin"},{"floor":8.0,"key":"TungstenRod"},{"floor":9.0,"key":"Eternal Feather"},{"floor":12.0,"key":"Odd Mushroom"}],"event_choices":[{"damage_healed":0.0,"max_hp_gain":0.0,"max_hp_loss":0.0,"gold_gain":0.0,"event_name":"Shining Light","player_choice":"Entered Light","floor":2.0,"gold_loss":0.0,"damage_taken":20.0,"cards_upgraded":["Strike_P","Defend_P"]},{"cards_removed":["Strike_P"],"damage_healed":0.0,"max_hp_gain":0.0,"max_hp_loss":0.0,"gold_gain":0.0,"event_name":"Golden Wing","player_choice":"Card Removal","floor":4.0,"gold_loss":0.0,"damage_taken":7.0},{"damage_healed":0.0,"max_hp_gain":0.0,"max_hp_loss":0.0,"gold_gain":0.0,"event_name":"Mushrooms","player_choice":"Fought Mushrooms","floor":12.0,"gold_loss":0.0,"damage_taken":0.0}],"is_beta":false,"boss_relics":[],"items_purged_floors":[11],"is_endless":false,"potions_floor_spawned":[1],"killed_by":"Slime Boss","ascension_level":16}}