{"host":"6gnv7me3tk2udb7q","time":1609431606,"event":{"mods":["BaseMod","Bestiary","Colored Map","Minty Spire (QoL Compilation)"],"gold_per_floor":[219,229,243,243,16,16,32,46,71,98,98,130,130,156,156,258,258,271,49,65,78,78,78,78,78],"floor_reached":24,"playtime":1930,"items_purged":["Decay"],"score":427,"play_id":"d64c6571-9737-47f0-8bf3-c1497de6c4d8","local_time":"20201231112006","is_ascension_mode":true,"campfire_choices":[{"data":"Chaos","floor":6,"key":"SMITH"},{"data":"Dualcast","floor":11,"key":"SMITH"},{"floor":13,"key":"REST"},{"floor":15,"key":"REST"},{"data":"Seek","floor":23,"key":"SMITH"}],"circlet_count":0,"master_deck":["Strike_B","Strike_B","Strike_B","Strike_B","Defend_B","Defend_B","Defend_B","Defend_B","Zap","Dualcast+1","Coolheaded","Conserve Battery","Barrage","Chaos+1","Electrodynamics","Compile Driver","Chill","Stack","Compile Driver","Seek+1","White Noise+1","Self Repair","Glacier","Steam Power+1"],"relics":["FrozenCore","Bag of Preparation","Omamori","Blood Vial","Art of War","Juzu Bracelet"],"acts_visited":["TheCity"],"potions_floor_usage":[10,20,21,24],"damage_taken":[{"damage":1,"enemies":"2 Louse","floor":1,"turns":2},{"damage":0,"enemies":"Cultist","floor":2,"turns":3},{"damage":0,"enemies":"Jaw Worm","floor":3,"turns":5},{"damage":0,"enemies":"Blue Slaver","floor":7,"turns":5},{"damage":0,"enemies":"2 Fungi Beasts","floor":8,"turns":2},{"damage":6,"enemies":"3 Sentries","floor":10,"turns":5},{"damage":35,"enemies":"Gremlin Nob","floor":12,"turns":4},{"damage":26,"enemies":"3 Sentries","floor":14,"turns":11},{"damage":14,"enemies":"The Guardian","floor":16,"turns":12},{"damage":20,"enemies":"Chosen","floor":18,"turns":5},{"damage":11,"enemies":"Spheric Guardian","floor":20,"turns":4},{"damage":5,"enemies":"Snecko","floor":21,"turns":5},{"damage":62,"enemies":"Gremlin Leader","floor":24,"turns":8}],"seed_played":"2977101012923846405","potions_obtained":[{"floor":7,"key":"Block Potion"},{"floor":8,"key":"Ancient Potion"},{"floor":14,"key":"ColorlessPotion"},{"floor":16,"key":"Ancient Potion"},{"floor":20,"key":"Fire Potion"}],"is_trial":false,"path_per_floor":["M","M","M","?","$","R","M","M","T","E","R","E","R","E","R","B",null,"M","$","M","M","?","R","E"],"character_chosen":"DEFECT","items_purchased":["Bag of Preparation","Chaos","Self Repair","Glacier"],"campfire_rested":2,"item_purchase_floors":[5,5,19,19],"current_hp_per_floor":[67,67,67,67,67,67,67,67,67,61,61,26,48,24,46,34,65,47,47,45,49,49,49,0,0],"gold":78,"neow_bonus":"HUNDRED_GOLD","is_daily":false,"chose_seed":false,"campfire_upgraded":3,"win_rate":0.0,"timestamp":1609431606,"path_taken":["M","M","M","?","$","R","M","M","T","E","R","E","R","E","R","BOSS","M","$","?","M","?","R","E"],"items_purchased_type":["Relic","Card","Card","Card"],"build_version":"2020-12-22","purchased_purges":1,"victory":false,"max_hp_per_floor":[75,75,75,75,75,75,75,75,75,75,75,75,75,75,75,75,75,75,75,75,75,75,75,75,75],"card_choices":[{"not_picked":["Steam","Stack"],"picked":"Coolheaded","floor":1},{"not_picked":["Steam","Go for the Eyes"],"picked":"Conserve Battery","floor":2},{"not_picked":["Force Field","Conserve Battery"],"picked":"Barrage","floor":3},{"not_picked":["Hologram","Leap"],"picked":"Electrodynamics","floor":7},{"not_picked":["Reprogram","Hologram"],"picked":"Compile Driver","floor":8},{"not_picked":["Blizzard","BootSequence"],"picked":"Chill","floor":10},{"not_picked":["Compile Driver","Fusion"],"picked":"Stack","floor":12},{"not_picked":["Barrage","Ball Lightning"],"picked":"Compile Driver","floor":14},{"not_picked":["Meteor Strike","Core Surge"],"picked":"Seek","floor":16},{"not_picked":["Melter+1","Reprogram"],"picked":"White Noise+1","floor":18},{"not_picked":["Sweeping Beam","Cold Snap+1","Chill"],"picked":"SKIP","floor":20},{"not_picked":["FTL","Sweeping Beam"],"picked":"Steam Power+1","floor":21}],"player_experience":556984,"relics_obtained":[{"floor":10,"key":"Omamori"},{"floor":12,"key":"Blood Vial"},{"floor":14,"key":"Art of War"}],"event_choices":[{"damage_healed":0,"gold_gain":0,"player_choice":"Cursed","damage_taken":0,"max_hp_gain":0,"max_hp_loss":0,"event_name":"Wheel of Change","floor":4,"gold_loss":0,"cards_obtained":["Decay"]},{"damage_healed":0,"gold_gain":0,"player_choice":"Stole Relic","damage_taken":0,"relics_obtained":["Juzu Bracelet"],"max_hp_gain":0,"max_hp_loss":0,"event_name":"Addict","floor":22,"gold_loss":0,"cards_obtained":["Shame"]}],"is_beta":false,"boss_relics":[{"not_picked":["Cursed Key","Philosopher\u0027s Stone"],"picked":"FrozenCore"}],"items_purged_floors":[19],"is_endless":false,"potions_floor_spawned":[7,8,14,16,20],"killed_by":"Gremlin Leader","ascension_level":7}}