{"host":"zntn5kfpqqjb7mu3","time":1609430340,"event":{"mods":["AchievementEnabler","Aspiration","BaseMod","Better-Laid Plans","BetterRewards","Colored Map","Colored Powertips","DNKmod","Decade(王小明)","Friendly Minions","Marked Mod","Minty Spire (QoL Compilation)","Permanent Neow","Quick Restart","Rare Cards Sparkle","Relic Stats","Remove Card Discount Mod","Replay The Spire","StSLib","SuperFastMode","TestMod","Waifu the Spire","vexMod","【遗物卡牌】REMEMod","篝火指南"],"gold_per_floor":[10016,9432,8571,8591,8606,8633,8633,8633,8633,8644,8087,8087,8102,8116,7679,7780,7780,7795,7805,7720,7730,7730,5978,6004,6004,6057,5512,4880,4911,4228,4257,4106,4204,4204,4214,4233,4041,4060,3836,3862,3604,3629,3629,3640,3640,3671,3398,3411,2865,2865,2865,2769,2653,2688,2688],"floor_reached":56,"playtime":2817,"items_purged":["KamenRide","Decade_Attack","Decade_Defend","Decade_Attack","Decade_Attack","Decade_Attack","Decade_Defend","Decade_Defend","Decade_Defend"],"score":2141,"play_id":"fc96df86-f774-414f-a525-7baf27a627c6","local_time":"20201231235900","is_ascension_mode":true,"campfire_choices":[{"floor":8.0,"key":"RECALL"}],"circlet_count":0,"master_deck":["Decade_SpecialSkill","Kuuga_Rising+1","Metamorphosis+1","PrometheusPower+1","UnarmedAttack7","Dragreder","REME_MawOfCthun+1","REME_FirmDetermination","Decade_Illusion","UnarmedAttack3","Kuuga_Rising+1","Decade_Defend3","AutoVajin","DenO_Ax","UnarmedAttack7","UnarmedAttack3","AutoVajin","UnarmedAttack1+1","DenO_Climax+1","AutoVajin+1","DragClaw","DenO_Rod+1","Hibiki_Attack2+1","PrometheusPower+1","UnarmedAttack3","AutoVajin","UnarmedAttack8","DenO_Climax+1","PrometheusPower+1","UnarmedAttack4","UnarmedAttack1+1","DragShield","DragShield","Good Instincts","Decade_Dash1","Pot Of Greed","Pot Of Greed","Pot Of Greed","Kuuga_Rising+1","PrometheusPower+1","UnarmedAttack4+1","Decade_Defend2+1","DragClaw","Master of Strategy","Decade_Dash2","AutoVajin+1","UnarmedAttack1+1","UnarmedAttack9","NMDAZYYGL","DenO_Ax+1","UnarmedAttack1+1","Pot Of Greed","Decade_Defend2","PrometheusPower+1","Blade_Slash+1","UnarmedAttack9","UnarmedAttack1+1","DenO_Sword+1","Dramatic Entrance+1","UnarmedAttack1+1","UnarmedAttack1+1","Kuuga_GouramAttack"],"relics":["Decadriver","TOEIDeficitBill","testmod-TestBox","REME_ComplimentaryCards","testmod-Fanaticism","Calipers","vexMod:PaidLearning","Counterbalance","DollysMirror","Bronze Scales","vexMod:ScavengeHelm","Sling","aspiration:Lifesprig","ReplayTheSpireMod:Ring of Exchange","Ring of Searing","HandDrill","Runic Pyramid","Bag of Marbles","WingedGreaves","ChewingGum","testmod-EqualTreatment","Nunchaku","testmod-LifeArmor","Frozen Egg 2","Guide Book","Replay:Bottled Flurry","Happy Flower","Bottled Tornado","testmod-Justice","Grinning Jar","Membership Card","Lantern","Replay:Bottled Snecko","PreservedInsect","aspiration:FrozenJewel","testmod-Hope","Replay:Bottled Eggs","vexMod:MemoryStick","testmod-Muramasa","testmod-FatalChain","vexMod:ImprovementManual","testmod-TurbochargingSystem","REME_PuzzleBoxRelic","Oddly Smooth Stone"],"acts_visited":["Exordium","TheCity","TheBeyond","TheEnding"],"potions_floor_usage":[50,55,55,55],"damage_taken":[{"damage":0.0,"enemies":"Cultist","floor":1.0,"turns":2.0},{"damage":2.0,"enemies":"2 Louse","floor":4.0,"turns":1.0},{"damage":0.0,"enemies":"Small Slimes","floor":5.0,"turns":1.0},{"damage":10.0,"enemies":"3 Sentries","floor":6.0,"turns":2.0},{"damage":0.0,"enemies":"Gremlin Gang","floor":10.0,"turns":2.0},{"damage":2.0,"enemies":"2 Fungi Beasts","floor":13.0,"turns":1.0},{"damage":0.0,"enemies":"Red Slaver","floor":14.0,"turns":1.0},{"damage":7.0,"enemies":"Slime Boss","floor":16.0,"turns":2.0},{"damage":0.0,"enemies":"Shell Parasite","floor":18.0,"turns":1.0},{"damage":1.0,"enemies":"3 Byrds","floor":19.0,"turns":2.0},{"damage":2.0,"enemies":"Snake Plant","floor":21.0,"turns":1.0},{"damage":2.0,"enemies":"Replay:Snechameleon","floor":24.0,"turns":1.0},{"damage":7.0,"enemies":"Gremlin Leader","floor":29.0,"turns":2.0},{"damage":2.0,"enemies":"Replay:Snechameleon","floor":31.0,"turns":1.0},{"damage":5.0,"enemies":"Pondfish","floor":33.0,"turns":2.0},{"damage":5.0,"enemies":"3 Shapes","floor":35.0,"turns":2.0},{"damage":2.0,"enemies":"Orb Walker","floor":36.0,"turns":1.0},{"damage":5.0,"enemies":"Jaw Worm Horde","floor":38.0,"turns":2.0},{"damage":16.0,"enemies":"R_Hoarder","floor":40.0,"turns":5.0},{"damage":15.0,"enemies":"Giant Head","floor":42.0,"turns":2.0},{"damage":2.0,"enemies":"Writhing Mass","floor":44.0,"turns":1.0},{"damage":0,"enemies":"Spire Growth","floor":45,"turns":1},{"damage":8,"enemies":"Reptomancer","floor":46,"turns":2},{"damage":6,"enemies":"Maw","floor":48,"turns":3},{"damage":51,"enemies":"Time Eater","floor":50,"turns":3},{"damage":2,"enemies":"Shield and Spear","floor":54,"turns":1},{"damage":7,"enemies":"The Heart","floor":55,"turns":3}],"seed_played":"-7167723822493022842","potions_obtained":[{"floor":6.0,"key":"FairyPotion"},{"floor":14.0,"key":"REME_GoldPotion"},{"floor":16.0,"key":"SkillPotion"},{"floor":19.0,"key":"Dexterity Potion"},{"floor":21.0,"key":"ColorlessPotion"},{"floor":24.0,"key":"Fire Potion"},{"floor":46,"key":"SpeedPotion"},{"floor":48,"key":"SpeedPotion"},{"floor":54,"key":"LiquidMemories"}],"is_trial":false,"path_per_floor":["M","$","$","M","M","E","?","R","T","M","R","?","M","M","R","B",null,"M","M","?","M","?","R","E","R","T","R","$","E","$","E","R","B",null,"M","M","$","M","$","E","R","E","T","M","M","E","R","M","R","B",null,"R","$","E","B",null],"character_chosen":"Decade","items_purchased":["UnarmedAttack7","Dragreder","Calipers","vexMod:PaidLearning","Counterbalance","REME_MawOfCthun","REME_FirmDetermination","Decade_Illusion","UnarmedAttack3","DollysMirror","vexMod:ScavengeHelm","Sling","aspiration:Lifesprig","vexMod:BerryBomb","HandDrill","UnarmedAttack1","WingedGreaves","Hibiki_Attack2+1","PrometheusPower","UnarmedAttack3","ChewingGum","testmod-EqualTreatment","testmod-LifeArmor","Frozen Egg 2","AutoVajin","UnarmedAttack8","DenO_Climax+1","PrometheusPower","Guide Book","Replay:Bottled Flurry","KamenRideAgito+1","UnarmedAttack1","DragShield","Good Instincts","Happy Flower","Bottled Tornado","Grinning Jar","Lantern","DragClaw","Master of Strategy","Replay:Bottled Snecko","UnarmedAttack1","UnarmedAttack9","aspiration:FrozenJewel","testmod-Hope","UnarmedAttack1","UnarmedAttack9","UnarmedAttack1","testmod-FatalChain","FormRideGaruru+1","Dramatic Entrance","vexMod:ImprovementManual","testmod-TurbochargingSystem","UnarmedAttack1","REME_PuzzleBoxRelic","Kuuga_GouramAttack"],"campfire_rested":0,"item_purchase_floors":[2,2,2,2,3,3,3,3,3,3,11,11,11,15,15,15,23,23,23,23,23,23,27,27,27,27,28,28,28,28,30,30,30,30,30,30,32,37,37,37,39,39,39,41,41,41,47,47,47,47,49,49,52,52,53,53],"current_hp_per_floor":[100,100,100,100,100,100,100,100,100,100,100,100,98,100,106,106,106,106,106,106,106,106,106,104,104,104,104,104,106,106,104,104,106,106,104,102,102,101,101,106,106,106,106,104,104,101,101,106,106,106,106,106,106,104,106],"gold":2688,"neow_bonus":"ONE_RANDOM_RARE_CARD","is_daily":false,"chose_seed":false,"campfire_upgraded":0,"win_rate":0.0,"timestamp":1609430340,"path_taken":["M","?","$","M","M","E","?","R","T","M","R","?","M","M","R","BOSS","M","M","?","M","?","R","E","R","T","R","$","E","$","E","R","BOSS","M","M","$","?","$","E","R","E","T","M","M","E","R","M","R","BOSS","R","$","E","BOSS"],"items_purchased_type":["Card","Card","Relic","Relic","Relic","Card","Card","Card","Card","Relic","Relic","Relic","Relic","Relic","Relic","Card","Relic","Card","Card","Card","Relic","Relic","Relic","Relic","Card","Card","Card","Card","Relic","Relic","Card","Card","Card","Card","Relic","Relic","Relic","Relic","Card","Card","Relic","Card","Card","Relic","Relic","Card","Card","Card","Relic","Card","Card","Relic","Relic","Card","Relic","Card"],"build_version":"2020-12-22","purchased_purges":9,"victory":true,"max_hp_per_floor":[100,100,100,100,100,100,100,100,100,100,100,100,100,100,106,106,106,106,106,106,106,106,106,106,106,106,106,106,106,106,106,106,106,106,106,106,106,106,106,106,106,106,106,106,106,106,106,106,106,106,106,106,106,106,106],"relic_stats":{"Nunchaku":[7],"Happy Flower":[9],"counters":[27,48],"Bronze Scales":[26],"PreservedInsect":252,"HandDrill":[26],"obtain_stats":[{"ReplayTheSpireMod:Ring of Exchange":12,"aspiration:Lifesprig":11,"Lantern":37,"vexMod:MemoryStick":43,"Calipers":2,"testmod-EqualTreatment":23,"Decadriver":0,"testmod-LifeArmor":27,"Bottled Tornado":30,"Sling":11,"Ring of Searing":12,"testmod-Fanaticism":0,"Nunchaku":26,"DollysMirror":3,"WingedGreaves":23,"HandDrill":15,"Replay:Bottled Flurry":28,"Replay:Bottled Snecko":39,"Replay:Bottled Eggs":42,"Runic Pyramid":17,"testmod-Muramasa":46,"testmod-TestBox":0,"Happy Flower":30,"vexMod:ScavengeHelm":11,"Counterbalance":3,"Guide Book":28,"testmod-FatalChain":47,"Oddly Smooth Stone":54,"vexMod:BerryBomb":15,"PreservedInsect":40,"vexMod:PaidLearning":2,"TOEIDeficitBill":0,"testmod-TurbochargingSystem":52,"Frozen Egg 2":27,"testmod-Justice":31,"aspiration:FrozenJewel":41,"Bronze Scales":6,"testmod-Hope":41,"ChewingGum":23,"Bag of Marbles":20,"Membership Card":34,"Grinning Jar":32,"REME_PuzzleBoxRelic":53,"vexMod:ImprovementManual":49,"REME_ComplimentaryCards":0},{"ReplayTheSpireMod:Ring of Exchange":5,"aspiration:Lifesprig":5,"Lantern":17,"vexMod:MemoryStick":20,"Calipers":1,"testmod-EqualTreatment":11,"Decadriver":0,"testmod-LifeArmor":12,"Bottled Tornado":13,"Sling":5,"Ring of Searing":5,"testmod-Fanaticism":0,"Nunchaku":12,"DollysMirror":1,"WingedGreaves":11,"HandDrill":7,"Replay:Bottled Flurry":12,"Replay:Bottled Snecko":18,"Replay:Bottled Eggs":20,"Runic Pyramid":8,"testmod-Muramasa":23,"testmod-TestBox":0,"Happy Flower":13,"vexMod:ScavengeHelm":5,"Counterbalance":1,"Guide Book":12,"testmod-FatalChain":23,"Oddly Smooth Stone":26,"vexMod:BerryBomb":7,"PreservedInsect":19,"vexMod:PaidLearning":1,"TOEIDeficitBill":0,"testmod-TurbochargingSystem":25,"Frozen Egg 2":12,"testmod-Justice":14,"aspiration:FrozenJewel":19,"Bronze Scales":4,"testmod-Hope":19,"ChewingGum":11,"Bag of Marbles":10,"Membership Card":15,"Grinning Jar":14,"REME_PuzzleBoxRelic":25,"vexMod:ImprovementManual":24,"REME_ComplimentaryCards":0},{"ReplayTheSpireMod:Ring of Exchange":8,"aspiration:Lifesprig":8,"Lantern":25,"vexMod:MemoryStick":34,"Calipers":2,"testmod-EqualTreatment":16,"Decadriver":0,"testmod-LifeArmor":17,"Bottled Tornado":19,"Sling":8,"Ring of Searing":8,"testmod-Fanaticism":0,"Nunchaku":17,"DollysMirror":2,"WingedGreaves":16,"HandDrill":10,"Replay:Bottled Flurry":17,"Replay:Bottled Snecko":27,"Replay:Bottled Eggs":34,"Runic Pyramid":12,"testmod-Muramasa":38,"testmod-TestBox":0,"Happy Flower":19,"vexMod:ScavengeHelm":8,"Counterbalance":2,"Guide Book":17,"testmod-FatalChain":38,"Oddly Smooth Stone":45,"vexMod:BerryBomb":10,"PreservedInsect":32,"vexMod:PaidLearning":2,"TOEIDeficitBill":0,"testmod-TurbochargingSystem":44,"Frozen Egg 2":17,"testmod-Justice":20,"aspiration:FrozenJewel":32,"Bronze Scales":6,"testmod-Hope":32,"ChewingGum":16,"Bag of Marbles":15,"Membership Card":22,"Grinning Jar":20,"REME_PuzzleBoxRelic":44,"vexMod:ImprovementManual":41,"REME_ComplimentaryCards":0}]},"card_choices":[{"not_picked":["AttackRide","Blade_Mach"],"picked":"DenO_Ax","floor":1.0},{"not_picked":["FormRideTitan","FormRideBasshaa"],"picked":"PrometheusPower","floor":1.0},{"not_picked":["DenO_Gun","FormRideStorm","FormRideBasshaa"],"picked":"SKIP","floor":4.0},{"not_picked":["DenO_Gun","Decade_Dash2"],"picked":"Decade_Defend3","floor":5.0},{"not_picked":["FormRidePegasus","UnarmedAttack8"],"picked":"AutoVajin","floor":6.0},{"not_picked":["FormRideGaruru","FormRideDogga"],"picked":"DenO_Ax","floor":10.0},{"not_picked":["DenO_Rod","KamenRideKiva"],"picked":"UnarmedAttack7","floor":13.0},{"not_picked":["RideBooker_Skill_1","Blade_Slash"],"picked":"UnarmedAttack3","floor":13.0},{"not_picked":["FormRideTitan","FormRideJack"],"picked":"AutoVajin","floor":14.0},{"not_picked":["Hibiki_FEVER","Kiva_Swallow"],"picked":"DenO_Climax","floor":16.0},{"not_picked":["KamenRideRyuki","KamenRideAgito"],"picked":"AutoVajin+1","floor":18.0},{"not_picked":["Blade_Beat","RideBooker_Skill_1"],"picked":"DragClaw","floor":19.0},{"not_picked":["Blade_Beat","DenO_Gun"],"picked":"DenO_Rod+1","floor":19.0},{"not_picked":["Hibiki_FEVER","Blade_Slash"],"picked":"UnarmedAttack4","floor":29.0},{"not_picked":["Hibiki_Attack2","FormRideDogga"],"picked":"Decade_Dash1","floor":31.0},{"not_picked":["Hibiki_FEVER","Kiva_Swallow"],"picked":"Kuuga_Rising","floor":33.0},{"not_picked":["FormRideBasshaa","UnarmedAttack7+1"],"picked":"PrometheusPower+1","floor":35.0},{"not_picked":["Dragreder","Decade_Dash2"],"picked":"UnarmedAttack4+1","floor":35.0},{"not_picked":["FormRideBasshaa","FormRideFlame"],"picked":"Decade_Defend2+1","floor":36.0},{"not_picked":["FormRideJack","FormRideStorm"],"picked":"Decade_Dash2","floor":38.0},{"not_picked":["DragClaw","RideBooker"],"picked":"AutoVajin+1","floor":38.0},{"not_picked":["UnarmedAttack6","FormRideFlame"],"picked":"NMDAZYYGL","floor":40.0},{"not_picked":["FormRideDogga+1","RideBooker_Skill_2"],"picked":"DenO_Ax+1","floor":40.0},{"not_picked":["AttackRide","FormRideFlame"],"picked":"Decade_Defend2","floor":42.0},{"not_picked":["RideBooker_Skill_2","KamenRideKiva+1"],"picked":"PrometheusPower+1","floor":44.0},{"not_picked":["RideBooker_Skill_3+1","FormRideBasshaa"],"picked":"Blade_Slash+1","floor":45},{"not_picked":["Kiva_Bats","UnarmedAttack9"],"picked":"DenO_Sword+1","floor":48}],"player_experience":89664,"relics_obtained":[{"floor":6.0,"key":"Bronze Scales"},{"floor":12.0,"key":"ReplayTheSpireMod:Ring of Exchange"},{"floor":12.0,"key":"Ring of Searing"},{"floor":26.0,"key":"Nunchaku"},{"floor":31.0,"key":"testmod-Justice"},{"floor":40.0,"key":"PreservedInsect"},{"floor":42.0,"key":"Replay:Bottled Eggs"},{"floor":43.0,"key":"vexMod:MemoryStick"},{"floor":46,"key":"testmod-Muramasa"},{"floor":54,"key":"Oddly Smooth Stone"}],"event_choices":[{"damage_healed":0.0,"max_hp_gain":0.0,"max_hp_loss":0.0,"gold_gain":0.0,"event_name":"给自己的盒子","player_choice":"Ignored","floor":7.0,"gold_loss":0.0,"damage_taken":0.0},{"damage_healed":0.0,"max_hp_gain":0.0,"max_hp_loss":0.0,"gold_gain":0.0,"event_name":"Addict","player_choice":"Obtained Relic","floor":20.0,"gold_loss":85.0,"damage_taken":0.0,"relics_obtained":["Bag of Marbles"]},{"cards_removed":["DenO_Ax"],"damage_healed":5.0,"max_hp_gain":0.0,"max_hp_loss":0.0,"gold_gain":0.0,"event_name":"Bonfire Elementals","player_choice":"Offered Common","floor":22.0,"gold_loss":0.0,"damage_taken":0.0},{"cards_removed":["DenO_Ax"],"damage_healed":5.0,"max_hp_gain":0.0,"max_hp_loss":0.0,"gold_gain":0.0,"event_name":"Bonfire Elementals","player_choice":"Offered Special","floor":22.0,"gold_loss":0.0,"damage_taken":0.0}],"is_beta":false,"boss_relics":[{"not_picked":["Replay:Drink Me","Replay:Grab Bag"],"picked":"Runic Pyramid"},{"not_picked":["ReplayTheSpireMod:CursedCoin","vexMod:MysteryBossChallenge"],"picked":"Membership Card"}],"items_purged_floors":[11,15,15,23,23,23,30,30,30],"is_endless":false,"potions_floor_spawned":[6,14,16,19,21,24,33,35,38,40,46,48,54],"ascension_level":6}}