{"host":"b0hh64pqctf46s8m","time":1609445572,"event":{"mods":["Act Like it!","Aspiration","BaseMod","Bestiary","Better Third Choice","CCEM","CapriCore","ChefMod","Conspire","Curses Come First","Displayed Cursed Tome","Dota2Spire","Downfall","Ekko","Elementarium","Evolution","Fireblade Mod","Halation","Hallownest","Hermit","Hubris","Infinite Spire","Jess\u0027s Bottle","JesterMod","Jorbs\u0027s Wanderer Trilogy","Koishi","Kratos Character Expansion","Lobotomy","Luminous","Mari Mod (Legacy)","Mari\u0027s V1 Patch","Menagerie","Mimic Mod","Minty Spire (QoL Compilation)","Pale of the Ancients","Permanent Neow","Pikachu Mod","QueenMod","Random Character Button","Relic Sorter","Relic Stats","Replay The Spire","Robot Space Explorer","Shade Mod","StSLib","The Blue Laboratory","The Caster","The Dragon Tamer","The Hayseed","The Immortal","The Marked","TheLocksmith","TheSwordswoman","TheVacant","TheWitcher","Treasure Hunter","UnlockEverythingMod","Wandering Minibosses","vexMod","??????REMEMod"],"gold_per_floor":[110,110,110,110,110,110,144,5,5,32,43,58,8,122,122,122,122],"floor_reached":16,"playtime":771,"items_purged":[],"score":118,"play_id":"d9614164-f320-4766-a5f2-5c9ee458a01e","local_time":"20201231121252","is_ascension_mode":false,"campfire_choices":[{"data":"Koishi:HauntingSlash","floor":6,"key":"SMITH"},{"data":"Koishi:ImGoingToCallYouNow","floor":15,"key":"SMITH"}],"circlet_count":0,"master_deck":["Koishi:BasicStrike","Koishi:BasicStrike+1","Koishi:BasicStrike","Koishi:BasicStrike+1","Koishi:BasicDefend","Koishi:BasicDefend","Koishi:BasicDefend","Koishi:BasicDefend","Koishi:Provoke","Koishi:HauntingSlash+1","SpiderBud","Koishi:PhantomStrike","Koishi:BloodcurdlingScream","Koishi:ImGoingToCallYouNow+1","Koishi:StingingMind","Koishi:RacingHeart","Koishi:PhantomBarrier"],"relics":["Koishi:ImaginaryFriend","hubris:Icosahedron","halation:VictoryRuler","EVO:Axolotl","REME_ComplimentaryCards","CogitoBucket","infinitespire:Bottled Soul","Dota2Spire:DivineRapier","Hallownest:DreamNailRelic","hubris:MedicalManual","Dota2Spire:ArmletOfMordiggian","Anchor","BackwardClock"],"acts_visited":["Hallownest:Greenpath"],"potions_floor_usage":[16],"damage_taken":[{"damage":5,"enemies":"2_ Uuma","floor":1,"turns":7},{"damage":6,"enemies":"Hallownest:eliteVengeflyKing","floor":7,"turns":7},{"damage":29,"enemies":"Hallownest:eliteCrystalGuardian","floor":10,"turns":4},{"damage":2,"enemies":"Hallownest:2_Tiktiks_and_1_Crawlid","floor":11,"turns":4},{"damage":12,"enemies":"Hallownest:monsterHuskWarrior","floor":12,"turns":2},{"damage":17,"enemies":"Hallownest:eliteMossKnight","floor":13,"turns":9},{"damage":17,"enemies":"Hallownest:Guard_and_Warrior","floor":14,"turns":3},{"damage":48,"enemies":"Hallownest:BossBrokenVessel","floor":16,"turns":8}],"seed_played":"6693075806457814738","potions_obtained":[{"floor":7,"key":"Doom Potion"},{"floor":14,"key":"AttackPotion"}],"is_trial":false,"path_per_floor":["M","?","?","?","?","R","E","$","T","E","M","M","E","M","R","B"],"character_chosen":"KOISHI","items_purchased":["Koishi:ImGoingToCallYouNow"],"campfire_rested":0,"item_purchase_floors":[8],"current_hp_per_floor":[58,48,48,48,48,48,60,60,60,43,49,43,58,46,46,0,0],"gold":122,"neow_bonus":"","is_daily":false,"chose_seed":false,"campfire_upgraded":2,"win_rate":0.0,"timestamp":1609445572,"path_taken":["M","?","?","?","?","R","E","$","T","E","M","?","E","M","R","BOSS"],"items_purchased_type":["Card"],"build_version":"2020-12-22","purchased_purges":0,"victory":false,"max_hp_per_floor":[60,60,60,60,60,60,60,60,60,60,60,60,60,60,60,60,60],"relic_stats":{"counters":[9,45],"obtain_stats":[{"BackwardClock":14,"Dota2Spire:ArmletOfMordiggian":10,"hubris:MedicalManual":7,"Hallownest:DreamNailRelic":5,"EVO:Axolotl":0,"CogitoBucket":0,"Anchor":13,"hubris:Icosahedron":4,"infinitespire:Bottled Soul":2,"halation:VictoryRuler":9,"Dota2Spire:DivineRapier":2,"Koishi:ImaginaryFriend":0,"REME_ComplimentaryCards":0},{"BackwardClock":8,"Dota2Spire:ArmletOfMordiggian":3,"hubris:MedicalManual":2,"Hallownest:DreamNailRelic":1,"EVO:Axolotl":0,"CogitoBucket":0,"Anchor":6,"hubris:Icosahedron":1,"infinitespire:Bottled Soul":1,"halation:VictoryRuler":2,"Dota2Spire:DivineRapier":1,"Koishi:ImaginaryFriend":0,"REME_ComplimentaryCards":0},{"BackwardClock":37,"Dota2Spire:ArmletOfMordiggian":18,"hubris:MedicalManual":14,"Hallownest:DreamNailRelic":7,"EVO:Axolotl":0,"CogitoBucket":0,"Anchor":33,"hubris:Icosahedron":7,"infinitespire:Bottled Soul":7,"halation:VictoryRuler":14,"Dota2Spire:DivineRapier":7,"Koishi:ImaginaryFriend":0,"REME_ComplimentaryCards":0}]},"card_choices":[{"not_picked":["OldLady","CrumblingArmor"],"picked":"SpiderBud","floor":1},{"not_picked":["Koishi:SubterraneanRose","Koishi:Possession"],"picked":"Koishi:PhantomStrike","floor":1},{"not_picked":["Koishi:VengefulSpirit","Koishi:Bloodlust"],"picked":"Koishi:BloodcurdlingScream","floor":7},{"not_picked":["TH:CursedSword","TH:EnergyPotion"],"picked":"SKIP","floor":7},{"not_picked":["TH:ElvenBoots","TH:CursedSword"],"picked":"SKIP","floor":9},{"not_picked":["Koishi:GrowingPain","Koishi:SpiritedAway"],"picked":"Koishi:StingingMind","floor":10},{"not_picked":["TH:TreasureMap","TH:BikiniMail"],"picked":"SKIP","floor":10},{"not_picked":["Koishi:BloodcurdlingScream","Koishi:DanmakuParanoia"],"picked":"Koishi:RacingHeart","floor":11},{"not_picked":["Koishi:FleetingPhantom","Koishi:FidgetySnatcher"],"picked":"Koishi:PhantomBarrier","floor":12},{"not_picked":["TH:PixieDust","TH:EnergyPotion"],"picked":"SKIP","floor":13},{"not_picked":["Koishi:EmbryosDream","Koishi:UnconsciousUprising","Koishi:StingingMind"],"picked":"SKIP","floor":13},{"not_picked":["Koishi:MassHysteria","Koishi:YoukaiPolygraph","Koishi:ParalyzingFear"],"picked":"SKIP","floor":14}],"player_experience":1478760,"relics_obtained":[{"floor":7,"key":"hubris:MedicalManual"},{"floor":9,"key":"halation:VictoryRuler"},{"floor":10,"key":"Dota2Spire:ArmletOfMordiggian"},{"floor":13,"key":"Anchor"}],"event_choices":[],"is_beta":false,"boss_relics":[],"items_purged_floors":[],"is_endless":false,"potions_floor_spawned":[7,14],"killed_by":"Hallownest:BossBrokenVessel","ascension_level":0}}