{"host":"J","time":1609444119,"event":{"mods":["AchievementEnabler","BaseMod","Block Reminder","Highlight Path","Minty Spire (QoL Compilation)","Permanent Neow","Quick Restart","Relic Stats","UnlockEverythingMod"],"gold_per_floor":[119,119,130,130,208,208,239,239,239,239,239],"floor_reached":10,"playtime":507,"items_purged":[],"score":178,"play_id":"210c02d8-dc16-425c-a5f2-d57d94124261","local_time":"20201231204839","is_ascension_mode":true,"campfire_choices":[{"data":"Neutralize","floor":6,"key":"SMITH"},{"data":"Catalyst","floor":8,"key":"SMITH"}],"circlet_count":0,"master_deck":["AscendersBane","Strike_G","Strike_G","Strike_G","Defend_G","Defend_G","Defend_G","Defend_G","Defend_G","Survivor","Neutralize+1","Flying Knee","Flying Knee","Catalyst+1"],"relics":["Ring of the Snake","NeowsBlessing","Pantograph","Meat on the Bone"],"acts_visited":["Exordium"],"potions_floor_usage":[],"damage_taken":[{"damage":0,"enemies":"2 Louse","floor":1,"turns":1},{"damage":0,"enemies":"Jaw Worm","floor":3,"turns":1},{"damage":0,"enemies":"Gremlin Nob","floor":7,"turns":1},{"damage":25,"enemies":"Lagavulin","floor":10,"turns":8}],"seed_played":"8526183980554663547","potions_obtained":[{"floor":1,"key":"EssenceOfSteel"}],"is_trial":false,"path_per_floor":["M","?","M","?","T","R","E","R","T","E"],"character_chosen":"THE_SILENT","items_purchased":[],"campfire_rested":0,"item_purchase_floors":[],"current_hp_per_floor":[59,59,59,52,52,52,52,52,52,27,27],"gold":239,"neow_bonus":"THREE_ENEMY_KILL","is_daily":false,"chose_seed":false,"campfire_upgraded":2,"win_rate":0.0,"timestamp":1609444119,"path_taken":["M","?","M","?","?","R","E","R","T","E"],"items_purchased_type":[],"build_version":"2020-12-18","purchased_purges":0,"victory":false,"max_hp_per_floor":[66,66,66,66,66,66,66,66,66,66,66],"relic_stats":{"counters":[4,11],"Pantograph":0,"obtain_stats":[{"NeowsBlessing":0,"Pantograph":5,"Ring of the Snake":0,"Meat on the Bone":7},{"NeowsBlessing":0,"Pantograph":2,"Ring of the Snake":0,"Meat on the Bone":3},{"NeowsBlessing":0,"Pantograph":2,"Ring of the Snake":0,"Meat on the Bone":3}],"Ring of the Snake":[8],"Meat on the Bone":0},"card_choices":[{"not_picked":["Calculated Gamble","Deflect"],"picked":"Flying Knee","floor":1},{"not_picked":["Concentrate","Expertise"],"picked":"Flying Knee","floor":3},{"not_picked":["Underhanded Strike","Poisoned Stab"],"picked":"Catalyst","floor":7}],"player_experience":240471,"relics_obtained":[{"floor":5,"key":"Pantograph"},{"floor":7,"key":"Meat on the Bone"}],"event_choices":[{"cards_removed":["Strike_G"],"damage_healed":0,"gold_gain":0,"player_choice":"Forget","damage_taken":0,"max_hp_gain":0,"max_hp_loss":0,"event_name":"Living Wall","floor":2,"gold_loss":0},{"cards_removed":["Strike_G"],"damage_healed":0,"gold_gain":0,"player_choice":"Card Removal","damage_taken":7,"max_hp_gain":0,"max_hp_loss":0,"event_name":"Golden Wing","floor":4,"gold_loss":0}],"is_beta":true,"boss_relics":[],"items_purged_floors":[],"is_endless":false,"potions_floor_spawned":[1],"killed_by":"Lagavulin","ascension_level":20}}