{"host":"7yxt37kap0q16lk4","time":1609448473,"event":{"mods":["2.2 Compatiblity","Act Like it!","BaseMod","Better Third Choice","Better-Laid Plans","Colored Map","Custom Start","Highlight Path","Keyboard Shortcuts","Minty Spire (QoL Compilation)","Quick Restart","Rare Cards Sparkle","Relic Stats","Shop Mod","Slay the Relics Exporter","StSLib","SuperFastMode"],"gold_per_floor":[2116,2116,1417,1429,1440,1440,1474,1484,1484,1484,1510,1526,1544,1576,1576,1649,1649,1666,1716,1616,893,893,893,925,925,975,635,660,674,689,1845,1845,1921,1921,1935,1506,1520,1537,1537,1537,1537,1568,1615,1635,1635,1650,1685,1136,1136,1136,1136,1136,1136,773,804,804,804],"floor_reached":56,"playtime":1391,"items_purged":["Strike_B","Strike_B","Strike_B","Defend_B","Defend_B","Defend_B","Defend_B"],"score":2036,"play_id":"614367b0-3b35-49cc-bf99-ba34a794b78c","local_time":"20210101060113","is_ascension_mode":true,"campfire_choices":[{"data":"Zap","floor":6,"key":"SMITH"},{"data":"Beam Cell","floor":10,"key":"SMITH"},{"data":"Capacitor","floor":15,"key":"SMITH"},{"floor":23,"key":"RECALL"},{"floor":25,"key":"REST"},{"data":"Undo","floor":32,"key":"SMITH"},{"floor":40,"key":"REST"},{"floor":45,"key":"REST"},{"floor":49,"key":"REST"},{"floor":53,"key":"REST"}],"circlet_count":0,"master_deck":["AscendersBane","Zap+1","Dualcast","Cold Snap","Undo+1","Panacea+1","Conserve Battery+1","Redo+1","Undo+1","Fusion+1","Beam Cell+1","Ball Lightning","Conserve Battery+1","Conserve Battery+1","Capacitor+1","Sweeping Beam","Biased Cognition","Coolheaded+1","Apotheosis+1","Chill+1","Defragment","Electrodynamics","Defragment","Skim+1","Consume+1","Biased Cognition","Capacitor","Amplify+1","Defragment","Heatsinks","Double Energy+1","Loop","Finesse+1","Stack+1","Heatsinks","Meteor Strike","Dark Shackles+1","Storm+1"],"relics":["Cracked Core","NeowsBlessing","Toxic Egg 2","OrangePellets","Bottled Flame","Tiny Chest","Du-Vu Doll","Runic Dome","Question Card","GremlinMask","Mercury Hourglass","Bag of Preparation","Anchor","DataDisk","DollysMirror","Gremlin Horn","Toy Ornithopter","Philosopher\u0027s Stone","Juzu Bracelet","Smiling Mask","Akabeko","Shuriken","Membership Card","PreservedInsect","Ornamental Fan","Bottled Tornado","Blood Vial"],"acts_visited":["Exordium","TheCity","TheBeyond","TheEnding"],"potions_floor_usage":[7,16,20,50,56],"damage_taken":[{"damage":0,"enemies":"Small Slimes","floor":1,"turns":1},{"damage":0,"enemies":"Cultist","floor":4,"turns":1},{"damage":0,"enemies":"2 Louse","floor":5,"turns":1},{"damage":12,"enemies":"3 Sentries","floor":7,"turns":14},{"damage":0,"enemies":"Red Slaver","floor":8,"turns":5},{"damage":10,"enemies":"Lagavulin","floor":11,"turns":7},{"damage":2,"enemies":"2 Fungi Beasts","floor":12,"turns":4},{"damage":10,"enemies":"Exordium Thugs","floor":13,"turns":5},{"damage":18,"enemies":"3 Sentries","floor":14,"turns":8},{"damage":9,"enemies":"Hexaghost","floor":16,"turns":13},{"damage":6,"enemies":"Shell Parasite","floor":18,"turns":6},{"damage":13,"enemies":"2 Thieves","floor":20,"turns":5},{"damage":15,"enemies":"Book of Stabbing","floor":24,"turns":7},{"damage":0,"enemies":"Centurion and Healer","floor":29,"turns":6},{"damage":4,"enemies":"Snake Plant","floor":30,"turns":3},{"damage":20,"enemies":"Collector","floor":33,"turns":6},{"damage":0,"enemies":"3 Shapes","floor":35,"turns":4},{"damage":1,"enemies":"3 Darklings","floor":37,"turns":3},{"damage":25,"enemies":"Writhing Mass","floor":38,"turns":4},{"damage":16,"enemies":"Reptomancer","floor":42,"turns":4},{"damage":0,"enemies":"Jaw Worm Horde","floor":44,"turns":3},{"damage":0,"enemies":"3 Darklings","floor":46,"turns":4},{"damage":0,"enemies":"Giant Head","floor":47,"turns":9},{"damage":46,"enemies":"Awakened One","floor":50,"turns":8},{"damage":16,"enemies":"Time Eater","floor":51,"turns":8},{"damage":30,"enemies":"Shield and Spear","floor":55,"turns":6},{"damage":49,"enemies":"The Heart","floor":56,"turns":2}],"seed_played":"6577876787506173521","potions_obtained":[{"floor":5,"key":"Fire Potion"},{"floor":7,"key":"EssenceOfSteel"},{"floor":13,"key":"Dexterity Potion"},{"floor":24,"key":"DuplicationPotion"},{"floor":37,"key":"LiquidBronze"},{"floor":46,"key":"DuplicationPotion"}],"is_trial":false,"path_per_floor":["M","?","$","M","M","R","E","M","T","R","E","M","M","E","R","B",null,"M","?","M","$","?","R","E","R","T","$","T","M","M","$","R","B",null,"M","$","M","M","?","R","?","E","T","M","R","M","E","$","R","B","B",null,"R","$","E","B"],"character_chosen":"DEFECT","items_purchased":["Toxic Egg 2","OrangePellets","Panacea+1","Conserve Battery+1","Redo+1","Apotheosis+1","Question Card","Chill+1","Defragment","Defragment","Anchor","DollysMirror","Gremlin Horn","Toy Ornithopter","Capacitor","Defragment","Juzu Bracelet","Membership Card","PreservedInsect","Ornamental Fan","Loop","Finesse+1","Stack+1","Bottled Tornado","Heatsinks","Meteor Strike","FocusPotion","Dark Shackles+1"],"campfire_rested":5,"item_purchase_floors":[3,3,3,3,3,21,21,21,21,27,27,31,31,31,31,36,36,48,48,48,48,48,48,54,54,54,54,54],"current_hp_per_floor":[64,64,64,64,64,64,52,52,52,52,42,40,30,12,12,3,54,48,48,35,35,35,35,20,41,41,41,41,41,37,37,37,17,58,58,58,57,32,32,53,53,37,37,37,57,57,57,57,67,26,10,53,67,67,37,0,0],"gold":804,"neow_bonus":"THREE_ENEMY_KILL","is_daily":false,"chose_seed":false,"campfire_upgraded":4,"win_rate":0.0,"timestamp":1609448473,"path_taken":["M","?","$","M","M","R","E","M","T","R","E","M","?","E","R","BOSS","M","?","M","$","?","R","E","R","T","$","?","M","?","$","R","BOSS","M","$","M","M","?","R","?","E","T","M","R","M","E","$","R","BOSS","BOSS","R","$","E","BOSS"],"items_purchased_type":["Relic","Relic","Card","Card","Card","Card","Relic","Card","Card","Card","Relic","Relic","Relic","Relic","Card","Card","Relic","Relic","Relic","Relic","Card","Card","Card","Relic","Card","Card","Potion","Card"],"build_version":"2020-12-22","purchased_purges":7,"victory":false,"max_hp_per_floor":[71,71,71,71,71,71,71,71,71,71,71,71,71,71,71,71,71,71,71,71,71,71,71,71,71,71,71,71,71,71,71,71,71,71,71,71,71,71,71,71,67,67,67,67,67,67,67,67,67,67,67,67,67,67,67,67,67],"relic_stats":{"Gremlin Horn":[14,16],"counters":[27,145],"PreservedInsect":77,"Bag of Preparation":[28],"Juzu Bracelet":0,"Question Card":12,"Smiling Mask":113,"Mercury Hourglass":[295],"Blood Vial":2,"OrangePellets":[27],"Shuriken":[1],"Ornamental Fan":[4],"Tiny Chest":1,"obtain_stats":[{"Gremlin Horn":31,"GremlinMask":22,"Bag of Preparation":26,"Juzu Bracelet":36,"Bottled Tornado":54,"Smiling Mask":42,"Blood Vial":55,"DollysMirror":31,"Tiny Chest":11,"Philosopher\u0027s Stone":34,"Toxic Egg 2":3,"Cracked Core":0,"NeowsBlessing":0,"PreservedInsect":48,"Question Card":21,"Akabeko":43,"Mercury Hourglass":24,"Du-Vu Doll":14,"OrangePellets":3,"Runic Dome":17,"Bottled Flame":7,"Anchor":27,"DataDisk":28,"Shuriken":47,"Ornamental Fan":48,"Membership Card":48,"Toy Ornithopter":31},{"Gremlin Horn":15,"GremlinMask":12,"Bag of Preparation":13,"Juzu Bracelet":17,"Bottled Tornado":25,"Smiling Mask":20,"Blood Vial":26,"DollysMirror":15,"Tiny Chest":6,"Philosopher\u0027s Stone":16,"Toxic Egg 2":1,"Cracked Core":0,"NeowsBlessing":0,"PreservedInsect":23,"Question Card":12,"Akabeko":20,"Mercury Hourglass":13,"Du-Vu Doll":9,"OrangePellets":1,"Runic Dome":10,"Bottled Flame":4,"Anchor":13,"DataDisk":13,"Shuriken":23,"Ornamental Fan":23,"Membership Card":23,"Toy Ornithopter":15},{"Gremlin Horn":86,"GremlinMask":70,"Bag of Preparation":77,"Juzu Bracelet":95,"Bottled Tornado":138,"Smiling Mask":106,"Blood Vial":143,"DollysMirror":86,"Tiny Chest":29,"Philosopher\u0027s Stone":92,"Toxic Egg 2":1,"Cracked Core":0,"NeowsBlessing":0,"PreservedInsect":122,"Question Card":70,"Akabeko":106,"Mercury Hourglass":77,"Du-Vu Doll":46,"OrangePellets":1,"Runic Dome":59,"Bottled Flame":17,"Anchor":77,"DataDisk":77,"Shuriken":122,"Ornamental Fan":122,"Membership Card":122,"Toy Ornithopter":86}],"Toy Ornithopter":10},"card_choices":[{"not_picked":["Steam","Scrape"],"picked":"Cold Snap","floor":1},{"not_picked":["Streamline","Cold Snap"],"picked":"Undo+1","floor":4},{"not_picked":["Rebound","Auto Shields+1"],"picked":"Fusion+1","floor":5},{"not_picked":["Go for the Eyes","Amplify+1"],"picked":"Beam Cell","floor":7},{"not_picked":["Rebound","Reprogram+1"],"picked":"Ball Lightning","floor":8},{"not_picked":["Turbo+1","Lockon"],"picked":"Conserve Battery+1","floor":11},{"not_picked":["Barrage","Blizzard"],"picked":"Conserve Battery+1","floor":12},{"not_picked":["Skim+1","Sunder"],"picked":"Capacitor","floor":13},{"not_picked":["Cold Snap","Double Energy+1"],"picked":"Sweeping Beam","floor":14},{"not_picked":["Machine Learning","Electrodynamics"],"picked":"Biased Cognition","floor":16},{"not_picked":["Compile Driver","Defragment"],"picked":"Coolheaded+1","floor":18},{"not_picked":["Cold Snap","Static Discharge","Stack+1"],"picked":"SKIP","floor":20},{"not_picked":["BootSequence+1","Thunder Strike","Auto Shields+1"],"picked":"Electrodynamics","floor":24},{"not_picked":["Storm+1","Beam Cell","Coolheaded+1"],"picked":"Skim+1","floor":29},{"not_picked":["Turbo+1","Compile Driver","Multi-Cast+1"],"picked":"Consume+1","floor":30},{"not_picked":["Rainbow+1","Thunder Strike","All For One"],"picked":"Amplify+1","floor":33},{"not_picked":["Sweeping Beam","Rebound","Hologram+1","Consume+1"],"picked":"SKIP","floor":35},{"not_picked":["Self Repair","Steam+1","Static Discharge","Blizzard"],"picked":"SKIP","floor":37},{"not_picked":["Redo+1","Melter+1","Hologram+1","Chill+1"],"picked":"SKIP","floor":38},{"not_picked":["Static Discharge+1","Genetic Algorithm+1","Sweeping Beam"],"picked":"Heatsinks","floor":42},{"not_picked":["Gash","Chill+1","Blizzard"],"picked":"Double Energy+1","floor":44},{"not_picked":["Redo+1","Tempest+1","Compile Driver","Gash"],"picked":"SKIP","floor":46},{"not_picked":["Conserve Battery+1","Redo+1","Rebound","Turbo+1"],"picked":"SKIP","floor":47},{"not_picked":["Auto Shields+1","Static Discharge","Seek+1"],"picked":"Storm+1","floor":55}],"player_experience":1030890,"relics_obtained":[{"floor":7,"key":"Bottled Flame"},{"floor":11,"key":"Tiny Chest"},{"floor":14,"key":"Du-Vu Doll"},{"floor":24,"key":"Mercury Hourglass"},{"floor":26,"key":"Bag of Preparation"},{"floor":28,"key":"DataDisk"},{"floor":42,"key":"Smiling Mask"},{"floor":43,"key":"Akabeko"},{"floor":47,"key":"Shuriken"},{"floor":55,"key":"Blood Vial"}],"event_choices":[{"damage_healed":0,"gold_gain":0,"cards_transformed":["Strike_B"],"player_choice":"Transformed","damage_taken":0,"max_hp_gain":0,"max_hp_loss":0,"event_name":"Transmorgrifier","floor":2,"gold_loss":0,"cards_obtained":["Undo"]},{"damage_healed":0,"gold_gain":50,"player_choice":"Steal","damage_taken":0,"max_hp_gain":0,"max_hp_loss":0,"event_name":"betterThird:BetterNest","floor":19,"gold_loss":0},{"damage_healed":0,"gold_gain":0,"player_choice":"Trade","damage_taken":0,"relics_obtained":["GremlinMask"],"max_hp_gain":0,"max_hp_loss":0,"event_name":"FaceTrader","floor":22,"gold_loss":0},{"damage_healed":0,"gold_gain":0,"player_choice":"Ignored","damage_taken":0,"max_hp_gain":0,"max_hp_loss":0,"event_name":"The Moai Head","floor":39,"gold_loss":0},{"damage_healed":0,"gold_gain":0,"player_choice":"Max HP","damage_taken":0,"max_hp_gain":0,"max_hp_loss":4,"event_name":"Winding Halls","floor":41,"gold_loss":0}],"is_beta":false,"boss_relics":[{"not_picked":["Tiny House","Inserter"],"picked":"Runic Dome"},{"not_picked":["Calling Bell","Runic Pyramid"],"picked":"Philosopher\u0027s Stone"}],"items_purged_floors":[3,21,27,31,36,48,54],"is_endless":false,"potions_floor_spawned":[5,7,13,14,24,37,42,46,47],"killed_by":"The Heart","ascension_level":20}}