{"host":"2no1vwhhkhf0ohz3","time":1609413088,"event":{"mods":["AchievementEnabler","BaseMod","Colored Map","DeckTracker","Keyboard Shortcuts","Minty Spire (QoL Compilation)","Relic Stats","SuperFastMode"],"gold_per_floor":[111,61,61,76,2,30,50,50,50,50,60,135,135,135,135,231,231,242,242,257,272,272,272,272,272],"floor_reached":24,"playtime":267,"items_purged":[],"score":230,"play_id":"431ae2c8-e3d9-4696-ac85-cf1bcd5dc68b","local_time":"20201231201128","is_ascension_mode":true,"campfire_choices":[{"data":"Eruption","floor":8,"key":"SMITH"},{"data":"1","floor":13,"key":"LIFT"},{"data":"2","floor":15,"key":"LIFT"},{"data":"3","floor":23,"key":"LIFT"}],"circlet_count":0,"master_deck":["Strike_P","Strike_P","Strike_P","Defend_P","Defend_P","Defend_P","Eruption+1","Vigilance","Ragnarok","MentalFortress","Vault","Adaptation","Adaptation"],"relics":["PureWater","NeowsBlessing","Letter Opener","Darkstone Periapt","Girya","SacredBark"],"acts_visited":["Exordium","TheCity"],"potions_floor_usage":[16,16],"damage_taken":[{"damage":0,"enemies":"2 Louse","floor":1,"turns":1},{"damage":0,"enemies":"Jaw Worm","floor":4,"turns":1},{"damage":0,"enemies":"Lagavulin","floor":6,"turns":2},{"damage":3,"enemies":"Cultist","floor":7,"turns":3},{"damage":11,"enemies":"Blue Slaver","floor":11,"turns":3},{"damage":24,"enemies":"The Guardian","floor":16,"turns":4},{"damage":30,"enemies":"2 Thieves","floor":18,"turns":5},{"damage":11,"enemies":"Spheric Guardian","floor":20,"turns":5},{"damage":11,"enemies":"Snecko","floor":21,"turns":3},{"damage":8,"enemies":"Book of Stabbing","floor":24,"turns":4}],"seed_played":"-1631600243371417162","potions_obtained":[{"floor":1,"key":"SteroidPotion"},{"floor":11,"key":"Regen Potion"},{"floor":21,"key":"LiquidMemories"}],"is_trial":false,"path_per_floor":["M","?","T","M","$","E","M","R","T","?","M","?","R","?","R","B",null,"M","?","M","M","$","R","E"],"character_chosen":"WATCHER","items_purchased":["MentalFortress"],"campfire_rested":0,"item_purchase_floors":[5],"current_hp_per_floor":[72,72,72,72,72,72,69,69,69,74,63,52,52,45,45,33,77,47,47,36,25,25,25,17,17],"gold":272,"neow_bonus":"THREE_ENEMY_KILL","is_daily":false,"chose_seed":false,"campfire_upgraded":1,"win_rate":0.0,"timestamp":1609413088,"path_taken":["M","?","?","?","$","E","M","R","T","?","M","?","R","?","R","BOSS","M","?","?","M","$","R","E"],"items_purchased_type":["Card"],"build_version":"2020-12-22","purchased_purges":0,"victory":false,"max_hp_per_floor":[72,72,72,72,72,72,72,72,72,77,77,77,77,77,77,77,77,77,77,77,77,77,77,77,77],"relic_stats":{"Darkstone Periapt":0,"counters":[10,31],"Letter Opener":[0],"obtain_stats":[{"Darkstone Periapt":6,"Girya":9,"NeowsBlessing":0,"SacredBark":17,"Letter Opener":3,"PureWater":0},{"Darkstone Periapt":3,"Girya":4,"NeowsBlessing":0,"SacredBark":6,"Letter Opener":1,"PureWater":0},{"Darkstone Periapt":4,"Girya":7,"NeowsBlessing":0,"SacredBark":14,"Letter Opener":1,"PureWater":0}]},"card_choices":[{"not_picked":["Vengeance","JustLucky","ClearTheMind"],"picked":"SKIP","floor":1},{"not_picked":["SashWhip","BowlingBash"],"picked":"Ragnarok","floor":4},{"not_picked":["CarveReality","PathToVictory","BowlingBash"],"picked":"SKIP","floor":6},{"not_picked":["Fasting2","ThirdEye","DeceiveReality"],"picked":"SKIP","floor":7},{"not_picked":["FlyingSleeves","Protect","LikeWater"],"picked":"SKIP","floor":11},{"not_picked":["DeusExMachina","Alpha"],"picked":"Vault","floor":16},{"not_picked":["CutThroughFate","Consecrate"],"picked":"Adaptation","floor":18},{"not_picked":["Protect","ForeignInfluence","Meditate"],"picked":"SKIP","floor":20},{"not_picked":["FlurryOfBlows","Sanctity","Halt"],"picked":"SKIP","floor":21}],"player_experience":275231,"relics_obtained":[{"floor":3,"key":"Letter Opener"},{"floor":6,"key":"Darkstone Periapt"},{"floor":9,"key":"Girya"}],"event_choices":[{"cards_removed":["Strike_P"],"damage_healed":0,"gold_gain":0,"player_choice":"Card Removal","damage_taken":0,"max_hp_gain":0,"max_hp_loss":0,"event_name":"The Cleric","floor":2,"gold_loss":50},{"damage_healed":0,"gold_gain":0,"player_choice":"Donut","damage_taken":0,"max_hp_gain":5,"max_hp_loss":0,"event_name":"Big Fish","floor":10,"gold_loss":0},{"damage_healed":0,"gold_gain":75,"player_choice":"Gather Gold","damage_taken":11,"max_hp_gain":0,"max_hp_loss":0,"event_name":"World of Goop","floor":12,"gold_loss":0},{"cards_removed":["Defend_P"],"damage_healed":0,"gold_gain":0,"player_choice":"Card Removal","damage_taken":7,"max_hp_gain":0,"max_hp_loss":0,"event_name":"Golden Wing","floor":14,"gold_loss":0},{"damage_healed":0,"gold_gain":0,"player_choice":"Copied","damage_taken":0,"max_hp_gain":0,"max_hp_loss":0,"event_name":"Duplicator","floor":19,"gold_loss":0,"cards_obtained":["Adaptation"]}],"is_beta":false,"boss_relics":[{"not_picked":["Runic Dome","Cursed Key"],"picked":"SacredBark"}],"items_purged_floors":[],"is_endless":false,"potions_floor_spawned":[1,11,21],"killed_by":"Book of Stabbing","ascension_level":1}}