{"host":"089us5wx8446qekd","time":1609378913,"event":{"mods":["AchievementEnabler","BaseMod","Bestiary","Colored Powertips","Highlight Path","Minty Spire (QoL Compilation)"],"gold_per_floor":[113,34,34,34,34,59,71,71,122,122,151,151,151,171,171,266,266,284,295,65,83,83,83,113,40,40,40,40,40,40,52,52,148,148,163,0,0,0,0,29,44,69,115,115,126,126,37,55,55,55],"floor_reached":51,"playtime":4640,"items_purged":[],"score":913,"play_id":"7cbc1112-9fc0-488b-a94d-997b0b904ff1","local_time":"20201231024153","daily_mods":["Cursed Run","Purple Cards","Binary"],"is_ascension_mode":true,"campfire_choices":[{"data":"JustLucky","floor":8.0,"key":"SMITH"},{"data":"Bash","floor":12.0,"key":"SMITH"},{"data":"CarveReality","floor":15.0,"key":"SMITH"},{"data":"Seeing Red","floor":23.0,"key":"SMITH"},{"data":"Infernal Blade","floor":28.0,"key":"SMITH"},{"data":"Sword Boomerang","floor":32.0,"key":"SMITH"},{"data":"Violence","floor":44,"key":"SMITH"},{"data":"FlyingSleeves","floor":46,"key":"SMITH"},{"data":"Blood for Blood","floor":49,"key":"SMITH"}],"circlet_count":0,"master_deck":["Strike_R+1","Strike_R+1","Strike_R+1","Strike_R+1","Strike_R+1","Defend_R+1","Defend_R+1","Bash+1","JustLucky+1","CarveReality+1","FlyingSleeves+1","Injury","Injury","Thunderclap","Decay","Sword Boomerang+1","Regret","Immolate","Thunderclap","Seeing Red+1","Infernal Blade+1","Writhe","Shame","ForeignInfluence+1","Panacea","Forethought","Violence+1","Decay","Flex+1","Blood for Blood+1","Doubt"],"relics":["Cursed Key","Darkstone Periapt","Du-Vu Doll","Orichalcum","Vajra","Anchor","Eternal Feather","Dead Branch","Coffee Dripper","Red Skull","Paper Frog","Ancient Tea Set","MutagenicStrength","Astrolabe","Red Mask","Pen Nib","Toxic Egg 2","Akabeko"],"acts_visited":["Exordium","TheCity","TheBeyond"],"potions_floor_usage":[],"damage_taken":[{"damage":6.0,"enemies":"Small Slimes","floor":1.0,"turns":3.0},{"damage":11.0,"enemies":"Gremlin Nob","floor":6.0,"turns":3.0},{"damage":4.0,"enemies":"Jaw Worm","floor":7.0,"turns":2.0},{"damage":6.0,"enemies":"3 Sentries","floor":11.0,"turns":4.0},{"damage":0.0,"enemies":"Cultist","floor":14.0,"turns":1.0},{"damage":40.0,"enemies":"The Guardian","floor":16.0,"turns":6.0},{"damage":0.0,"enemies":"2 Thieves","floor":18.0,"turns":1.0},{"damage":2.0,"enemies":"Chosen","floor":19.0,"turns":2.0},{"damage":0.0,"enemies":"Centurion and Healer","floor":21.0,"turns":2.0},{"damage":23.0,"enemies":"Book of Stabbing","floor":24.0,"turns":4.0},{"damage":0.0,"enemies":"3 Cultists","floor":31.0,"turns":2.0},{"damage":23.0,"enemies":"Champ","floor":33.0,"turns":4.0},{"damage":23.0,"enemies":"3 Darklings","floor":35.0,"turns":3.0},{"damage":0.0,"enemies":"Giant Head","floor":40.0,"turns":2.0},{"damage":0.0,"enemies":"3 Shapes","floor":41.0,"turns":1.0},{"damage":0.0,"enemies":"Reptomancer","floor":42.0,"turns":2.0},{"damage":64,"enemies":"Transient","floor":45,"turns":5},{"damage":16,"enemies":"Sphere and 2 Shapes","floor":48,"turns":2},{"damage":45,"enemies":"Time Eater","floor":50,"turns":5}],"seed_played":"-5413499353749940995","potions_obtained":[{"floor":7.0,"key":"SpeedPotion"},{"floor":16.0,"key":"PowerPotion"},{"floor":21.0,"key":"SneckoOil"},{"floor":22.0,"key":"Weak Potion"},{"floor":22.0,"key":"Fire Potion"},{"floor":24.0,"key":"CultistPotion"},{"floor":31.0,"key":"LiquidMemories"}],"is_trial":true,"path_per_floor":["M","$","?","?","$","E","M","R","T","T","E","R","?","M","R","B",null,"M","M","$","M","?","R","E","$","T","?","R","$","?","M","R","B",null,"M","?","?","$","?","E","M","E","T","R","M","R","$","M","R","B",null],"character_chosen":"IRONCLAD","items_purchased":["CarveReality","Red Skull","Seeing Red","Infernal Blade","Flex+1","Blood for Blood"],"campfire_rested":0,"item_purchase_floors":[2,20,20,25,47,47],"current_hp_per_floor":[74,74,74,71,71,60,56,56,62,68,62,71,77,77,86,52,104,104,102,102,102,102,104,81,81,87,87,99,99,99,99,110,93,128,105,105,105,105,95,95,95,95,101,116,52,67,67,51,69,30],"gold":55,"neow_bonus":"","is_daily":false,"chose_seed":true,"campfire_upgraded":9,"win_rate":0.0,"timestamp":1609378913,"path_taken":["M","$","?","?","?","E","M","R","T","?","E","R","?","M","R","BOSS","M","?","$","M","?","R","E","?","T","?","R","$","?","M","R","BOSS","M","?","?","$","?","E","M","E","T","R","M","R","$","M","R","BOSS"],"items_purchased_type":["Card","Relic","Card","Card","Card","Card"],"build_version":"2020-12-22","purchased_purges":0,"victory":true,"max_hp_per_floor":[80,80,80,80,80,80,80,80,86,92,92,92,98,98,98,104,104,104,104,104,104,104,104,104,104,110,110,110,110,110,110,110,116,128,128,128,128,128,128,128,128,128,134,134,134,134,134,134,134,140],"card_choices":[{"not_picked":["Iron Wave"],"picked":"JustLucky","floor":1.0},{"not_picked":["FlurryOfBlows"],"picked":"FlyingSleeves","floor":6.0},{"not_picked":["Fasting2","PathToVictory"],"picked":"SKIP","floor":7.0},{"not_picked":["FlurryOfBlows"],"picked":"Thunderclap","floor":11.0},{"not_picked":["WheelKick"],"picked":"Sword Boomerang","floor":14.0},{"not_picked":["Omniscience"],"picked":"Immolate","floor":16.0},{"not_picked":["Spot Weakness"],"picked":"Thunderclap","floor":18.0},{"not_picked":["Pommel Strike","Meditate"],"picked":"SKIP","floor":19.0},{"not_picked":["Clothesline","Iron Wave"],"picked":"SKIP","floor":21.0},{"not_picked":["EmptyMind","Clothesline"],"picked":"SKIP","floor":24.0},{"not_picked":["Thunderclap","Tantrum"],"picked":"SKIP","floor":31.0},{"not_picked":["Prostrate+1","Shrug It Off+1"],"picked":"SKIP","floor":35.0},{"not_picked":["The Bomb"],"picked":"Panacea","floor":39.0},{"not_picked":["Purity"],"picked":"Forethought","floor":39.0},{"not_picked":["Deep Breath"],"picked":"Violence","floor":39.0},{"not_picked":["Metallicize+1","Fasting2"],"picked":"SKIP","floor":40.0},{"not_picked":["Perfected Strike","EmptyFist+1"],"picked":"SKIP","floor":41.0},{"not_picked":["Disarm+1","FearNoEvil"],"picked":"SKIP","floor":42.0},{"not_picked":["Sword Boomerang","Reckless Charge+1"],"picked":"SKIP","floor":45},{"not_picked":["Burning Pact+1","Swivel+1"],"picked":"SKIP","floor":48}],"player_experience":23473,"relics_obtained":[{"floor":6.0,"key":"Vajra"},{"floor":9.0,"key":"Anchor"},{"floor":10.0,"key":"Eternal Feather"},{"floor":11.0,"key":"Dead Branch"},{"floor":24.0,"key":"Paper Frog"},{"floor":26.0,"key":"Ancient Tea Set"},{"floor":40.0,"key":"Pen Nib"},{"floor":42.0,"key":"Toxic Egg 2"},{"floor":43.0,"key":"Akabeko"}],"event_choices":[{"damage_healed":0.0,"max_hp_gain":0.0,"max_hp_loss":0.0,"gold_gain":0.0,"event_name":"Golden Wing","player_choice":"Ignored","floor":3.0,"gold_loss":0.0,"damage_taken":0.0},{"damage_healed":0.0,"max_hp_gain":0.0,"max_hp_loss":0.0,"gold_gain":0.0,"event_name":"Scrap Ooze","player_choice":"Success","floor":4.0,"gold_loss":0.0,"damage_taken":3.0,"relics_obtained":["Orichalcum"]},{"damage_healed":0.0,"max_hp_gain":0.0,"max_hp_loss":0.0,"gold_gain":0.0,"event_name":"Wheel of Change","player_choice":"Cursed","floor":13.0,"gold_loss":0.0,"damage_taken":0.0,"cards_obtained":["Decay"]},{"damage_healed":0.0,"max_hp_gain":0.0,"max_hp_loss":0.0,"gold_gain":0.0,"event_name":"Lab","player_choice":"Got Potions","floor":22.0,"gold_loss":0.0,"damage_taken":0.0},{"damage_healed":0.0,"max_hp_gain":0.0,"max_hp_loss":0.0,"gold_gain":0.0,"event_name":"Back to Basics","player_choice":"Simplicity","floor":27.0,"gold_loss":0.0,"damage_taken":0.0,"cards_upgraded":["Strike_R","Strike_R","Strike_R","Strike_R","Strike_R","Defend_R","Defend_R","Defend_R","Defend_R"]},{"damage_healed":0.0,"max_hp_gain":0.0,"max_hp_loss":0.0,"gold_gain":0.0,"event_name":"Drug Dealer","player_choice":"Inject Mutagens","floor":30.0,"gold_loss":0.0,"damage_taken":0.0,"relics_obtained":["MutagenicStrength"]},{"damage_healed":0.0,"max_hp_gain":0.0,"max_hp_loss":0.0,"gold_gain":0.0,"event_name":"Tomb of Lord Red Mask","player_choice":"Paid","floor":36.0,"gold_loss":163.0,"damage_taken":0.0,"relics_obtained":["Red Mask"]},{"cards_removed":["Defend_R"],"damage_healed":0.0,"max_hp_gain":0.0,"max_hp_loss":0.0,"gold_gain":0.0,"event_name":"Falling","player_choice":"Removed Skill","floor":37.0,"gold_loss":0.0,"damage_taken":0.0},{"damage_healed":0.0,"max_hp_gain":0.0,"max_hp_loss":0.0,"gold_gain":0.0,"event_name":"SensoryStone","player_choice":"Memory 3","floor":39.0,"gold_loss":0.0,"damage_taken":10.0}],"is_beta":false,"boss_relics":[{"not_picked":["Runic Cube","Tiny House"],"picked":"Coffee Dripper"},{"not_picked":["Fusion Hammer","Snecko Eye"],"picked":"Astrolabe"}],"items_purged_floors":[],"is_endless":false,"potions_floor_spawned":[7,16,21,24,31,40,42,48],"ascension_level":1}}