{"host":"l9d4bclu8pwa3q15","time":1609408784,"event":{"mods":["Act Like it!","BaseMod","Better Altar","Better Match","Better Note","Better Sensory Stone","Better Skull","BetterRewards","Colored Map","Colored Powertips","Downfall","Emptier Cage","Gensokyo","GifTheSpireLib","Keyboard Shortcuts","Koishi","KomeijiMod","Lobotomy","LobotomyExtend","Minty Spire (QoL Compilation)","Quick Restart","Rare Cards Sparkle","Relic Sorter","Remilia_Scarlet Moed（蕾米莉亚・斯卡雷特）3.3.5","Replay The Spire","Spicy Shops","StSLib","The Alterego","UnlockEverythingMod","Waifu the Spire","WarShipGirlsR/战舰少女R mod","Yakumo Yukari mod","Youmu（魂魄妖梦）","Yuyuko"],"gold_per_floor":[99,115,126,146,146,146,169,204,204,129,140,140,152,0,20,117,117,117,133,133,233,118,118,118,118,31,31,46,46,46,46],"floor_reached":29,"playtime":1599,"items_purged":["Pride","Dazed"],"score":232,"play_id":"5b2e71b6-c368-4384-a8d8-41ead7829674","local_time":"20201231175944","is_ascension_mode":true,"campfire_choices":[{"data":"Slimebound:Split","floor":1,"key":"SMITH"},{"floor":6,"key":"RECALL"},{"floor":10,"key":"REST"},{"data":"Slimebound:FormOfPuddle","floor":12,"key":"SMITH"},{"data":"Slimebound:Darklings","floor":18,"key":"SMITH"}],"circlet_count":0,"master_deck":["Slimebound:Strike_Slimebound","Slimebound:Strike_Slimebound","Slimebound:Strike_Slimebound","Slimebound:Tackle","Slimebound:Defend_Slimebound","Slimebound:Defend_Slimebound","Slimebound:Defend_Slimebound","Slimebound:Defend_Slimebound","Slimebound:Split+1","Slimebound:CorrosiveSpit","Slimebound:GoopTackle+1","Slimebound:GoopSpray+1","Slimebound:LevelUp+1","Slimebound:FormOfPuddle+1","Slimebound:MassFeed","Slimebound:FormOfPuddle","Slimebound:SplitLeeching","Slimebound:Darklings+1","Slimebound:DisruptingSlam+1","Slimebound:MegaLick","Slimebound:Gluttony","Slimebound:Icky","Slimebound:Overexert","Slimebound:Darklings","Slimebound:SplitMire+1","Slimebound:AcidTongue"],"relics":["Slimebound:AbsorbEndCombat","LetterFromLob","WarpedTongs","Oddly Smooth Stone","Simple Rune","LaetitiaHeart","downfall:HeartBlessingRed","Sling","Cursed Key","Bloody Idol","Blood Vial","Replay:Arrowhead","Pantograph","Enchiridion","LaetitiaHeart"],"acts_visited":["Exordium","TheCity"],"potions_floor_usage":[16,21,13021,21],"damage_taken":[{"damage":12,"enemies":"Cultist","floor":2,"turns":3},{"damage":14,"enemies":"Small Slimes","floor":3,"turns":2},{"damage":28,"enemies":"Jaw Worm","floor":4,"turns":2},{"damage":22,"enemies":"Gremlin Nob","floor":8,"turns":3},{"damage":14,"enemies":"Exordium Thugs","floor":9,"turns":2},{"damage":21,"enemies":"Exordium Thugs","floor":9,"turns":2},{"damage":24,"enemies":"Exordium Thugs","floor":11,"turns":3},{"damage":15,"enemies":"Large Slime","floor":13,"turns":3},{"damage":20,"enemies":"downfall:FleeingMerchant","floor":14,"turns":4},{"damage":6,"enemies":"2 Fungi Beasts","floor":15,"turns":2},{"damage":39,"enemies":"downfall:Ironclad","floor":16,"turns":4},{"damage":26,"enemies":"Shell Parasite","floor":19,"turns":4},{"damage":33,"enemies":"Colosseum Nobs","floor":21,"turns":4},{"damage":23,"enemies":"downfall:FleeingMerchant","floor":22,"turns":4},{"damage":19,"enemies":"downfall:FleeingMerchant","floor":26,"turns":4},{"damage":33,"enemies":"Chosen and Byrds","floor":28,"turns":4},{"damage":22,"enemies":"Shelled Parasite and Fungi","floor":29,"turns":3}],"seed_played":"-12654824827449131","potions_obtained":[{"floor":2,"key":"FairyPotion"},{"floor":15,"key":"EssenceOfSteel"},{"floor":19,"key":"champ:CounterPotion"},{"floor":28,"key":"Elixir"}],"is_trial":false,"path_per_floor":["R","M","M","M","?","R","T","E","M","R","M","R","M","$","M","B",null,"R","M","?","?","$","?","T","?","$","?","M","M"],"character_chosen":"SLIMEBOUND","items_purchased":["Sling","Slimebound:SplitMire+1"],"campfire_rested":1,"item_purchase_floors":[14,26],"current_hp_per_floor":[66,66,64,44,44,44,44,42,31,50,42,42,43,39,40,45,73,73,71,21,37,40,24,24,24,27,27,17,0,0,0],"gold":46,"neow_bonus":"TEN_PERCENT_HP_BONUS","is_daily":false,"chose_seed":false,"campfire_upgraded":3,"win_rate":0.0,"timestamp":1609408784,"path_taken":["R","M","?","M","?","R","T","E","M","R","M","R","M","?","M","BOSS","R","M","?","?","$","?","T","?","$","?","M","?"],"items_purchased_type":["Relic","Card"],"build_version":"2020-12-22","purchased_purges":2,"victory":false,"max_hp_per_floor":[66,66,66,66,66,66,66,66,66,66,66,66,66,66,69,73,73,73,73,73,73,73,73,73,73,73,73,73,73,73,73],"card_choices":[{"not_picked":["Slimebound:FinishingTackle","Slimebound:Replication"],"picked":"Slimebound:GoopTackle","floor":2},{"not_picked":["Slimebound:ServeAndProtect","Slimebound:SlimeSpikes"],"picked":"Slimebound:GoopSpray","floor":3},{"not_picked":["Slimebound:ViciousTackle","Slimebound:SpikyOuterGoop"],"picked":"Slimebound:LevelUp","floor":4},{"not_picked":["Slimebound:SamplingLick","Slimebound:ComboTackle"],"picked":"Slimebound:ForwardTackle","floor":8},{"not_picked":["Slimebound:LeechingTouch","Slimebound:RollThrough"],"picked":"Slimebound:FormOfPuddle","floor":11},{"not_picked":["Slimebound:LeechEnergy","Slimebound:GoopSpray"],"picked":"Slimebound:MassFeed","floor":13},{"not_picked":["Slimebound:RejuvenatingLick","Slimebound:SlimeBarrage"],"picked":"Slimebound:FormOfPuddle","floor":14},{"not_picked":["Slimebound:DivideAndConquer","Slimebound:SlimeSpikes"],"picked":"Slimebound:SplitLeeching","floor":15},{"not_picked":["Slimebound:PrepareCrush","Slimebound:MinionMaster"],"picked":"Slimebound:Darklings","floor":16},{"not_picked":["Slimebound:SplitMire+1","Slimebound:ComboTackle"],"picked":"Slimebound:DisruptingSlam+1","floor":19},{"not_picked":["Slimebound:ItLooksTasty","Slimebound:Chomp+1"],"picked":"Slimebound:MegaLick","floor":21},{"not_picked":["Slimebound:SplitAcid","Slimebound:TongueLash"],"picked":"Slimebound:Gluttony","floor":22},{"not_picked":["Slimebound:ViciousTackle","Slimebound:SplitLeeching"],"picked":"Slimebound:Darklings","floor":26},{"not_picked":["Slimebound:FirmFortitude","Slimebound:PressTheAttack+1"],"picked":"Slimebound:AcidTongue","floor":28}],"player_experience":97196,"relics_obtained":[{"floor":2,"key":"LetterFromLob"},{"floor":7,"key":"Oddly Smooth Stone"},{"floor":8,"key":"Simple Rune"},{"floor":21,"key":"Replay:Arrowhead"},{"floor":21,"key":"Pantograph"},{"floor":23,"key":"Enchiridion"}],"event_choices":[{"damage_healed":0,"gold_gain":0,"player_choice":"Rummage","damage_taken":0,"relics_obtained":["WarpedTongs"],"max_hp_gain":0,"max_hp_loss":0,"event_name":"Accursed Blacksmith","floor":5,"gold_loss":0,"cards_obtained":["Pain"]},{"damage_healed":0,"gold_gain":0,"player_choice":" Idol Vial Potion ","damage_taken":74,"relics_obtained":["Bloody Idol","Blood Vial"],"max_hp_gain":71,"max_hp_loss":21,"event_name":"betterAltar:BetterAltar","floor":20,"potions_obtained":["betterAltar:AltarPotion"],"relics_lost":[],"gold_loss":0},{"damage_healed":0,"gold_gain":0,"player_choice":"Read","damage_taken":0,"max_hp_gain":0,"max_hp_loss":0,"event_name":"The Library","floor":25,"gold_loss":0,"cards_obtained":["Slimebound:Overexert"]}],"is_beta":false,"boss_relics":[{"not_picked":["Snecko Eye","ReplayTheSpireMod:DimensionalGlitch"],"picked":"Cursed Key"}],"items_purged_floors":[14,22],"is_endless":false,"potions_floor_spawned":[2,9,15,19,28],"killed_by":"Shelled Parasite and Fungi","ascension_level":1}}