{"host":"dk2z91z2zpxxiy2a","time":1609455273,"event":{"mods":["Act Like it!","Aspiration","BaseMod","BetterRewards","Colored Map","Colored Powertips","Conspire","DeckTracker","Energized Spire","Halation","Hermit","Hubris","Key Reminder","Minty Spire (QoL Compilation)","Relic Stats","Replay The Spire","Shop Mod","StSLib","The Bladedancer","The Necromancer"],"gold_per_floor":[119,134,59,69,82,82,111,111,111,111,111,143,153,153,153,248,248,263,61,61,20,40,72,42,42,42,74,88,103,103,115,115,213,213,223,236,253,253,253,280,280,66,66,76,86,114,0,31,31,31,31,31,31,64,64],"floor_reached":56,"playtime":3890,"items_purged":["blademaster:Defend","blademaster:Rupture"],"score":1790,"play_id":"ee6ec8a2-e90e-4139-bb61-365027ca6585","local_time":"20201231175433","is_ascension_mode":true,"campfire_choices":[{"floor":6.0,"key":"REST"},{"floor":8.0,"key":"REST"},{"data":"blademaster:Bloodbath","floor":11.0,"key":"SMITH"},{"data":"blademaster:Havoc","floor":15.0,"key":"SMITH"},{"data":"blademaster:DaggerAndCloak","floor":25.0,"key":"SMITH"},{"data":"blademaster:AncestralHealing","floor":30.0,"key":"SMITH"},{"data":"Consume_Illness","floor":32.0,"key":"SMITH"},{"data":"blademaster:EnchantedCuirass","floor":41,"key":"SMITH"},{"floor":49,"key":"RECALL"},{"data":"blademaster:SharpBlades","floor":52,"key":"SMITH"}],"circlet_count":0,"master_deck":["AscendersBane","blademaster:Strike","blademaster:Strike","blademaster:Strike","blademaster:Strike","blademaster:Defend","blademaster:Defend","blademaster:Defend","blademaster:RagingBlow","blademaster:HighVoltage","blademaster:FuriousStrike","blademaster:ParryingStrike","blademaster:ThunderingOpener","blademaster:Stability+1","blademaster:Flurry","blademaster:Bloodbath+1","Spectral_Armor","blademaster:Havoc+1","blademaster:EnchantedCuirass+1","blademaster:DaggerAndCloak+1","blademaster:AncestralHealing+1","blademaster:Gust","Life_Drain","Grasp_Heart","blademaster:AwakeningStrike","blademaster:AspectOfWind+1","Consume_Illness+1","blademaster:Flash","blademaster:Flurry","blademaster:Meditate+1","blademaster:TraverseCut+1","blademaster:ColdBlood","blademaster:EyeOfTheStorm","blademaster:ChargingUp+1","blademaster:SharpBlades+1","blademaster:AncestralHealing"],"relics":["blademaster:DancersAmulet","NeowsBlessing","Smiling Mask","Replay:WaspNest","hubris:DisguiseKit","Boot","Runic Pyramid","Replay:Wax Seal","Tiny Chest","ReplayTheSpireMod:Ninjato","Coffee Dripper","halation:PapillonHeart","Onion Ring","Blood Vial","Golden Egg","Red Mask","Gremlin Horn","Pet Ghost"],"acts_visited":["Exordium","TheCity","TheBeyond","TheEnding"],"potions_floor_usage":[40,50,50,55],"damage_taken":[{"damage":0.0,"enemies":"2 Louse","floor":1.0,"turns":1.0},{"damage":0.0,"enemies":"Jaw Worm","floor":2.0,"turns":1.0},{"damage":0.0,"enemies":"Small Slimes","floor":4.0,"turns":1.0},{"damage":47.0,"enemies":"Gremlin Gang","floor":5.0,"turns":6.0},{"damage":25.0,"enemies":"Gremlin Nob","floor":7.0,"turns":4.0},{"damage":15.0,"enemies":"Lagavulin","floor":12.0,"turns":7.0},{"damage":6.0,"enemies":"2 Fungi Beasts","floor":13.0,"turns":3.0},{"damage":36.0,"enemies":"Slime Boss","floor":16.0,"turns":8.0},{"damage":3.0,"enemies":"3 Byrds","floor":18.0,"turns":3.0},{"damage":25.0,"enemies":"Spheric Guardian","floor":22.0,"turns":6.0},{"damage":10.0,"enemies":"Gremlin Leader","floor":23.0,"turns":6.0},{"damage":44.0,"enemies":"conspire:SneckoGhost","floor":27.0,"turns":6.0},{"damage":1.0,"enemies":"conspire:HollyBat","floor":28.0,"turns":7.0},{"damage":0.0,"enemies":"3 Cultists","floor":29.0,"turns":5.0},{"damage":28.0,"enemies":"Snake Plant","floor":31.0,"turns":4.0},{"damage":46.0,"enemies":"Champ","floor":33.0,"turns":12.0},{"damage":23,"enemies":"Orb Walker","floor":35,"turns":4},{"damage":21,"enemies":"3 Shapes","floor":36,"turns":4},{"damage":26,"enemies":"Transient","floor":37,"turns":5},{"damage":45,"enemies":"Nemesis","floor":40,"turns":5},{"damage":1,"enemies":"Spire Growth","floor":44,"turns":3},{"damage":23,"enemies":"4 Shapes","floor":45,"turns":4},{"damage":0,"enemies":"Giant Head","floor":46,"turns":4},{"damage":17,"enemies":"Nemesis","floor":48,"turns":4},{"damage":81,"enemies":"conspire:OrnateMirror","floor":50,"turns":5},{"damage":34,"enemies":"Shield and Spear","floor":54,"turns":4},{"damage":95,"enemies":"The Heart","floor":55,"turns":5}],"seed_played":"2594634410761655522","potions_obtained":[{"floor":1.0,"key":"Fruit Juice"},{"floor":2.0,"key":"Languid Potion"},{"floor":12.0,"key":"DistilledChaos"},{"floor":16.0,"key":"Elixir"},{"floor":22.0,"key":"AttackPotion"},{"floor":24.0,"key":"Venom Potion"},{"floor":24.0,"key":"Doom Potion"},{"floor":40,"key":"Adrenaline Potion"},{"floor":45,"key":"LiquidBronze"}],"is_trial":false,"path_per_floor":["M","M","$","M","M","R","E","R","T","?","R","E","M","?","R","B",null,"M","$","?","$","M","E","?","R","T","E","M","M","R","M","R","B",null,"M","M","M","?","T","E","R","$","T","M","M","E","?","E","R","B",null,"R","$","E","B",null],"character_chosen":"THE_BLADEMASTER","items_purchased":["blademaster:ThunderingOpener","Replay:Wax Seal","blademaster:AncestralHealing","blademaster:Gust","blademaster:ColdBlood"],"campfire_rested":2,"item_purchase_floors":[3,19,19,21,42],"current_hp_per_floor":[73,73,73,73,26,50,25,49,49,49,49,40,40,40,40,10,63,66,66,66,66,68,70,70,70,70,56,67,79,79,76,76,72,78,67,69,62,62,62,45,45,45,45,61,65,76,76,76,76,59,72,72,72,76,44],"gold":64,"neow_bonus":"THREE_ENEMY_KILL","is_daily":false,"chose_seed":false,"campfire_upgraded":7,"win_rate":0.0,"timestamp":1609455273,"path_taken":["M","M","$","M","M","R","E","R","T","?","R","E","M","?","R","BOSS","M","$","?","$","M","E","?","R","T","E","?","M","R","M","R","BOSS","M","M","M","?","?","E","R","$","T","?","M","E","?","E","R","BOSS","R","$","E","BOSS"],"items_purchased_type":["Card","Relic","Card","Card","Card"],"build_version":"2020-12-22","purchased_purges":2,"victory":true,"max_hp_per_floor":[80,80,80,80,80,80,80,80,80,80,80,80,80,80,80,80,80,80,80,80,80,80,80,80,80,80,80,80,80,80,80,80,80,80,80,80,80,76,76,76,76,76,76,76,76,76,76,76,76,76,76,76,76,76,76],"relic_stats":{"Blood Vial":8,"Gremlin Horn":[2,2],"counters":[27,127],"Tiny Chest":1,"Smiling Mask":75,"Boot":[171],"obtain_stats":[{"Golden Egg":46,"halation:PapillonHeart":38,"Gremlin Horn":48,"Smiling Mask":7,"Boot":12,"Pet Ghost":54,"Blood Vial":40,"Tiny Chest":23,"blademaster:LightningChargePerk":46,"Red Mask":47,"blademaster:DextrousPerk":23,"blademaster:ComboEveryTurnPerk":54,"Replay:Wax Seal":19,"Runic Pyramid":17,"hubris:DisguiseKit":10,"ReplayTheSpireMod:Ninjato":27,"NeowsBlessing":0,"blademaster:BonusComboPerk":27,"Replay:WaspNest":9,"blademaster:RandomBladePerk":12,"keyreminder:keyreminder":23,"blademaster:FuryEveryTurnPerk":40,"blademaster:BleedingMoreDamagePerk":48,"Onion Ring":39,"blademaster:StanceHealPerk":7,"Coffee Dripper":34,"blademaster:DancersAmulet":0},{"Golden Egg":23,"halation:PapillonHeart":19,"Gremlin Horn":24,"Smiling Mask":5,"Boot":6,"Pet Ghost":26,"Blood Vial":20,"Tiny Chest":11,"blademaster:LightningChargePerk":23,"Red Mask":23,"blademaster:DextrousPerk":11,"blademaster:ComboEveryTurnPerk":26,"Replay:Wax Seal":9,"Runic Pyramid":8,"hubris:DisguiseKit":5,"ReplayTheSpireMod:Ninjato":12,"NeowsBlessing":0,"blademaster:BonusComboPerk":12,"Replay:WaspNest":5,"blademaster:RandomBladePerk":6,"keyreminder:keyreminder":11,"blademaster:FuryEveryTurnPerk":20,"blademaster:BleedingMoreDamagePerk":24,"Onion Ring":19,"blademaster:StanceHealPerk":5,"Coffee Dripper":16,"blademaster:DancersAmulet":0},{"Golden Egg":109,"halation:PapillonHeart":93,"Gremlin Horn":113,"Smiling Mask":13,"Boot":20,"Pet Ghost":122,"Blood Vial":98,"Tiny Chest":46,"blademaster:LightningChargePerk":109,"Red Mask":109,"blademaster:DextrousPerk":46,"blademaster:ComboEveryTurnPerk":122,"Replay:Wax Seal":34,"Runic Pyramid":31,"hubris:DisguiseKit":13,"ReplayTheSpireMod:Ninjato":52,"NeowsBlessing":0,"blademaster:BonusComboPerk":52,"Replay:WaspNest":13,"blademaster:RandomBladePerk":20,"keyreminder:keyreminder":46,"blademaster:FuryEveryTurnPerk":98,"blademaster:BleedingMoreDamagePerk":113,"Onion Ring":93,"blademaster:StanceHealPerk":13,"Coffee Dripper":80,"blademaster:DancersAmulet":0}]},"card_choices":[{"not_picked":["blademaster:DeadlyDance","blademaster:Sharpen"],"picked":"blademaster:FuriousStrike","floor":1.0},{"not_picked":["blademaster:SlyStabs","blademaster:CullingStrike"],"picked":"blademaster:ParryingStrike","floor":2.0},{"not_picked":["blademaster:Safeguard","blademaster:SlyStabs"],"picked":"blademaster:Stability","floor":4.0},{"not_picked":["blademaster:CloudOfSteel","blademaster:Reversal"],"picked":"blademaster:Flurry","floor":5.0},{"not_picked":["blademaster:Hailwind","blademaster:Slice"],"picked":"blademaster:Bloodbath","floor":7.0},{"not_picked":["blademaster:LeechingStrike","blademaster:SharpBlades","blademaster:WindSlash"],"picked":"Spectral_Armor","floor":12.0},{"not_picked":["blademaster:DancingEdge","blademaster:AwakeningStrike","Necromantic_Selection"],"picked":"blademaster:Havoc","floor":13.0},{"not_picked":["blademaster:UnrelentingWind","blademaster:RollingTyphoon","Skeleton_Dragon"],"picked":"blademaster:EnchantedCuirass","floor":16.0},{"not_picked":["blademaster:ChargingUp","blademaster:AirSlash","Shackles_Of_Pain"],"picked":"blademaster:DaggerAndCloak","floor":18.0},{"not_picked":["blademaster:OneTrickPony","blademaster:EyeOfTheStorm","blademaster:Stormstrike"],"picked":"Life_Drain","floor":22.0},{"not_picked":["blademaster:SlyStabs","blademaster:Discharge","blademaster:Vortex"],"picked":"Grasp_Heart","floor":23.0},{"not_picked":["blademaster:Frenzy+1","blademaster:CombatPrep","Blood_Whip"],"picked":"blademaster:AwakeningStrike","floor":27.0},{"not_picked":["blademaster:ChargingUp","blademaster:Cut","Shackles_Of_Pain"],"picked":"blademaster:AspectOfWind+1","floor":28.0},{"not_picked":["blademaster:ParryingStrike","blademaster:SlyStabs","blademaster:Quickstep"],"picked":"Consume_Illness","floor":29.0},{"not_picked":["blademaster:ThreePointStrike","blademaster:IcyWind","blademaster:Quickness","Stop_Heart"],"picked":"SKIP","floor":31.0},{"not_picked":["blademaster:LightningDraw","blademaster:RollingTyphoon","Cloudkill"],"picked":"blademaster:Flash","floor":33.0},{"not_picked":["blademaster:ParryingStrike","blademaster:Sharpen","blademaster:Safeguard+1","Toxic_Smoke_Screen"],"picked":"SKIP","floor":35},{"not_picked":["blademaster:Breeze","blademaster:FuriousStrike","Acid_Javelin"],"picked":"blademaster:Flurry","floor":36},{"not_picked":["blademaster:BloodyBlow+1","blademaster:AncestralHealing+1","Violent_Necrosis"],"picked":"blademaster:Meditate+1","floor":37},{"not_picked":["blademaster:Breeze","blademaster:FlockOfBlades","Bone_Spikes"],"picked":"blademaster:TraverseCut+1","floor":40},{"not_picked":["blademaster:CombatPrep","blademaster:Quickstep","blademaster:BladeCross","Bone_Shift"],"picked":"SKIP","floor":44},{"not_picked":["blademaster:Sunder","blademaster:ChargingUp+1","Deaths_Shadow"],"picked":"blademaster:EyeOfTheStorm","floor":45},{"not_picked":["blademaster:UnrelentingWind","blademaster:Breeze+1","Blood_for_Blood"],"picked":"blademaster:ChargingUp+1","floor":46},{"not_picked":["blademaster:Sunder+1","blademaster:Momentum","Summon_Undead_Army"],"picked":"blademaster:SharpBlades","floor":48},{"not_picked":["blademaster:SlyStabs+1","blademaster:Thrust","Vampiric_Strike"],"picked":"blademaster:AncestralHealing","floor":54}],"player_experience":455761,"relics_obtained":[{"floor":7.0,"key":"Smiling Mask"},{"floor":7.0,"key":"blademaster:StanceHealPerk"},{"floor":9.0,"key":"Replay:WaspNest"},{"floor":12.0,"key":"Boot"},{"floor":12.0,"key":"blademaster:RandomBladePerk"},{"floor":23.0,"key":"Tiny Chest"},{"floor":23.0,"key":"blademaster:DextrousPerk"},{"floor":27.0,"key":"ReplayTheSpireMod:Ninjato"},{"floor":27.0,"key":"blademaster:BonusComboPerk"},{"floor":39,"key":"Onion Ring"},{"floor":40,"key":"Blood Vial"},{"floor":40,"key":"blademaster:FuryEveryTurnPerk"},{"floor":46,"key":"Golden Egg"},{"floor":46,"key":"blademaster:LightningChargePerk"},{"floor":48,"key":"Gremlin Horn"},{"floor":48,"key":"blademaster:BleedingMoreDamagePerk"},{"floor":54,"key":"Pet Ghost"},{"floor":54,"key":"blademaster:ComboEveryTurnPerk"}],"event_choices":[{"damage_healed":0.0,"max_hp_gain":0.0,"max_hp_loss":0.0,"gold_gain":0.0,"event_name":"The Library","player_choice":"Read","floor":20.0,"gold_loss":0.0,"damage_taken":0.0,"cards_obtained":["blademaster:Rupture"]},{"damage_healed":0.0,"max_hp_gain":0.0,"max_hp_loss":0.0,"gold_gain":0.0,"event_name":"The Woman in Blue","player_choice":"Bought 2 Potions","floor":24.0,"gold_loss":0.0,"damage_taken":0.0},{"damage_healed":0,"gold_gain":0,"player_choice":"Paid","damage_taken":0,"relics_obtained":["Red Mask"],"max_hp_gain":0,"max_hp_loss":0,"event_name":"Tomb of Lord Red Mask","floor":47,"gold_loss":114}],"is_beta":false,"boss_relics":[{"not_picked":["conspire:SeveredTorchhead","conspire:RoyalGoblet"],"picked":"Runic Pyramid"},{"not_picked":["hubris:Stopwatch","Kintsugi"],"picked":"Coffee Dripper"}],"items_purged_floors":[19,42],"is_endless":false,"potions_floor_spawned":[1,2,12,16,22,27,28,33,36,40,45],"ascension_level":10}}