{"host":"k7udt7atmcuzf6l0","time":1609398773,"event":{"mods":["AchievementEnabler","BaseMod","Colored Map","Colored Powertips","Highlight Path","Minty Spire (QoL Compilation)","Quick Restart","Rare Cards Sparkle","StSLib","UnlockEverythingMod"],"gold_per_floor":[212,229,28,28,48,48,68,95,122,122,122,139,153,173,173,272,272,291,28,43,43,43,43,60,60,60,93,110,123,51,64,64,163,163,177,195,39,39,0,0,13,48,48,61,75,75,1,13,13,13],"floor_reached":51,"playtime":1779,"items_purged":["Regret"],"score":703,"play_id":"fa4311c7-2538-4251-a555-3f968b899172","local_time":"20201231151253","is_ascension_mode":false,"campfire_choices":[{"data":"Rampage","floor":6.0,"key":"SMITH"},{"data":"Rage","floor":10.0,"key":"SMITH"},{"data":"Pommel Strike","floor":15,"key":"SMITH"},{"data":"Dual Wield","floor":23,"key":"SMITH"},{"data":"Whirlwind","floor":25,"key":"SMITH"},{"floor":32,"key":"REST"},{"data":"Inflame","floor":40,"key":"SMITH"},{"data":"Reaper","floor":46,"key":"SMITH"},{"floor":49,"key":"REST"}],"circlet_count":0,"master_deck":["Strike_R","Strike_R","Strike_R","Strike_R","Strike_R","Defend_R","Defend_R+1","Defend_R","Defend_R","Bash","Clash","Body Slam+1","Rage+1","Rampage+1","Pommel Strike+1","Iron Wave","Burning Pact+1","Dual Wield+1","Whirlwind+1","Inflame+1","Flex+1","Sword Boomerang+1","Ghostly Armor+1","Reaper+1","Bloodletting+1","Flex+1","Madness+1","Madness+1","Twin Strike+1","Body Slam+1","Clash+1"],"relics":["Burning Blood","Membership Card","Bag of Marbles","Ancient Tea Set","Centennial Puzzle","Sozu","War Paint","Brimstone","Bag of Preparation","Nilry\u0027s Codex","Toxic Egg 2","Pear","Happy Flower","Runic Pyramid","Lantern","Blood Vial","Red Mask","Calipers","Omamori","Regal Pillow"],"acts_visited":["Exordium","TheCity","TheBeyond"],"potions_floor_usage":[13,14,16,16],"damage_taken":[{"damage":11.0,"enemies":"Jaw Worm","floor":1.0,"turns":3.0},{"damage":7.0,"enemies":"2 Louse","floor":2.0,"turns":3.0},{"damage":5.0,"enemies":"Small Slimes","floor":5.0,"turns":3.0},{"damage":1.0,"enemies":"Red Slaver","floor":7.0,"turns":3.0},{"damage":22.0,"enemies":"Lagavulin","floor":8.0,"turns":4.0},{"damage":1,"enemies":"Looter","floor":12,"turns":2},{"damage":15,"enemies":"Exordium Wildlife","floor":13,"turns":4},{"damage":3,"enemies":"2 Fungi Beasts","floor":14,"turns":3},{"damage":41,"enemies":"Hexaghost","floor":16,"turns":8},{"damage":23,"enemies":"2 Thieves","floor":18,"turns":4},{"damage":7,"enemies":"Chosen","floor":20,"turns":2},{"damage":3,"enemies":"Centurion and Healer","floor":24,"turns":2},{"damage":19,"enemies":"Book of Stabbing","floor":27,"turns":3},{"damage":0,"enemies":"Snake Plant","floor":28,"turns":2},{"damage":26,"enemies":"Sentry and Sphere","floor":29,"turns":5},{"damage":0,"enemies":"Cultist and Chosen","floor":31,"turns":1},{"damage":41,"enemies":"Collector","floor":33,"turns":4},{"damage":8,"enemies":"3 Shapes","floor":35,"turns":3},{"damage":0,"enemies":"Orb Walker","floor":36,"turns":1},{"damage":21,"enemies":"Maw","floor":41,"turns":5},{"damage":93,"enemies":"Nemesis","floor":42,"turns":7},{"damage":5,"enemies":"Sphere and 2 Shapes","floor":44,"turns":3},{"damage":15,"enemies":"Spire Growth","floor":45,"turns":2},{"damage":3,"enemies":"Writhing Mass","floor":48,"turns":1},{"damage":125,"enemies":"Awakened One","floor":50,"turns":8}],"seed_played":"3792245526930223307","potions_obtained":[{"floor":5.0,"key":"Weak Potion"},{"floor":7.0,"key":"LiquidBronze"},{"floor":8.0,"key":"Regen Potion"},{"floor":12,"key":"ColorlessPotion"},{"floor":14,"key":"Strength Potion"}],"is_trial":false,"path_per_floor":["M","M","$","?","M","R","M","E","T","R","?","M","M","M","R","B",null,"M","$","M","?","?","R","M","R","T","E","M","M","$","M","R","B",null,"M","M","$","?","?","R","M","E","T","M","M","R","$","M","R","B",null],"character_chosen":"IRONCLAD","items_purchased":["Membership Card","Body Slam","Rage","War Paint","Brimstone","Bag of Preparation","Happy Flower","Lantern","Blood Vial","Regal Pillow"],"campfire_rested":2,"item_purchase_floors":[3,3,3,19,19,19,30,37,37,47],"current_hp_per_floor":[75,74,74,74,75,75,80,64,64,64,64,69,60,72,72,37,80,63,63,62,46,46,46,49,49,49,46,52,32,32,38,65,30,90,88,90,90,79,79,79,83,18,18,50,61,61,61,66,90,31],"gold":13,"neow_bonus":"HUNDRED_GOLD","is_daily":false,"chose_seed":false,"campfire_upgraded":7,"win_rate":0.0,"timestamp":1609398773,"path_taken":["M","M","$","?","M","R","M","E","T","R","?","M","M","M","R","BOSS","M","$","M","?","?","R","?","R","T","E","M","M","$","M","R","BOSS","M","M","$","?","?","R","M","E","T","M","M","R","$","M","R","BOSS"],"items_purchased_type":["Relic","Card","Card","Relic","Relic","Relic","Relic","Relic","Relic","Relic"],"build_version":"2020-12-22","purchased_purges":1,"victory":true,"max_hp_per_floor":[80,80,80,80,80,80,80,80,80,80,80,80,80,80,80,80,80,80,80,80,80,80,80,80,80,80,90,90,90,90,90,90,90,90,90,90,90,90,90,90,90,90,90,90,90,90,90,90,90,90],"card_choices":[{"not_picked":["Iron Wave","Pummel"],"picked":"Clash","floor":1.0},{"not_picked":["Ghostly Armor","Shrug It Off","Reckless Charge"],"picked":"SKIP","floor":2.0},{"not_picked":["Body Slam","True Grit"],"picked":"Rampage","floor":5.0},{"not_picked":["Exhume","Anger"],"picked":"Pommel Strike","floor":7.0},{"not_picked":["Perfected Strike","Thunderclap"],"picked":"Iron Wave","floor":8.0},{"not_picked":["Body Slam","Disarm","True Grit"],"picked":"SKIP","floor":12},{"not_picked":["Perfected Strike","Ghostly Armor"],"picked":"Burning Pact","floor":13},{"not_picked":["Combust","Second Wind","Corruption"],"picked":"SKIP","floor":14},{"not_picked":["Battle Trance","Anger"],"picked":"Dual Wield","floor":18},{"not_picked":["Pommel Strike","Searing Blow","Metallicize"],"picked":"SKIP","floor":20},{"not_picked":["Cleave","Thunderclap"],"picked":"Whirlwind","floor":24},{"not_picked":["Reckless Charge","Whirlwind"],"picked":"Inflame","floor":27},{"not_picked":["Havoc+1","Sever Soul"],"picked":"Flex+1","floor":28},{"not_picked":["Flame Barrier+1","Clash"],"picked":"Sword Boomerang+1","floor":29},{"not_picked":["Thunderclap","Clothesline"],"picked":"Ghostly Armor+1","floor":31},{"not_picked":["Berserk","Double Tap+1"],"picked":"Reaper","floor":33},{"not_picked":["Searing Blow+1","Anger+1"],"picked":"Bloodletting+1","floor":35},{"not_picked":["Clash","Havoc+1"],"picked":"Flex+1","floor":36},{"not_picked":["Iron Wave","Blood for Blood+1","Whirlwind"],"picked":"SKIP","floor":41},{"not_picked":["Headbutt","Clash"],"picked":"Twin Strike+1","floor":42},{"not_picked":["Uppercut+1","Twin Strike+1"],"picked":"Body Slam+1","floor":44},{"not_picked":["Second Wind+1","Hemokinesis+1"],"picked":"Clash+1","floor":45},{"not_picked":["Juggernaut","Sentinel+1","Thunderclap"],"picked":"SKIP","floor":48}],"player_experience":32301,"relics_obtained":[{"floor":8.0,"key":"Bag of Marbles"},{"floor":9.0,"key":"Ancient Tea Set"},{"floor":21,"key":"Nilry\u0027s Codex"},{"floor":26,"key":"Toxic Egg 2"},{"floor":27,"key":"Pear"},{"floor":42,"key":"Calipers"},{"floor":43,"key":"Omamori"}],"event_choices":[{"damage_healed":0.0,"max_hp_gain":0.0,"max_hp_loss":0.0,"gold_gain":0.0,"event_name":"Living Wall","player_choice":"Grow","floor":4.0,"gold_loss":0.0,"damage_taken":0.0,"cards_upgraded":["Body Slam"]},{"damage_healed":0.0,"max_hp_gain":0.0,"max_hp_loss":0.0,"gold_gain":0.0,"event_name":"Big Fish","player_choice":"Box","floor":11.0,"gold_loss":0.0,"damage_taken":0.0,"relics_obtained":["Centennial Puzzle"],"cards_obtained":["Regret"]},{"damage_healed":0,"gold_gain":0,"player_choice":"Obtained Book","damage_taken":16,"max_hp_gain":0,"max_hp_loss":0,"event_name":"Cursed Tome","floor":21,"gold_loss":0},{"damage_healed":0,"gold_gain":0,"player_choice":"Ignored","damage_taken":0,"max_hp_gain":0,"max_hp_loss":0,"event_name":"NoteForYourself","floor":22,"gold_loss":0},{"damage_healed":0,"gold_gain":0,"player_choice":"Embrace Madness","damage_taken":11,"max_hp_gain":0,"max_hp_loss":0,"event_name":"Winding Halls","floor":38,"gold_loss":0,"cards_obtained":["Madness","Madness"]},{"damage_healed":0,"gold_gain":0,"player_choice":"Paid","damage_taken":0,"relics_obtained":["Red Mask"],"max_hp_gain":0,"max_hp_loss":0,"event_name":"Tomb of Lord Red Mask","floor":39,"gold_loss":39}],"is_beta":false,"boss_relics":[{"not_picked":["Fusion Hammer","SacredBark"],"picked":"Sozu"},{"not_picked":["Mark of Pain","Busted Crown"],"picked":"Runic Pyramid"}],"items_purged_floors":[19],"is_endless":false,"potions_floor_spawned":[5,7,8,12,14,18,27,28,29,33,36,41],"ascension_level":0}}