{"host":"0cgp910o8339lr91","time":1609456594,"event":{"mods":["BaseMod","Colored Map","Filter the Spire","Minty Spire (QoL Compilation)","Relic Stats","Slay-I","ojb\u0027s Better Paths Mod","ojb\u0027s Info Mod"],"gold_per_floor":[113,113,124,136,136,136,161,161,161,191,191,191,202,232,232,304,304,317,329,340,340,340,375,385,410,410,441,456,456,484,399,399,475,475,495,507,507,135,148,176,189,207,231,257,94,105,24,54,54,54,54,54,54,15,49,49,49],"floor_reached":56,"playtime":8397,"items_purged":["DeusExMachina+1"],"score":2570,"play_id":"7e292d5c-d61c-4b00-bcda-0dfcf9cc5221","local_time":"20210101001634","is_ascension_mode":true,"campfire_choices":[{"data":"EmptyFist","floor":6.0,"key":"SMITH"},{"data":"Sanctity","floor":8.0,"key":"SMITH"},{"data":"Vigilance","floor":11.0,"key":"SMITH"},{"data":"SignatureMove","floor":15.0,"key":"SMITH"},{"data":"CutThroughFate","floor":29.0,"key":"SMITH"},{"data":"FlurryOfBlows","floor":32.0,"key":"SMITH"},{"floor":49.0,"key":"RECALL"},{"floor":53.0,"key":"REST"}],"circlet_count":0,"master_deck":["AscendersBane","Strike_P","Strike_P","Strike_P","Strike_P","Defend_P+1","Defend_P","Defend_P","Defend_P","Eruption+1","Vigilance+1","Sanctity+1","EmptyFist+1","DeceiveReality+1","EmptyBody+1","Vault+1","Halt+1","RitualDagger+1","CutThroughFate+1","FlurryOfBlows+1","SashWhip+1","Halt+1","FlurryOfBlows","Adaptation+1","Crescendo+1","Devotion+1","WheelKick+1","FearNoEvil","Prostrate+1"],"relics":["Busted Crown","Toxic Egg 2","Pear","StoneCalendar","Damaru","Runic Pyramid","Regal Pillow","Strawberry","TeardropLocket","Smiling Mask","Yang","Ancient Tea Set","Fusion Hammer","Medical Kit","Vajra","Omamori","Frozen Egg 2","Membership Card","Kunai","Eternal Feather"],"acts_visited":["TheCity","TheBeyond","TheEnding"],"potions_floor_usage":[56],"damage_taken":[{"damage":1.0,"enemies":"2 Louse","floor":1.0,"turns":3.0},{"damage":0.0,"enemies":"Cultist","floor":3.0,"turns":4.0},{"damage":12.0,"enemies":"Small Slimes","floor":4.0,"turns":3.0},{"damage":0.0,"enemies":"Lagavulin","floor":7.0,"turns":5.0},{"damage":13.0,"enemies":"3 Sentries","floor":10.0,"turns":7.0},{"damage":0.0,"enemies":"2 Fungi Beasts","floor":13.0,"turns":3.0},{"damage":0.0,"enemies":"Gremlin Nob","floor":14.0,"turns":3.0},{"damage":2.0,"enemies":"The Guardian","floor":16.0,"turns":9.0},{"damage":1.0,"enemies":"3 Byrds","floor":18.0,"turns":5.0},{"damage":9.0,"enemies":"Shell Parasite","floor":19.0,"turns":2.0},{"damage":1.0,"enemies":"Chosen and Byrds","floor":20.0,"turns":8.0},{"damage":17.0,"enemies":"Book of Stabbing","floor":23.0,"turns":7.0},{"damage":0.0,"enemies":"Shelled Parasite and Fungi","floor":24.0,"turns":3.0},{"damage":0.0,"enemies":"Slavers","floor":25.0,"turns":4.0},{"damage":2.0,"enemies":"Gremlin Leader","floor":27.0,"turns":5.0},{"damage":9.0,"enemies":"Snake Plant","floor":28.0,"turns":5.0},{"damage":0.0,"enemies":"Book of Stabbing","floor":30.0,"turns":4.0},{"damage":0.0,"enemies":"Automaton","floor":33.0,"turns":7.0},{"damage":0.0,"enemies":"3 Shapes","floor":35.0,"turns":7.0},{"damage":0.0,"enemies":"Orb Walker","floor":36.0,"turns":4.0},{"damage":0.0,"enemies":"Sphere and 2 Shapes","floor":39.0,"turns":4.0},{"damage":0.0,"enemies":"Nemesis","floor":40.0,"turns":6.0},{"damage":0.0,"enemies":"Transient","floor":41.0,"turns":7.0},{"damage":0.0,"enemies":"3 Darklings","floor":42.0,"turns":6.0},{"damage":17.0,"enemies":"Reptomancer","floor":44.0,"turns":5.0},{"damage":0.0,"enemies":"Writhing Mass","floor":46.0,"turns":5.0},{"damage":0.0,"enemies":"Giant Head","floor":48.0,"turns":6.0},{"damage":0.0,"enemies":"Time Eater","floor":50.0,"turns":5.0},{"damage":5.0,"enemies":"Awakened One","floor":51.0,"turns":9.0},{"damage":12,"enemies":"Shield and Spear","floor":55,"turns":6},{"damage":135,"enemies":"The Heart","floor":56,"turns":6}],"seed_played":"-3468479156202916810","potions_obtained":[{"floor":1.0,"key":"DuplicationPotion"},{"floor":2.0,"key":"BottledMiracle"},{"floor":2.0,"key":"LiquidMemories"},{"floor":10.0,"key":"DistilledChaos"},{"floor":14.0,"key":"AttackPotion"},{"floor":18.0,"key":"Block Potion"},{"floor":23.0,"key":"Energy Potion"},{"floor":28.0,"key":"BottledMiracle"},{"floor":33.0,"key":"Energy Potion"},{"floor":36.0,"key":"ColorlessPotion"},{"floor":40.0,"key":"SkillPotion"},{"floor":41.0,"key":"SpeedPotion"},{"floor":46.0,"key":"Dexterity Potion"},{"floor":48.0,"key":"Weak Potion"}],"is_trial":false,"path_per_floor":["M","?","M","M","?","R","E","R","T","E","R","?","M","E","R","B",null,"M","M","M","?","?","E","M","E","T","E","M","R","E","?","R","B",null,"M","M","?","$","M","E","M","M","T","E","$","M","$","E","R","B","B",null,"R","$","E","B"],"character_chosen":"WATCHER","items_purchased":["Medical Kit","Vajra","Membership Card","Devotion+1","FearNoEvil"],"campfire_rested":1,"item_purchase_floors":[38,38,45,47,54],"current_hp_per_floor":[60,60,60,48,28,28,28,28,38,25,25,25,25,25,25,23,64,63,54,53,47,47,30,30,37,37,35,26,26,26,26,26,26,70,70,70,70,70,70,70,70,70,70,53,53,53,53,53,53,53,48,76,85,85,73,0,0],"gold":49,"neow_bonus":"BOSS_RELIC","is_daily":false,"chose_seed":false,"campfire_upgraded":6,"win_rate":0.0,"timestamp":1609456594,"path_taken":["M","?","?","M","?","R","E","R","T","E","R","?","?","E","R","BOSS","M","M","M","?","?","E","M","E","T","E","?","R","E","?","R","BOSS","M","M","?","$","?","E","M","?","T","E","?","?","$","E","R","BOSS","BOSS","R","$","E","BOSS"],"items_purchased_type":["Relic","Relic","Relic","Card","Card"],"build_version":"2020-12-22","purchased_purges":1,"victory":false,"max_hp_per_floor":[68,68,68,68,68,68,68,68,78,78,78,78,78,78,78,78,78,78,78,78,78,78,78,78,85,85,85,85,85,85,85,85,85,85,85,85,85,85,85,85,85,85,85,85,85,85,85,85,85,85,85,85,85,85,85,85,85],"relic_stats":{"Regal Pillow":0,"Busted Crown":56,"counters":[31,163],"StoneCalendar":[269],"Yang":[255],"Eternal Feather":0,"Kunai":[29],"Smiling Mask":25,"Medical Kit":[5],"obtain_stats":[{"Regal Pillow":23,"Pear":9,"Damaru":14,"Vajra":38,"StoneCalendar":10,"Yang":30,"Eternal Feather":55,"Omamori":40,"TeardropLocket":26,"Frozen Egg 2":44,"Smiling Mask":27,"Ancient Tea Set":31,"Medical Kit":38,"Busted Crown":0,"Strawberry":25,"Fusion Hammer":34,"Membership Card":45,"Kunai":48,"PureWater":0,"Toxic Egg 2":7,"Runic Pyramid":17},{"Regal Pillow":12,"Pear":4,"Damaru":7,"Vajra":20,"StoneCalendar":5,"Yang":17,"Eternal Feather":30,"Omamori":22,"TeardropLocket":14,"Frozen Egg 2":25,"Smiling Mask":15,"Ancient Tea Set":17,"Medical Kit":20,"Busted Crown":0,"Strawberry":14,"Fusion Hammer":18,"Membership Card":25,"Kunai":27,"PureWater":0,"Toxic Egg 2":4,"Runic Pyramid":8},{"Regal Pillow":59,"Pear":15,"Damaru":28,"Vajra":98,"StoneCalendar":22,"Yang":80,"Eternal Feather":157,"Omamori":108,"TeardropLocket":66,"Frozen Egg 2":126,"Smiling Mask":71,"Ancient Tea Set":80,"Medical Kit":98,"Busted Crown":0,"Strawberry":66,"Fusion Hammer":87,"Membership Card":126,"Kunai":137,"PureWater":0,"Toxic Egg 2":15,"Runic Pyramid":37}]},"card_choices":[{"not_picked":[],"picked":"Sanctity","floor":1.0},{"not_picked":[],"picked":"EmptyFist","floor":3.0},{"not_picked":["Evaluate"],"picked":"SKIP","floor":4.0},{"not_picked":["Indignation+1"],"picked":"SKIP","floor":7.0},{"not_picked":[],"picked":"DeceiveReality+1","floor":10.0},{"not_picked":[],"picked":"EmptyBody+1","floor":13.0},{"not_picked":[],"picked":"SignatureMove","floor":14.0},{"not_picked":[],"picked":"Vault+1","floor":16.0},{"not_picked":[],"picked":"Halt+1","floor":18.0},{"not_picked":["WheelKick"],"picked":"SKIP","floor":19.0},{"not_picked":["BattleHymn"],"picked":"SKIP","floor":20.0},{"not_picked":[],"picked":"CutThroughFate","floor":23.0},{"not_picked":[],"picked":"FlurryOfBlows","floor":24.0},{"not_picked":["WreathOfFlame+1"],"picked":"SKIP","floor":25.0},{"not_picked":["PathToVictory+1"],"picked":"SKIP","floor":27.0},{"not_picked":["PathToVictory+1"],"picked":"SKIP","floor":28.0},{"not_picked":[],"picked":"SashWhip+1","floor":30.0},{"not_picked":[],"picked":"Halt+1","floor":35.0},{"not_picked":["BowlingBash"],"picked":"SKIP","floor":36.0},{"not_picked":["PathToVictory+1"],"picked":"SKIP","floor":39.0},{"not_picked":[],"picked":"Adaptation+1","floor":40.0},{"not_picked":["FollowUp"],"picked":"SKIP","floor":41.0},{"not_picked":["Weave"],"picked":"SKIP","floor":42.0},{"not_picked":[],"picked":"Crescendo+1","floor":44.0},{"not_picked":["Protect+1"],"picked":"SKIP","floor":46.0},{"not_picked":[],"picked":"WheelKick+1","floor":48.0},{"not_picked":[],"picked":"Prostrate+1","floor":55}],"player_experience":1291826,"relics_obtained":[{"floor":7.0,"key":"Toxic Egg 2"},{"floor":9.0,"key":"Pear"},{"floor":10.0,"key":"StoneCalendar"},{"floor":14.0,"key":"Damaru"},{"floor":23.0,"key":"Regal Pillow"},{"floor":25.0,"key":"Strawberry"},{"floor":26.0,"key":"TeardropLocket"},{"floor":27.0,"key":"Smiling Mask"},{"floor":30.0,"key":"Yang"},{"floor":40.0,"key":"Omamori"},{"floor":44.0,"key":"Frozen Egg 2"},{"floor":48.0,"key":"Kunai"},{"floor":55,"key":"Eternal Feather"}],"event_choices":[{"damage_healed":0.0,"max_hp_gain":0.0,"max_hp_loss":0.0,"gold_gain":0.0,"event_name":"Lab","player_choice":"Got Potions","floor":2.0,"gold_loss":0.0,"damage_taken":0.0},{"damage_healed":0.0,"max_hp_gain":0.0,"max_hp_loss":0.0,"gold_gain":0.0,"event_name":"Shining Light","player_choice":"Entered Light","floor":5.0,"gold_loss":0.0,"damage_taken":20.0,"cards_upgraded":["Eruption","Defend_P"]},{"damage_healed":0.0,"max_hp_gain":0.0,"max_hp_loss":0.0,"gold_gain":0.0,"event_name":"Match and Keep!","player_choice":"1 cards matched","floor":12.0,"gold_loss":0.0,"damage_taken":0.0,"cards_obtained":["DeusExMachina"]},{"damage_healed":0.0,"max_hp_gain":0.0,"max_hp_loss":0.0,"gold_gain":0.0,"event_name":"Nest","player_choice":"Joined the Cult","floor":21.0,"gold_loss":0.0,"damage_taken":6.0,"cards_obtained":["RitualDagger"]},{"damage_healed":0.0,"max_hp_gain":0.0,"max_hp_loss":0.0,"gold_gain":0.0,"event_name":"Accursed Blacksmith","player_choice":"Forge","floor":22.0,"gold_loss":0.0,"damage_taken":0.0,"cards_upgraded":["RitualDagger"]},{"damage_healed":0.0,"max_hp_gain":0.0,"max_hp_loss":0.0,"gold_gain":0.0,"event_name":"Addict","player_choice":"Obtained Relic","floor":31.0,"gold_loss":85.0,"damage_taken":0.0,"relics_obtained":["Ancient Tea Set"]},{"damage_healed":0.0,"max_hp_gain":0.0,"max_hp_loss":0.0,"gold_gain":0.0,"cards_transformed":["SignatureMove"],"event_name":"Transmorgrifier","player_choice":"Transformed","floor":37.0,"gold_loss":0.0,"damage_taken":0.0,"cards_obtained":["FlurryOfBlows"]}],"is_beta":false,"boss_relics":[{"not_picked":["Sozu","Cursed Key"],"picked":"Runic Pyramid"},{"not_picked":["SlaversCollar","SacredBark"],"picked":"Fusion Hammer"}],"items_purged_floors":[38],"is_endless":false,"potions_floor_spawned":[1,7,10,14,18,23,28,33,36,40,41,46,48],"killed_by":"The Heart","ascension_level":20}}