{"host":"soyfmymeou4emntr","time":1609451439,"event":{"mods":["BaseMod","Minty Spire (QoL Compilation)","Relic Sorter","Relic Stats","StSLib"],"gold_per_floor":[111,27,27,27,44,44,73,73,98,126,126,145,68,86,86,157,157,113,124,49,49,49,49,74,90,165,165,193,209,219,219,219,219,219],"floor_reached":33,"playtime":2098,"items_purged":["Strike_B"],"score":636,"play_id":"944857a7-28cf-4940-8853-9c5a10b92ae0","local_time":"20201231145039","is_ascension_mode":true,"campfire_choices":[{"data":"Genetic Algorithm","floor":6.0,"key":"SMITH"},{"data":"Cold Snap","floor":8.0,"key":"SMITH"},{"data":"Zap","floor":11.0,"key":"SMITH"},{"data":"Defragment","floor":15.0,"key":"SMITH"},{"data":"Reboot","floor":23.0,"key":"SMITH"},{"data":"Self Repair","floor":27.0,"key":"SMITH"},{"data":"Fusion","floor":32,"key":"SMITH"}],"circlet_count":0,"master_deck":["AscendersBane","Strike_B","Defend_B","Defend_B","Defend_B","Defend_B","Zap+1","Dualcast","Genetic Algorithm+1","Cold Snap+1","BootSequence","Defragment+1","Self Repair+1","Glacier","Reboot+1","Tempest+1","Cold Snap","Compile Driver","Glacier","Melter","Sweeping Beam","Fusion+1"],"relics":["Cracked Core","NeowsBlessing","Regal Pillow","CaptainsWheel","Meat on the Bone","Boot","Bag of Preparation","Black Star","Ginger","Mercury Hourglass","Mummified Hand","Pantograph","Happy Flower"],"acts_visited":["Exordium","TheCity"],"potions_floor_usage":[33],"damage_taken":[{"damage":0.0,"enemies":"Small Slimes","floor":1.0,"turns":1.0},{"damage":0.0,"enemies":"Cultist","floor":5.0,"turns":1.0},{"damage":0.0,"enemies":"Lagavulin","floor":7.0,"turns":1.0},{"damage":35.0,"enemies":"Gremlin Nob","floor":10.0,"turns":5.0},{"damage":0.0,"enemies":"2 Louse","floor":12.0,"turns":3.0},{"damage":0.0,"enemies":"Exordium Wildlife","floor":14.0,"turns":3.0},{"damage":34.0,"enemies":"The Guardian","floor":16.0,"turns":17.0},{"damage":6.0,"enemies":"2 Thieves","floor":18.0,"turns":5.0},{"damage":9.0,"enemies":"3 Byrds","floor":19.0,"turns":5.0},{"damage":1.0,"enemies":"Gremlin Leader","floor":24.0,"turns":5.0},{"damage":8.0,"enemies":"3 Cultists","floor":25.0,"turns":6.0},{"damage":19.0,"enemies":"Slavers","floor":28.0,"turns":5.0},{"damage":5,"enemies":"Centurion and Healer","floor":29,"turns":11},{"damage":0,"enemies":"Snecko","floor":30,"turns":5},{"damage":84,"enemies":"Collector","floor":33,"turns":16}],"seed_played":"7352488126900477040","potions_obtained":[{"floor":5.0,"key":"EssenceOfSteel"},{"floor":10.0,"key":"LiquidMemories"},{"floor":14.0,"key":"Strength Potion"},{"floor":16.0,"key":"Explosive Potion"},{"floor":18.0,"key":"Ancient Potion"},{"floor":19.0,"key":"PowerPotion"},{"floor":24.0,"key":"AttackPotion"},{"floor":29,"key":"PowerPotion"}],"is_trial":false,"path_per_floor":["M","$","?","?","M","R","E","R","T","E","R","M","$","M","R","B",null,"M","M","$","?","?","R","E","M","T","R","E","M","M","?","R","B"],"character_chosen":"DEFECT","items_purchased":["Genetic Algorithm","Self Repair"],"campfire_rested":0,"item_purchase_floors":[2,13],"current_hp_per_floor":[64,64,53,53,53,53,53,53,53,30,30,42,42,49,49,34,62,63,61,61,61,61,61,67,66,66,66,57,62,71,71,71,0,0],"gold":219,"neow_bonus":"THREE_ENEMY_KILL","is_daily":false,"chose_seed":false,"campfire_upgraded":7,"win_rate":0.0,"timestamp":1609451439,"path_taken":["M","$","?","?","M","R","E","R","T","E","R","?","$","M","R","BOSS","M","M","$","?","?","R","E","M","T","R","E","M","M","?","R","BOSS"],"items_purchased_type":["Card","Card"],"build_version":"2020-12-22","purchased_purges":1,"victory":false,"max_hp_per_floor":[71,71,71,71,71,71,71,71,71,71,71,71,71,71,71,71,71,71,71,71,71,71,71,71,71,71,71,71,71,71,71,71,71,71],"relic_stats":{"Regal Pillow":0,"Happy Flower":[10],"counters":[15,87],"Mummified Hand":[10],"Pantograph":0,"Bag of Preparation":[22],"Black Star":2,"Ginger":[7],"Boot":[8],"obtain_stats":[{"Regal Pillow":3,"NeowsBlessing":0,"Happy Flower":28,"Bag of Preparation":10,"Ginger":24,"Boot":9,"Mercury Hourglass":24,"CaptainsWheel":4,"Mummified Hand":26,"Pantograph":28,"Black Star":17,"Cracked Core":0,"Meat on the Bone":7},{"Regal Pillow":1,"NeowsBlessing":0,"Happy Flower":12,"Bag of Preparation":4,"Ginger":10,"Boot":3,"Mercury Hourglass":10,"CaptainsWheel":1,"Mummified Hand":11,"Pantograph":12,"Black Star":7,"Cracked Core":0,"Meat on the Bone":3},{"Regal Pillow":1,"NeowsBlessing":0,"Happy Flower":56,"Bag of Preparation":8,"Ginger":46,"Boot":3,"Mercury Hourglass":46,"CaptainsWheel":1,"Mummified Hand":51,"Pantograph":56,"Black Star":31,"Cracked Core":0,"Meat on the Bone":3}],"Meat on the Bone":36,"Mercury Hourglass":[219]},"card_choices":[{"not_picked":["Tempest","Beam Cell"],"picked":"Gash","floor":1.0},{"not_picked":["Gash","Hologram"],"picked":"Cold Snap","floor":5.0},{"not_picked":["Rebound","Beam Cell","Creative AI"],"picked":"SKIP","floor":7.0},{"not_picked":["Force Field","Beam Cell"],"picked":"BootSequence","floor":10.0},{"not_picked":["Ball Lightning","Doom and Gloom"],"picked":"Defragment","floor":12.0},{"not_picked":["Steam Power","Sweeping Beam"],"picked":"Glacier","floor":14.0},{"not_picked":["Multi-Cast","Rainbow"],"picked":"Reboot","floor":16.0},{"not_picked":["Turbo","Sweeping Beam"],"picked":"Tempest+1","floor":18.0},{"not_picked":["Ball Lightning","Go for the Eyes"],"picked":"Cold Snap","floor":19.0},{"not_picked":["Barrage","Conserve Battery"],"picked":"Melter","floor":24.0},{"not_picked":["Beam Cell","Rebound","Reprogram"],"picked":"SKIP","floor":25.0},{"not_picked":["Turbo","Chaos","Force Field"],"picked":"SKIP","floor":28.0},{"not_picked":["Cold Snap","Go for the Eyes+1"],"picked":"Sweeping Beam","floor":29},{"not_picked":["Sunder","Steam"],"picked":"Fusion","floor":30}],"player_experience":2729758,"relics_obtained":[{"floor":7.0,"key":"Meat on the Bone"},{"floor":9.0,"key":"Boot"},{"floor":10.0,"key":"Bag of Preparation"},{"floor":24.0,"key":"Ginger"},{"floor":24.0,"key":"Mercury Hourglass"},{"floor":26.0,"key":"Mummified Hand"},{"floor":28.0,"key":"Pantograph"},{"floor":28.0,"key":"Happy Flower"}],"event_choices":[{"damage_healed":0.0,"max_hp_gain":0.0,"max_hp_loss":0.0,"gold_gain":0.0,"event_name":"Scrap Ooze","player_choice":"Success","floor":3.0,"gold_loss":0.0,"damage_taken":11.0,"relics_obtained":["Regal Pillow"]},{"cards_removed":["Gash"],"damage_healed":0.0,"max_hp_gain":0.0,"max_hp_loss":0.0,"gold_gain":0.0,"event_name":"WeMeetAgain","player_choice":"Gave Card","floor":4.0,"gold_loss":0.0,"damage_taken":0.0,"relics_obtained":["CaptainsWheel"]},{"damage_healed":0.0,"max_hp_gain":0.0,"max_hp_loss":0.0,"gold_gain":0.0,"cards_transformed":["Strike_B","Strike_B"],"event_name":"Drug Dealer","player_choice":"Became Test Subject","floor":22.0,"gold_loss":0.0,"damage_taken":0.0,"cards_obtained":["Compile Driver","Glacier"]},{"damage_healed":0,"gold_gain":0,"player_choice":"Ignored","damage_taken":0,"max_hp_gain":0,"max_hp_loss":0,"event_name":"The Mausoleum","floor":31,"gold_loss":0}],"is_beta":false,"boss_relics":[{"not_picked":["Runic Dome","Calling Bell"],"picked":"Black Star"}],"items_purged_floors":[20],"is_endless":false,"potions_floor_spawned":[5,10,14,16,18,19,24,29,30],"killed_by":"Collector","ascension_level":20}}