{"host":"dcj2yvrgcvh5dl2s","time":1609406319,"event":{"mods":["BaseMod","Better Note","Block Reminder","Colored Powertips","DeckTracker","Minty Spire (QoL Compilation)","Quick Restart","Rare Cards Sparkle","Relic Stats","StSLib"],"gold_per_floor":[110,35,35,35,59,93,123,123,123],"floor_reached":8,"playtime":86,"items_purged":["Strike_R"],"score":150,"play_id":"b1e23c79-6880-40ce-b1e8-3aa7953818bd","local_time":"20201231191839","is_ascension_mode":true,"campfire_choices":[],"circlet_count":0,"master_deck":["AscendersBane","Strike_R","Strike_R","Strike_R","Strike_R","Defend_R","Defend_R","Defend_R","Defend_R","Bash","Body Slam","Disarm","Cleave"],"relics":["Burning Blood","NeowsBlessing","Golden Idol","Gremlin Horn"],"acts_visited":["Exordium"],"potions_floor_usage":[8],"damage_taken":[{"damage":0,"enemies":"Cultist","floor":1,"turns":1},{"damage":0,"enemies":"Jaw Worm","floor":5,"turns":1},{"damage":0,"enemies":"3 Sentries","floor":6,"turns":2},{"damage":62,"enemies":"Gremlin Nob","floor":8,"turns":4}],"seed_played":"-2242539517817437743","potions_obtained":[{"floor":5,"key":"CultistPotion"}],"is_trial":false,"path_per_floor":["M","$","?","$","M","E","?","E"],"character_chosen":"IRONCLAD","items_purchased":[],"campfire_rested":0,"item_purchase_floors":[],"current_hp_per_floor":[74,74,48,48,54,60,60,0,0],"gold":123,"neow_bonus":"THREE_ENEMY_KILL","is_daily":false,"chose_seed":false,"campfire_upgraded":0,"win_rate":0.0,"timestamp":1609406319,"path_taken":["M","?","?","$","M","E","?","E"],"items_purchased_type":[],"build_version":"2020-12-22","purchased_purges":1,"victory":false,"max_hp_per_floor":[75,75,75,75,75,75,75,75,75],"relic_stats":{"Gremlin Horn":[0,0],"counters":[4,8],"Golden Idol":12,"obtain_stats":[{"NeowsBlessing":0,"Gremlin Horn":6,"Golden Idol":3,"Burning Blood":0},{"NeowsBlessing":0,"Gremlin Horn":3,"Golden Idol":1,"Burning Blood":0},{"NeowsBlessing":0,"Gremlin Horn":4,"Golden Idol":1,"Burning Blood":0}],"Burning Blood":18},"card_choices":[{"not_picked":["Pommel Strike","Headbutt"],"picked":"Body Slam","floor":1},{"not_picked":["Pommel Strike","Body Slam"],"picked":"Disarm","floor":5},{"not_picked":["Dark Embrace","Armaments"],"picked":"Cleave","floor":6}],"player_experience":2126677,"relics_obtained":[{"floor":6,"key":"Gremlin Horn"}],"event_choices":[{"damage_healed":0,"gold_gain":0,"player_choice":"Take Damage","damage_taken":26,"relics_obtained":["Golden Idol"],"max_hp_gain":0,"max_hp_loss":0,"event_name":"Golden Idol","floor":3,"gold_loss":0},{"damage_healed":0,"gold_gain":30,"player_choice":"Searched \u00272\u0027 times","damage_taken":0,"max_hp_gain":0,"max_hp_loss":0,"event_name":"Dead Adventurer","floor":7,"gold_loss":0}],"is_beta":false,"boss_relics":[],"items_purged_floors":[2],"is_endless":false,"potions_floor_spawned":[5],"killed_by":"Gremlin Nob","ascension_level":18}}