{"host":"bzg9y3flbaqjj1j7","time":1609434463,"event":{"mods":["AchievementEnabler","Act Like it!","Aspiration","BaseMod","Better Third Choice","Challenge The Spire","Gensokyo","Hallownest","Hubris","Hyrulean Relics","Infinite Spire","Lobotomy","LobotomyExtend","Marisa????????","Marked Mod","Minty Spire (QoL Compilation)","Nova Terra(??·??)","Permanent Neow","Quick Restart","Rare Cards Sparkle","Reimu??????","Remilia??????","Shop Mod","Spicy Shops","StSLib","The Animator","The Blue Laboratory","Waifu the Spire","vexMod"],"gold_per_floor":[117,117,134,154,167,194,194,44,44,44,58,75,75,88,88,191,191,191,191],"floor_reached":18,"playtime":3719,"items_purged":["Murderer"],"score":164,"play_id":"54b0ed0f-d2ae-4e06-929a-19c37eae6097","local_time":"20201231133743","daily_mods":["Draft"],"is_ascension_mode":false,"campfire_choices":[{"floor":7.0,"key":"REST"}],"circlet_count":1,"master_deck":["SecurityCode","DisciplinaryCode","ExtractionCode","GreenStem","InTheNameOfLoveAndHate","Gaze","CUTE","Soda","Christmas","CherryBlossom","CrimsonScar","Noise","CherryBlossom","Soda","Regret_ego","FourthMatchFlame","Regret_ego","RapturousDream","Diffraction","LifeForTheDareDevil","Diffraction","CrumblingArmor","InformationCode","Penitence","PunishingBird","CherryBlossom","SpecialBullet","OSAHOGD","Diffraction"],"relics":["CogitoBucket","LetterFromLob","Hallownest:DreamNailRelic","zeldaRelics:CouragePiece","vexMod:Spyglass","HellTrain","Circlet","Coffee Dripper"],"acts_visited":["Exordium","Hallownest:Greenpath"],"potions_floor_usage":[],"damage_taken":[{"damage":0.0,"enemies":"Hallownest:2_Tiktiks_and_1_Crawlid","floor":1.0,"turns":2.0},{"damage":11.0,"enemies":"Hallownest:monsterHuskWarrior","floor":3.0,"turns":6.0},{"damage":15.0,"enemies":"Hallownest:2_Baldur","floor":4.0,"turns":6.0},{"damage":5.0,"enemies":"Hallownest:Guard_and_Warrior","floor":5.0,"turns":8.0},{"damage":40.0,"enemies":"Hallownest:eliteCrystalGuardian","floor":6.0,"turns":6.0},{"damage":41.0,"enemies":"Hallownest:2_Tiktiks_1_Baldur_1_Crawlid","floor":11.0,"turns":6.0},{"damage":7.0,"enemies":"Hallownest:1_Baldur_1_Crawlid_1_Warrior","floor":12.0,"turns":6.0},{"damage":2.0,"enemies":"Hallownest:Wandering_and_Horned","floor":14.0,"turns":5.0},{"damage":5.0,"enemies":"Hallownest:BossBrokenVessel","floor":16.0,"turns":7.0},{"damage":75,"enemies":"Hallownest:3_Youths","floor":18,"turns":5}],"seed_played":"3141469493572750688","potions_obtained":[{"floor":1.0,"key":"blueLaboratory:BubblePotion"},{"floor":14.0,"key":"ColorlessPotion"}],"is_trial":true,"path_per_floor":["M","?","M","M","M","E","R","$","T","R","M","M","?","M","R","B",null,"M"],"character_chosen":"Angela","items_purchased":["vexMod:Spyglass"],"campfire_rested":1,"item_purchase_floors":[8],"current_hp_per_floor":[70,70,70,55,56,26,47,47,47,47,15,15,15,17,17,25,70,0,0],"gold":191,"neow_bonus":"","is_daily":false,"chose_seed":false,"campfire_upgraded":0,"win_rate":0.0,"timestamp":1609434463,"path_taken":["M","?","M","M","?","E","R","?","T","R","M","M","?","M","R","BOSS","M"],"items_purchased_type":["Relic"],"build_version":"2020-12-22","purchased_purges":1,"victory":false,"max_hp_per_floor":[70,70,70,70,70,70,70,70,70,70,70,70,70,70,70,70,70,70,70],"card_choices":[{"not_picked":["Hypocrisy","Harvest"],"picked":"GreenStem","floor":0.0},{"not_picked":["RedEyes","Lantern"],"picked":"InTheNameOfLoveAndHate","floor":0.0},{"not_picked":["Beak","RedEyes"],"picked":"Gaze","floor":0.0},{"not_picked":["RedEyes","RapturousDream"],"picked":"CUTE","floor":0.0},{"not_picked":["RapturousDream","GreenStem"],"picked":"Soda","floor":0.0},{"not_picked":["Loneliness","Horn"],"picked":"Christmas","floor":0.0},{"not_picked":["SomewhereSpear","Tough"],"picked":"CherryBlossom","floor":0.0},{"not_picked":["Gaze","Galaxy"],"picked":"CrimsonScar","floor":0.0},{"not_picked":["Horn","Lantern"],"picked":"Noise","floor":0.0},{"not_picked":["Soda","FeatherOfHonor"],"picked":"CherryBlossom","floor":0.0},{"not_picked":["Loneliness","Hornet"],"picked":"Soda","floor":0.0},{"not_picked":["Loneliness","Beak"],"picked":"Regret_ego","floor":0.0},{"not_picked":["Penitence","Wingbeat"],"picked":"FourthMatchFlame","floor":0.0},{"not_picked":["Beak","SomewhereSpear"],"picked":"Regret_ego","floor":0.0},{"not_picked":["Loneliness","TodaysExpression"],"picked":"RapturousDream","floor":0.0},{"not_picked":["WallGazer","ShyLook"],"picked":"Murderer","floor":1.0},{"not_picked":["Hypocrisy"],"picked":"Diffraction","floor":1.0},{"not_picked":["RapturousDream"],"picked":"LifeForTheDareDevil","floor":3.0},{"not_picked":["SomewhereSpear"],"picked":"Diffraction","floor":3.0},{"not_picked":["OldLady","FairyFestival"],"picked":"CrumblingArmor","floor":3.0},{"not_picked":["RapturousDream"],"picked":"Penitence","floor":4.0},{"not_picked":["LittlePrince","Alriune"],"picked":"PunishingBird","floor":5.0},{"not_picked":["CUTE"],"picked":"CherryBlossom","floor":5.0},{"not_picked":["Penitence","Hornet"],"picked":"SKIP","floor":6.0},{"not_picked":["GrinderMk4","Laetitia_ego"],"picked":"SKIP","floor":11.0},{"not_picked":["LaLuna","FairyFestival"],"picked":"OSAHOGD","floor":12.0},{"not_picked":["Loneliness"],"picked":"Diffraction","floor":12.0},{"not_picked":["Twilight","Lantern"],"picked":"SKIP","floor":14.0}],"player_experience":152682,"relics_obtained":[{"floor":1.0,"key":"LetterFromLob"},{"floor":6.0,"key":"zeldaRelics:CouragePiece"},{"floor":9.0,"key":"zeldaRelics:CouragePiece"}],"event_choices":[],"is_beta":false,"boss_relics":[{"not_picked":["Astrolabe","Velvet Choker"],"picked":"Coffee Dripper"}],"items_purged_floors":[8],"is_endless":false,"potions_floor_spawned":[1,14],"killed_by":"Hallownest:3_Youths","ascension_level":0}}