{"host":"ifkniheryhug0h86","time":1609437916,"event":{"mods":["AchievementEnabler","BaseMod","Block Reminder","Colored Map","Colored Powertips","DeckTracker","Downfall","Googly Eyes","Highlight Path","Hubris","Infinite Spire","Minty Spire (QoL Compilation)","Quick Restart","Relic Sorter","Relic Stats","StSLib","The Construct","The Necromancer"],"gold_per_floor":[364,40,40,40,40,69,79,79,79,79,92,121,136,156,156,156,156],"floor_reached":16,"playtime":734,"items_purged":["hubris:Despair"],"score":110,"play_id":"fe4c7648-3ed4-477c-a96c-1448a79f70ea","local_time":"20201231130516","is_ascension_mode":false,"campfire_choices":[{"data":"Armaments","floor":8,"key":"SMITH"},{"data":"hubris:CleavingFinish","floor":15,"key":"SMITH"}],"circlet_count":0,"master_deck":["Strike_R","Strike_R","Strike_R","Strike_R","Defend_R","Defend_R","Defend_R","Defend_R","Bash","hubris:CleavingFinish+1","infinitespire:TheBestDefense","Berserk","Armaments+1","Pommel Strike","Juggernaut","Flex"],"relics":["infinitespire:DarkRift","Brimstone","hubris:Icosahedron","infinitespire:Cubic Diamond","Vajra","Darkstone Periapt","Toy Ornithopter"],"acts_visited":["Exordium"],"potions_floor_usage":[3,13,14,14],"damage_taken":[{"damage":10,"enemies":"Small Slimes","floor":1,"turns":5},{"damage":16,"enemies":"Gremlin Nob","floor":6,"turns":4},{"damage":13,"enemies":"Jaw Worm","floor":7,"turns":2},{"damage":1,"enemies":"Cultist","floor":11,"turns":3},{"damage":28,"enemies":"3 Sentries","floor":12,"turns":5},{"damage":1,"enemies":"Blue Slaver","floor":13,"turns":2},{"damage":0,"enemies":"Lots of Slimes","floor":14,"turns":1},{"damage":36,"enemies":"Hexaghost","floor":16,"turns":5}],"seed_played":"-3376029260299097640","potions_obtained":[{"floor":1,"key":"PowerPotion"},{"floor":6,"key":"Explosive Potion"},{"floor":13,"key":"BloodPotion"}],"is_trial":false,"path_per_floor":["M","$","?","?","?","E","M","R","T","?","M","E","M","M","R","B"],"character_chosen":"IRONCLAD","items_purchased":["Brimstone","Fruit Juice"],"campfire_rested":0,"item_purchase_floors":[2,2],"current_hp_per_floor":[76,76,62,62,62,46,33,33,33,33,32,4,8,35,35,0,0],"gold":156,"neow_bonus":"TWO_FIFTY_GOLD","is_daily":false,"chose_seed":false,"campfire_upgraded":2,"win_rate":0.0,"timestamp":1609437916,"path_taken":["M","$","?","?","?","E","?","R","T","?","?","E","M","M","R","BOSS"],"items_purchased_type":["Relic","Potion"],"build_version":"2020-12-22","purchased_purges":1,"victory":false,"max_hp_per_floor":[80,80,85,85,85,85,85,85,85,85,85,85,85,85,85,85,85],"relic_stats":{"Darkstone Periapt":0,"counters":[8,27],"obtain_stats":[{"Darkstone Periapt":9,"infinitespire:DarkRift":5,"hubris:Icosahedron":4,"Brimstone":2,"Vajra":6,"infinitespire:Cubic Diamond":5,"Burning Blood":0,"Toy Ornithopter":12},{"Darkstone Periapt":3,"infinitespire:DarkRift":1,"hubris:Icosahedron":1,"Brimstone":1,"Vajra":2,"infinitespire:Cubic Diamond":1,"Burning Blood":0,"Toy Ornithopter":5},{"Darkstone Periapt":11,"infinitespire:DarkRift":5,"hubris:Icosahedron":5,"Brimstone":5,"Vajra":9,"infinitespire:Cubic Diamond":5,"Burning Blood":0,"Toy Ornithopter":19}],"Toy Ornithopter":15},"card_choices":[{"not_picked":["Clash","Body Slam"],"picked":"hubris:CleavingFinish","floor":1},{"not_picked":["infinitespire:SealOfDarkness+","hubris:Rewind"],"picked":"infinitespire:TheBestDefense","floor":3},{"not_picked":["Uppercut","Clothesline"],"picked":"Berserk","floor":6},{"not_picked":["Sever Soul","Sword Boomerang"],"picked":"Armaments","floor":7},{"not_picked":["Burning Pact","Shockwave"],"picked":"Pommel Strike","floor":11},{"not_picked":["Perfected Strike","Anger"],"picked":"Juggernaut","floor":12},{"not_picked":["Flame Barrier","Iron Wave"],"picked":"Flex","floor":13},{"not_picked":["hubris:CleavingFinish","Combust","Whirlwind"],"picked":"SKIP","floor":14}],"player_experience":14001,"relics_obtained":[{"floor":6,"key":"Vajra"},{"floor":9,"key":"Darkstone Periapt"},{"floor":12,"key":"Toy Ornithopter"}],"event_choices":[{"cards_removed":["Strike_R"],"damage_healed":0,"gold_gain":0,"player_choice":"Purged","damage_taken":0,"max_hp_gain":0,"max_hp_loss":0,"event_name":"Purifier","floor":10,"gold_loss":0}],"is_beta":false,"boss_relics":[],"items_purged_floors":[2],"is_endless":false,"potions_floor_spawned":[1,6,13],"killed_by":"Hexaghost","ascension_level":0}}