{"host":"czzthkrvfe6r7fjf","time":1609409657,"event":{"mods":["ATMod(∞¢Ë™Mod)","Act Like it!","BaseMod","Downfall","GungeonMod","Marisa£®ÏF”Í°°ƒß¿Ì…≥£©","Minty Spire (QoL Compilation)","Quick Restart","StSLib","The Servant 0.9.4","Waifu the Spire","°æπ¶ƒ‹Mod°øªÏ„Á÷Æª∑–ﬁ∏¥≤π∂°"],"gold_per_floor":[118,118,4,4,154,190,190,190,190,205,244,244,244,244],"floor_reached":13,"playtime":188,"items_purged":["Strike_R"],"score":211,"play_id":"cdf2a12b-9728-45c9-a683-7b7da952e49f","local_time":"20201231181417","is_ascension_mode":true,"campfire_choices":[{"data":"Whirlwind","floor":7,"key":"SMITH"},{"data":"AT_DrawKnifeCut","floor":12,"key":"SMITH"}],"circlet_count":0,"master_deck":["AscendersBane","Strike_R","Strike_R","Strike_R+1","Strike_R","Defend_R","Defend_R","Defend_R+1","Defend_R","Bash","AT_FamilyPortrait+1","Burning Pact","Metallicize","Injury","Doubt","Whirlwind+1","AT_DrawKnifeCut+1"],"relics":["Burning Blood","AT_ATBox","NeowsBlessing","Golden Idol","Magic Flower","Torii","Dream Catcher"],"acts_visited":["Exordium"],"potions_floor_usage":[],"damage_taken":[{"damage":0,"enemies":"Small Slimes","floor":1,"turns":1},{"damage":0,"enemies":"Lagavulin","floor":6,"turns":1},{"damage":0,"enemies":"2 Louse","floor":10,"turns":1},{"damage":1,"enemies":"3 Sentries","floor":11,"turns":5},{"damage":34,"enemies":"Lagavulin","floor":13,"turns":5}],"seed_played":"-7801087991474083662","potions_obtained":[{"floor":1,"key":"SpeedPotion"},{"floor":11,"key":"PowerPotion"}],"is_trial":false,"path_per_floor":["M","?","$","?","?","E","R","?","T","M","E","R","E"],"character_chosen":"IRONCLAD","items_purchased":["Metallicize"],"campfire_rested":0,"item_purchase_floors":[3],"current_hp_per_floor":[74,74,74,74,74,75,75,52,52,61,69,69,35,35],"gold":244,"neow_bonus":"THREE_ENEMY_KILL","is_daily":false,"chose_seed":false,"campfire_upgraded":2,"win_rate":0.0,"timestamp":1609409657,"path_taken":["M","?","$","?","?","E","R","?","T","?","E","R","E"],"items_purchased_type":["Card"],"build_version":"2020-12-22","purchased_purges":1,"victory":false,"max_hp_per_floor":[75,75,75,75,75,75,75,75,75,75,75,75,75,75],"card_choices":[{"not_picked":["Perfected Strike","Clothesline"],"picked":"Burning Pact","floor":1},{"not_picked":["Cleave","Thunderclap"],"picked":"Whirlwind","floor":6},{"not_picked":["Body Slam","Whirlwind"],"picked":"AT_DrawKnifeCut","floor":10},{"not_picked":["Seeing Red","DemoMod:WhiteBlade","Clothesline"],"picked":"SKIP","floor":11}],"player_experience":491454,"relics_obtained":[{"floor":6,"key":"Magic Flower"},{"floor":9,"key":"Torii"},{"floor":11,"key":"Dream Catcher"}],"event_choices":[{"damage_healed":0,"gold_gain":0,"player_choice":"Grow","damage_taken":0,"max_hp_gain":0,"max_hp_loss":0,"event_name":"Living Wall","floor":2,"gold_loss":0,"cards_upgraded":["AT_FamilyPortrait"]},{"damage_healed":0,"gold_gain":0,"player_choice":"Take Wound","damage_taken":0,"relics_obtained":["Golden Idol"],"max_hp_gain":0,"max_hp_loss":0,"event_name":"Golden Idol","floor":4,"gold_loss":0,"cards_obtained":["Injury"]},{"damage_healed":0,"gold_gain":150,"player_choice":"AGREE","damage_taken":0,"max_hp_gain":0,"max_hp_loss":0,"event_name":"Liars Game","floor":5,"gold_loss":0,"cards_obtained":["Doubt"]},{"damage_healed":0,"gold_gain":0,"player_choice":"Entered Light","damage_taken":23,"max_hp_gain":0,"max_hp_loss":0,"event_name":"Shining Light","floor":8,"gold_loss":0,"cards_upgraded":["Strike_R","Defend_R"]}],"is_beta":false,"boss_relics":[],"items_purged_floors":[3],"is_endless":false,"potions_floor_spawned":[1,11],"killed_by":"Lagavulin","ascension_level":17}}