{"host":"f6tqpspb2ou2a4h5","time":1609405349,"event":{"mods":["2.2 Compatiblity","Ascension Unlocker","BaseMod","Colored Map","DeckTracker","Hermit","Highlight Path","KOR Keyword Fix","Keyboard Shortcuts","Minty Spire (QoL Compilation)","Permanent Neow","Quick Restart","Random Character Button","StSLib","SuperFastMode","The Poker Player","everything is the same but u backflip on backflip"],"gold_per_floor":[118,118,118,43,62,62,98,98,98,142,155,8,22,22,22,142,142,167,20,20,20,45,45,144,144,144,144,144],"floor_reached":27,"playtime":812,"items_purged":["Regret"],"score":336,"play_id":"38b42f03-836e-44ab-9a85-ff525f580ad0","local_time":"20201231180229","is_ascension_mode":true,"campfire_choices":[{"data":"Hologram","floor":6.0,"key":"SMITH"},{"data":"Streamline","floor":8.0,"key":"SMITH"},{"floor":15.0,"key":"REST"},{"data":"Reprogram","floor":23.0,"key":"SMITH"},{"data":"Chill","floor":25.0,"key":"SMITH"}],"circlet_count":0,"master_deck":["AscendersBane","Strike_B","Strike_B","Strike_B","Strike_B","Defend_B","Defend_B","Defend_B","Defend_B","Zap","Dualcast","Chaos","Streamline+1","Hologram+1","Ball Lightning","Chill+1","Beam Cell","Rebound","All For One","Reprogram","Steam","Reprogram+1","Hologram"],"relics":["Cracked Core","Centennial Puzzle","Golden Idol","Prayer Wheel","Calipers","Smiling Mask","Oddly Smooth Stone","Lantern","Runic Pyramid","DollysMirror","Question Card"],"acts_visited":["Exordium","TheCity"],"potions_floor_usage":[],"damage_taken":[{"damage":13.0,"enemies":"2 Louse","floor":1.0,"turns":3.0},{"damage":0.0,"enemies":"Small Slimes","floor":5.0,"turns":3.0},{"damage":7.0,"enemies":"Gremlin Nob","floor":7.0,"turns":3.0},{"damage":20.0,"enemies":"Lagavulin","floor":10.0,"turns":6.0},{"damage":12.0,"enemies":"Jaw Worm","floor":11.0,"turns":3.0},{"damage":9.0,"enemies":"Exordium Thugs","floor":13.0,"turns":4.0},{"damage":19.0,"enemies":"Hexaghost","floor":16.0,"turns":7.0},{"damage":22.0,"enemies":"2 Thieves","floor":18.0,"turns":4.0},{"damage":7.0,"enemies":"Chosen","floor":22.0,"turns":6.0},{"damage":0,"enemies":"Gremlin Leader","floor":27,"turns":1}],"seed_played":"1681432159693976893","potions_obtained":[{"floor":7.0,"key":"EntropicBrew"},{"floor":11.0,"key":"DuplicationPotion"}],"is_trial":false,"path_per_floor":["M","?","?","$","M","R","E","R","T","E","M","$","M","?","R","B",null,"M","$","?","$","M","R","?","R","T","E"],"character_chosen":"DEFECT","items_purchased":["Oddly Smooth Stone","DollysMirror"],"campfire_rested":1,"item_purchase_floors":[12,19],"current_hp_per_floor":[55,55,55,55,55,55,48,48,48,28,16,16,7,7,27,8,54,32,32,32,32,25,25,25,25,25,25,25],"gold":144,"neow_bonus":"THREE_CARDS","is_daily":false,"chose_seed":false,"campfire_upgraded":4,"win_rate":0.0,"timestamp":1609405349,"path_taken":["M","?","?","$","M","R","E","R","T","E","M","$","M","?","R","BOSS","M","$","?","?","?","R","?","R","T","E"],"items_purchased_type":["Relic","Relic"],"build_version":"2020-12-22","purchased_purges":1,"victory":false,"max_hp_per_floor":[75,75,69,69,69,69,69,69,69,69,69,69,69,69,69,69,69,69,69,69,69,69,69,69,69,69,69,69],"card_choices":[{"not_picked":["Steam","Chill"],"picked":"Chaos","floor":0.0},{"not_picked":["Glacier","Go for the Eyes"],"picked":"Streamline","floor":1.0},{"not_picked":["Loop","Ball Lightning"],"picked":"Hologram","floor":5.0},{"not_picked":["Auto Shields","Barrage"],"picked":"Ball Lightning","floor":7.0},{"not_picked":["Storm","Reprogram"],"picked":"Chill","floor":10.0},{"not_picked":["Chill","Ball Lightning"],"picked":"Beam Cell","floor":11.0},{"not_picked":["Rip and Tear","Hologram","Genetic Algorithm"],"picked":"SKIP","floor":11.0},{"not_picked":["Darkness","Loop"],"picked":"Rebound","floor":13.0},{"not_picked":["Force Field","Compile Driver","Cold Snap"],"picked":"SKIP","floor":13.0},{"not_picked":["Rainbow","Multi-Cast"],"picked":"All For One","floor":16.0},{"not_picked":["Go for the Eyes","Stack"],"picked":"Reprogram","floor":18.0},{"not_picked":["Go for the Eyes","Cold Snap"],"picked":"Steam","floor":18.0},{"not_picked":["Ball Lightning","Loop"],"picked":"Hologram","floor":22.0},{"not_picked":["Melter","Beam Cell+1","Barrage+1"],"picked":"SKIP","floor":22.0}],"player_experience":115767,"relics_obtained":[{"floor":7.0,"key":"Prayer Wheel"},{"floor":9.0,"key":"Calipers"},{"floor":10.0,"key":"Smiling Mask"},{"floor":26.0,"key":"Question Card"}],"event_choices":[{"damage_healed":0.0,"max_hp_gain":0.0,"max_hp_loss":0.0,"gold_gain":0.0,"event_name":"Big Fish","player_choice":"Box","floor":2.0,"gold_loss":0.0,"damage_taken":0.0,"relics_obtained":["Centennial Puzzle"],"cards_obtained":["Regret"]},{"damage_healed":0.0,"max_hp_gain":0.0,"max_hp_loss":6.0,"gold_gain":0.0,"event_name":"Golden Idol","player_choice":"Lose Max HP","floor":3.0,"gold_loss":0.0,"damage_taken":0.0,"relics_obtained":["Golden Idol"]},{"damage_healed":0.0,"max_hp_gain":0.0,"max_hp_loss":0.0,"gold_gain":0.0,"event_name":"Dead Adventurer","player_choice":"Searched \u00272\u0027 times","floor":14.0,"gold_loss":0.0,"damage_taken":0.0,"relics_obtained":["Lantern"]},{"damage_healed":0.0,"max_hp_gain":0.0,"max_hp_loss":0.0,"gold_gain":0.0,"event_name":"Vampires","player_choice":"Ignored","floor":20.0,"gold_loss":0.0,"damage_taken":0.0},{"damage_healed":0.0,"max_hp_gain":0.0,"max_hp_loss":0.0,"gold_gain":99.0,"event_name":"Nest","player_choice":"Stole From Cult","floor":24.0,"gold_loss":0.0,"damage_taken":0.0}],"is_beta":false,"boss_relics":[{"not_picked":["Snecko Eye","Ectoplasm"],"picked":"Runic Pyramid"}],"items_purged_floors":[4],"is_endless":false,"potions_floor_spawned":[7,11,22],"killed_by":"Gremlin Leader","ascension_level":11}}