{"host":"ky7z67tg8zpdk0g7","time":1609390578,"event":{"mods":["BaseMod","Better Third Choice","CapriCore","Displayed Cursed Tome","Energized Spire","Halation","Hubris","Minty Spire (QoL Compilation)","Replay The Spire","Shop Mod","StSLib"],"gold_per_floor":[109,126,140,140,140,166,166,166,166,195,195,213,249,2,2,107,107,127,127,127,39,50,50,64,64,64],"floor_reached":25,"playtime":867,"items_purged":[],"score":260,"play_id":"c5ba0121-8542-4b49-976f-a7d656954930","local_time":"20201231115618","is_ascension_mode":true,"campfire_choices":[{"data":"Deadly Poison","floor":8,"key":"SMITH"},{"data":"Draining Mist","floor":11,"key":"SMITH"},{"data":"Apotheosis","floor":15,"key":"SMITH"},{"floor":23,"key":"REST"}],"circlet_count":0,"master_deck":["Strike_G","Strike_G","Strike_G","Strike_G","Defend_G","Defend_G","Defend_G","Defend_G","Defend_G","Survivor","Neutralize","Catalyst+1","Deadly Poison+1","Blur","Draining Mist+1","Bane","Catalyst","ReplayTheSpireMod:IOU","Apotheosis+1","Poison Darts","Deadly Poison","Tools of the Trade","Escape Plan+1","Bouncing Flask"],"relics":["Ring of the Snake","Unceasing Top","Pear","Tiny Chest","halation:VictoryRuler","Replay:Wax Seal","Toy Ornithopter","Black Star","Blue Candle"],"acts_visited":["Exordium","TheCity"],"potions_floor_usage":[10,10,10,10,16,22,24,25],"damage_taken":[{"damage":0,"enemies":"2 Louse","floor":1,"turns":2},{"damage":3,"enemies":"Jaw Worm","floor":2,"turns":5},{"damage":1,"enemies":"Small Slimes","floor":3,"turns":4},{"damage":11,"enemies":"Lagavulin","floor":6,"turns":7},{"damage":5,"enemies":"3 Sentries","floor":10,"turns":7},{"damage":3,"enemies":"Looter","floor":12,"turns":2},{"damage":4,"enemies":"Hexaghost","floor":16,"turns":9},{"damage":29,"enemies":"3 Byrds","floor":18,"turns":5},{"damage":11,"enemies":"Shell Parasite","floor":21,"turns":3},{"damage":42,"enemies":"Cultist and Chosen","floor":22,"turns":7},{"damage":23,"enemies":"Centurion and Healer","floor":24,"turns":7},{"damage":21,"enemies":"Book of Stabbing","floor":25,"turns":3}],"seed_played":"6830271393150156803","potions_obtained":[{"floor":0,"key":"EntropicBrew"},{"floor":0,"key":"CultistPotion"},{"floor":0,"key":"FearPotion"},{"floor":3,"key":"Adrenaline Potion"},{"floor":22,"key":"Swift Potion"},{"floor":24,"key":"EssenceOfSteel"}],"is_trial":false,"path_per_floor":["M","M","M","?","?","E","T","R","T","E","R","M","?","$","R","B",null,"M","?","T","M","M","R","M","E"],"character_chosen":"THE_SILENT","items_purchased":["Replay:Wax Seal","Catalyst","Toy Ornithopter","Apotheosis"],"campfire_rested":1,"item_purchase_floors":[14,14,14,14],"current_hp_per_floor":[70,67,66,66,59,48,58,58,58,53,53,50,30,30,30,31,80,51,51,51,40,3,27,9,0,0],"gold":64,"neow_bonus":"THREE_SMALL_POTIONS","is_daily":false,"chose_seed":false,"campfire_upgraded":3,"win_rate":0.0,"timestamp":1609390578,"path_taken":["M","M","M","?","?","E","?","R","T","E","R","M","?","?","R","BOSS","M","?","?","M","M","R","M","E"],"items_purchased_type":["Relic","Card","Relic","Card"],"build_version":"2020-12-22","purchased_purges":0,"victory":false,"max_hp_per_floor":[70,70,70,70,70,70,80,80,80,80,80,80,80,80,80,80,80,80,80,80,80,80,80,80,80,80],"card_choices":[{"not_picked":["Acrobatics","Dash"],"picked":"Catalyst","floor":1},{"not_picked":["Acrobatics","Backflip"],"picked":"Deadly Poison","floor":2},{"not_picked":["PiercingWail","Masterful Stab"],"picked":"Blur","floor":3},{"not_picked":["Dagger Spray","hubris:SlightOfHand","Predator"],"picked":"SKIP","floor":6},{"not_picked":["Hidden Blade","Riddle With Holes"],"picked":"Draining Mist","floor":10},{"not_picked":["Sucker Punch","Reflex","Outmaneuver"],"picked":"SKIP","floor":12},{"not_picked":["Unload","Blur"],"picked":"Bane","floor":13},{"not_picked":["Malaise","After Image"],"picked":"Poison Darts","floor":16},{"not_picked":["Expertise","Fluid Movement"],"picked":"Deadly Poison","floor":18},{"not_picked":["ReplayTheSpireMod:The Works","Reflex","Acrobatics"],"picked":"SKIP","floor":21},{"not_picked":["All Out Attack","Finisher"],"picked":"Escape Plan+1","floor":22},{"not_picked":["Reflex+1","Flying Knee+1"],"picked":"Bouncing Flask","floor":24}],"player_experience":56115,"relics_obtained":[{"floor":6,"key":"Unceasing Top"},{"floor":7,"key":"Pear"},{"floor":10,"key":"Tiny Chest"},{"floor":13,"key":"halation:VictoryRuler"},{"floor":20,"key":"Blue Candle"}],"event_choices":[{"cards_removed":["Strike_G"],"damage_healed":0,"gold_gain":0,"player_choice":"Card Removal","damage_taken":7,"max_hp_gain":0,"max_hp_loss":0,"event_name":"Golden Wing","floor":5,"gold_loss":0},{"damage_healed":0,"gold_gain":0,"player_choice":"1 cards matched","damage_taken":0,"max_hp_gain":0,"max_hp_loss":0,"event_name":"Match and Keep!","floor":19,"gold_loss":0,"cards_obtained":["Tools of the Trade"]}],"is_beta":false,"boss_relics":[{"not_picked":["Tiny House","Busted Crown"],"picked":"Black Star"}],"items_purged_floors":[],"is_endless":false,"potions_floor_spawned":[1,3,6,22,24],"killed_by":"Book of Stabbing","ascension_level":2}}