{"host":"kh6fvhxn285ncg0o","time":1609411697,"event":{"mods":["Act Like it!","BaseMod","Colored Map","Friendly Minions","Keyboard Shortcuts","Minty Spire (QoL Compilation)","Quick Restart","Relic Stats","StSLib","SuperFastMode"],"gold_per_floor":[10,20,20,41,41,75,96,140,140,161,161,192,208,238,238,329,329,352,386,154,79,79,79,115,115,194,235,260,291,291,291,291,382,382,402,302,315,315,33,71,293,326,396,419,760,760,685,703,703,703,703,703,703,69,110,110],"floor_reached":57,"playtime":2470,"items_purged":["Strike_P","Strike_P","Defend_P","Judgement"],"score":3349,"play_id":"61c964b9-bb3b-42ed-b9c5-563fd6ea3cc0","local_time":"20201231194817","is_ascension_mode":true,"campfire_choices":[{"floor":11.0,"key":"REST"},{"data":"Apotheosis","floor":15.0,"key":"SMITH"},{"data":"Scrawl","floor":23.0,"key":"SMITH"},{"floor":25.0,"key":"REST"},{"floor":30.0,"key":"RECALL"},{"floor":32.0,"key":"REST"},{"data":"DeusExMachina","floor":49,"key":"SMITH"},{"floor":53,"key":"REST"}],"circlet_count":0,"master_deck":["AscendersBane","Vigilance","Apotheosis+1","FearNoEvil","Tantrum","Scrawl+1","CrushJoints","DeusExMachina+1","Scrawl+1","Halt","Dark Shackles+1","Purity","EmptyMind+1","DevaForm","Flash of Steel"],"relics":["PureWater","Golden Idol","Juzu Bracelet","Blood Vial","Kunai","CaptainsWheel","Odd Mushroom","Empty Cage","Red Mask","Lantern","Bag of Marbles","InkBottle","Tiny Chest","Akabeko","VioletLotus","TheAbacus","War Paint","Omamori","Old Coin","Toolbox","Toy Ornithopter","Happy Flower"],"acts_visited":["Exordium","TheCity","TheBeyond","TheEnding"],"potions_floor_usage":[51,56,56],"damage_taken":[{"damage":0.0,"enemies":"2 Louse","floor":1.0,"turns":2.0},{"damage":0.0,"enemies":"Jaw Worm","floor":2.0,"turns":3.0},{"damage":0.0,"enemies":"Small Slimes","floor":4.0,"turns":1.0},{"damage":30.0,"enemies":"3 Sentries","floor":6.0,"turns":5.0},{"damage":1.0,"enemies":"Exordium Thugs","floor":7.0,"turns":3.0},{"damage":3.0,"enemies":"Gremlin Nob","floor":8.0,"turns":3.0},{"damage":1.0,"enemies":"Looter","floor":10.0,"turns":2.0},{"damage":0.0,"enemies":"Lagavulin","floor":12.0,"turns":4.0},{"damage":0.0,"enemies":"3 Louse","floor":13.0,"turns":2.0},{"damage":18.0,"enemies":"The Mushroom Lair","floor":14.0,"turns":2.0},{"damage":1.0,"enemies":"Hexaghost","floor":16.0,"turns":6.0},{"damage":10.0,"enemies":"2 Thieves","floor":18.0,"turns":2.0},{"damage":0.0,"enemies":"Masked Bandits","floor":19.0,"turns":2.0},{"damage":11.0,"enemies":"Slavers","floor":24.0,"turns":6.0},{"damage":14.0,"enemies":"Book of Stabbing","floor":27.0,"turns":3.0},{"damage":0.0,"enemies":"3 Byrds","floor":28.0,"turns":3.0},{"damage":0.0,"enemies":"Gremlin Leader","floor":29.0,"turns":2.0},{"damage":0.0,"enemies":"Collector","floor":33.0,"turns":2.0},{"damage":0.0,"enemies":"3 Darklings","floor":35.0,"turns":1.0},{"damage":0.0,"enemies":"3 Shapes","floor":37.0,"turns":1.0},{"damage":0.0,"enemies":"Nemesis","floor":40.0,"turns":1.0},{"damage":0.0,"enemies":"Reptomancer","floor":42.0,"turns":2.0},{"damage":0.0,"enemies":"Giant Head","floor":45.0,"turns":2.0},{"damage":0,"enemies":"Jaw Worm Horde","floor":48,"turns":1},{"damage":0,"enemies":"Donu and Deca","floor":50,"turns":5},{"damage":11,"enemies":"Time Eater","floor":51,"turns":10},{"damage":0,"enemies":"Shield and Spear","floor":55,"turns":1},{"damage":35,"enemies":"The Heart","floor":56,"turns":6}],"seed_played":"7418656192037371845","potions_obtained":[{"floor":2.0,"key":"BlessingOfTheForge"},{"floor":4.0,"key":"BlessingOfTheForge"},{"floor":7.0,"key":"Dexterity Potion"},{"floor":10.0,"key":"BottledMiracle"},{"floor":12.0,"key":"EssenceOfSteel"},{"floor":18.0,"key":"Swift Potion"},{"floor":28.0,"key":"ColorlessPotion"},{"floor":29.0,"key":"Strength Potion"},{"floor":40.0,"key":"SteroidPotion"}],"is_trial":false,"path_per_floor":["M","M","?","M","?","E","M","E","T","M","R","E","M","?","R","B",null,"M","?","$","?","?","R","E","R","T","E","M","E","R","?","R","B",null,"M","$","M","?","$","E","?","E","T","T","E","?","?","M","R","B","B",null,"R","$","E","B",null],"character_chosen":"WATCHER","items_purchased":["Lantern","TheAbacus","Flash of Steel","Strength Potion","Toolbox","Toy Ornithopter"],"campfire_rested":4,"item_purchase_floors":[20,39,54,54,54,54],"current_hp_per_floor":[61,61,61,61,61,31,30,27,27,28,46,48,50,34,34,35,55,47,49,49,49,49,49,40,58,58,46,48,50,50,50,62,62,62,62,62,62,52,52,54,54,56,56,56,58,62,62,62,62,62,51,59,62,62,62,27],"gold":110,"neow_bonus":"RANDOM_COLORLESS_2","is_daily":false,"chose_seed":false,"campfire_upgraded":3,"win_rate":0.0,"timestamp":1609411697,"path_taken":["M","M","?","M","?","E","M","E","T","M","R","E","M","?","R","BOSS","M","?","$","?","?","R","E","R","T","E","M","E","R","?","R","BOSS","M","$","M","?","$","E","?","E","T","?","E","?","?","M","R","BOSS","BOSS","R","$","E","BOSS"],"items_purchased_type":["Relic","Relic","Card","Potion","Relic","Relic"],"build_version":"2020-12-22","purchased_purges":4,"victory":true,"max_hp_per_floor":[68,68,62,62,62,62,62,62,62,62,62,62,62,62,62,62,62,62,62,62,62,62,62,62,62,62,62,62,62,62,62,62,62,62,62,62,62,62,62,62,62,62,62,62,62,62,62,62,62,62,62,62,62,62,62,62],"relic_stats":{"Happy Flower":[2],"counters":[28,83],"Golden Idol":215,"Juzu Bracelet":1,"War Paint":["Dark Shackles","Scrawl"],"Blood Vial":28,"TheAbacus":[426],"Tiny Chest":1,"VioletLotus":[46],"Kunai":[70],"obtain_stats":[{"Lantern":20,"Happy Flower":55,"Golden Idol":3,"Juzu Bracelet":6,"Omamori":44,"Odd Mushroom":14,"War Paint":40,"Empty Cage":17,"Akabeko":29,"Old Coin":45,"Blood Vial":8,"CaptainsWheel":12,"TheAbacus":39,"Toolbox":54,"Tiny Chest":27,"VioletLotus":34,"Red Mask":19,"Bag of Marbles":24,"Kunai":9,"PureWater":0,"InkBottle":26,"Toy Ornithopter":54},{"Lantern":13,"Happy Flower":27,"Golden Idol":2,"Juzu Bracelet":4,"Omamori":22,"Odd Mushroom":10,"War Paint":21,"Empty Cage":11,"Akabeko":17,"Old Coin":23,"Blood Vial":6,"CaptainsWheel":8,"TheAbacus":20,"Toolbox":26,"Tiny Chest":15,"VioletLotus":18,"Red Mask":13,"Bag of Marbles":14,"Kunai":6,"PureWater":0,"InkBottle":14,"Toy Ornithopter":26},{"Lantern":37,"Happy Flower":77,"Golden Idol":5,"Juzu Bracelet":11,"Omamori":58,"Odd Mushroom":27,"War Paint":56,"Empty Cage":33,"Akabeko":51,"Old Coin":60,"Blood Vial":17,"CaptainsWheel":23,"TheAbacus":55,"Toolbox":76,"Tiny Chest":46,"VioletLotus":53,"Red Mask":37,"Bag of Marbles":43,"Kunai":17,"PureWater":0,"InkBottle":43,"Toy Ornithopter":76}],"InkBottle":[33],"Toy Ornithopter":0},"card_choices":[{"not_picked":["Chrysalis","Thinking Ahead"],"picked":"Apotheosis","floor":0.0},{"not_picked":["Meditate","Weave"],"picked":"FearNoEvil","floor":1.0},{"not_picked":["Crescendo","CutThroughFate"],"picked":"Tantrum","floor":2.0},{"not_picked":["Prostrate","FlyingSleeves","Conclude"],"picked":"SKIP","floor":4.0},{"not_picked":["Protect","ThirdEye","EmptyMind"],"picked":"SKIP","floor":6.0},{"not_picked":["Study","Evaluate","Wireheading"],"picked":"SKIP","floor":8.0},{"not_picked":["FollowUp","Consecrate"],"picked":"Scrawl","floor":10.0},{"not_picked":["SashWhip","Conclude","Crescendo"],"picked":"SKIP","floor":12.0},{"not_picked":["Crescendo","CrushJoints","ThirdEye"],"picked":"SKIP","floor":13.0},{"not_picked":["Crescendo","ThirdEye"],"picked":"CrushJoints","floor":13.0},{"not_picked":["Consecrate","SashWhip","CrushJoints"],"picked":"SKIP","floor":18.0},{"not_picked":["Weave","Protect+1","Evaluate"],"picked":"SKIP","floor":24.0},{"not_picked":["CrushJoints","EmptyBody+1","Ragnarok"],"picked":"SKIP","floor":27.0},{"not_picked":["CrushJoints","EmptyBody+1","Ragnarok"],"picked":"SKIP","floor":27.0},{"not_picked":["Nirvana+1","PathToVictory","EmptyFist"],"picked":"SKIP","floor":28.0},{"not_picked":["WindmillStrike","WaveOfTheHand"],"picked":"DeusExMachina","floor":29.0},{"not_picked":["Judgement","Brilliance"],"picked":"Scrawl","floor":33.0},{"not_picked":["Meditate","ThirdEye","FollowUp+1"],"picked":"SKIP","floor":35.0},{"not_picked":["Crescendo","FlurryOfBlows"],"picked":"Halt","floor":37.0},{"not_picked":["Madness","Swift Strike"],"picked":"Dark Shackles","floor":38.0},{"not_picked":["The Bomb","Panache"],"picked":"Purity","floor":38.0},{"not_picked":["Consecrate","FollowUp","PathToVictory"],"picked":"SKIP","floor":40.0},{"not_picked":["Pray","Vault"],"picked":"EmptyMind+1","floor":42.0},{"not_picked":["Tantrum","Halt","FollowUp"],"picked":"SKIP","floor":45.0},{"not_picked":["DeceiveReality","FlyingSleeves+1","Conclude"],"picked":"SKIP","floor":48},{"not_picked":["Devotion","EmptyFist","Vengeance"],"picked":"SKIP","floor":55}],"player_experience":3331984,"relics_obtained":[{"floor":6.0,"key":"Juzu Bracelet"},{"floor":8.0,"key":"Blood Vial"},{"floor":9.0,"key":"Kunai"},{"floor":12.0,"key":"CaptainsWheel"},{"floor":14.0,"key":"Odd Mushroom"},{"floor":19.0,"key":"Red Mask"},{"floor":24.0,"key":"Bag of Marbles"},{"floor":26.0,"key":"InkBottle"},{"floor":27.0,"key":"Tiny Chest"},{"floor":29.0,"key":"Akabeko"},{"floor":40.0,"key":"War Paint"},{"floor":44.0,"key":"Omamori"},{"floor":45.0,"key":"Old Coin"},{"floor":55,"key":"Happy Flower"}],"event_choices":[{"damage_healed":0.0,"max_hp_gain":0.0,"max_hp_loss":6.0,"gold_gain":0.0,"event_name":"Golden Idol","player_choice":"Lose Max HP","floor":3.0,"gold_loss":0.0,"damage_taken":0.0,"relics_obtained":["Golden Idol"]},{"damage_healed":0.0,"max_hp_gain":0.0,"max_hp_loss":0.0,"gold_gain":0.0,"event_name":"Liars Game","player_choice":"Ignored","floor":5.0,"gold_loss":0.0,"damage_taken":0.0},{"damage_healed":0.0,"max_hp_gain":0.0,"max_hp_loss":0.0,"gold_gain":0.0,"event_name":"Mushrooms","player_choice":"Fought Mushrooms","floor":14.0,"gold_loss":0.0,"damage_taken":0.0},{"damage_healed":0.0,"max_hp_gain":0.0,"max_hp_loss":0.0,"gold_gain":0.0,"event_name":"Masked Bandits","player_choice":"Fought Bandits","floor":19.0,"gold_loss":0.0,"damage_taken":0.0},{"cards_removed":["Defend_P"],"damage_healed":0.0,"max_hp_gain":0.0,"max_hp_loss":0.0,"gold_gain":0.0,"event_name":"Beggar","player_choice":"Gave Gold","floor":21.0,"gold_loss":75.0,"damage_taken":0.0},{"damage_healed":0.0,"max_hp_gain":0.0,"max_hp_loss":0.0,"gold_gain":0.0,"event_name":"Vampires","player_choice":"Ignored","floor":22.0,"gold_loss":0.0,"damage_taken":0.0},{"cards_removed":["Defend_P"],"damage_healed":0.0,"max_hp_gain":0.0,"max_hp_loss":0.0,"gold_gain":0.0,"event_name":"Back to Basics","player_choice":"Elegance","floor":31.0,"gold_loss":0.0,"damage_taken":0.0},{"damage_healed":0.0,"max_hp_gain":0.0,"max_hp_loss":0.0,"gold_gain":0.0,"event_name":"SensoryStone","player_choice":"Memory 3","floor":38.0,"gold_loss":0.0,"damage_taken":10.0},{"damage_healed":0.0,"max_hp_gain":0.0,"max_hp_loss":0.0,"gold_gain":222.0,"event_name":"Tomb of Lord Red Mask","player_choice":"Wore Mask","floor":41.0,"gold_loss":0.0,"damage_taken":0.0},{"damage_healed":4.0,"max_hp_gain":0.0,"max_hp_loss":0.0,"gold_gain":0.0,"event_name":"Wheel of Change","player_choice":"Full Heal","floor":46.0,"gold_loss":0.0,"damage_taken":0.0},{"damage_healed":0,"gold_gain":0,"cards_transformed":["Eruption","Strike_P"],"player_choice":"Transformed Cards","damage_taken":0,"max_hp_gain":0,"max_hp_loss":0,"event_name":"Designer","floor":47,"gold_loss":75,"cards_obtained":["Judgement","DevaForm"]}],"is_beta":false,"boss_relics":[{"not_picked":["Philosopher\u0027s Stone","Velvet Choker"],"picked":"Empty Cage"},{"not_picked":["Runic Dome","Cursed Key"],"picked":"VioletLotus"}],"items_purged_floors":[20,36,39,54],"is_endless":false,"potions_floor_spawned":[2,4,7,10,12,18,28,29,40,42,48,55],"ascension_level":20}}