{"host":"867cnhxguf2bzj4x","time":1609436817,"event":{"mods":["BaseMod","GifTheSpireLib","Lobotomy","Minty Spire (QoL Compilation)","StSLib","The Bug Knight","The Cursed"],"gold_per_floor":[112,34,51,51,51,51,16,16,16,16,52,77,108,108,108,108,108],"floor_reached":16,"playtime":524,"items_purged":[],"score":117,"play_id":"7447a294-be94-49b9-aa7d-4a7b5f40cddf","local_time":"20201231184657","is_ascension_mode":true,"campfire_choices":[{"floor":6,"key":"REST"},{"data":"Blade Dance","floor":8,"key":"SMITH"},{"floor":15,"key":"REST"}],"circlet_count":0,"master_deck":["Strike_G","Strike_G","Strike_G","Strike_G","Strike_G","Defend_G","Defend_G","Defend_G","Defend_G","Defend_G","Survivor","Neutralize","OldLady","Escape Plan","ShyLook","Blade Dance+1","MHz","Accuracy","Cloak And Dagger"],"relics":["Ring of the Snake","CogitoBucket","Golden Idol","Kunai","Oddly Smooth Stone","WingedGreaves"],"acts_visited":["Exordium"],"potions_floor_usage":[13,13],"damage_taken":[{"damage":6,"enemies":"Cultist","floor":1,"turns":4},{"damage":4,"enemies":"Jaw Worm","floor":3,"turns":3},{"damage":70,"enemies":"Gremlin Nob","floor":11,"turns":6},{"damage":0,"enemies":"2 Louse","floor":12,"turns":2},{"damage":1,"enemies":"Lagavulin","floor":13,"turns":7},{"damage":30,"enemies":"Slime Boss","floor":16,"turns":13}],"seed_played":"-2716972683925736099","potions_obtained":[{"floor":1,"key":"EssenceOfSteel"},{"floor":3,"key":"SkillPotion"}],"is_trial":false,"path_per_floor":["M","$","M","$","?","R","?","R","T","?","E","M","E","?","R","B"],"character_chosen":"THE_SILENT","items_purchased":["Escape Plan"],"campfire_rested":2,"item_purchase_floors":[2],"current_hp_per_floor":[64,64,60,60,43,64,70,70,70,75,5,5,4,4,26,0,0],"gold":108,"neow_bonus":"","is_daily":false,"chose_seed":false,"campfire_upgraded":1,"win_rate":0.0,"timestamp":1609436817,"path_taken":["M","$","?","$","?","R","?","R","T","?","E","M","E","?","R","BOSS"],"items_purchased_type":["Card"],"build_version":"2020-12-22","purchased_purges":0,"victory":false,"max_hp_per_floor":[70,70,70,70,70,70,70,70,70,75,75,75,75,75,75,75,75],"card_choices":[{"not_picked":["Woodsman","Murderer"],"picked":"OldLady","floor":1},{"not_picked":["Quick Slash","Slice","Dagger Throw"],"picked":"SKIP","floor":1},{"not_picked":["WallGazer","DespairKnight"],"picked":"ShyLook","floor":3},{"not_picked":["Slice","Well Laid Plans"],"picked":"Blade Dance","floor":3},{"not_picked":["SpiderBud","Wellcheers"],"picked":"MHz","floor":11},{"not_picked":["Dagger Spray","Bane"],"picked":"Accuracy","floor":11},{"not_picked":["Endless Agony","Finisher","Poisoned Stab"],"picked":"SKIP","floor":12},{"not_picked":["Endless Agony","Finisher","Poisoned Stab"],"picked":"SKIP","floor":12},{"not_picked":["Dodge and Roll","Quick Slash"],"picked":"Cloak And Dagger","floor":13}],"player_experience":86343,"relics_obtained":[{"floor":9,"key":"Kunai"},{"floor":11,"key":"Oddly Smooth Stone"},{"floor":13,"key":"WingedGreaves"}],"event_choices":[{"damage_healed":0,"gold_gain":0,"player_choice":"Take Damage","damage_taken":17,"relics_obtained":["Golden Idol"],"max_hp_gain":0,"max_hp_loss":0,"event_name":"Golden Idol","floor":5,"gold_loss":0},{"damage_healed":17,"gold_gain":0,"player_choice":"Healed","damage_taken":0,"max_hp_gain":0,"max_hp_loss":0,"event_name":"The Cleric","floor":7,"gold_loss":35},{"damage_healed":0,"gold_gain":0,"player_choice":"Donut","damage_taken":0,"max_hp_gain":5,"max_hp_loss":0,"event_name":"Big Fish","floor":10,"gold_loss":0},{"damage_healed":0,"gold_gain":0,"player_choice":"Ignored","damage_taken":0,"max_hp_gain":0,"max_hp_loss":0,"event_name":"Golden Wing","floor":14,"gold_loss":0}],"is_beta":false,"boss_relics":[],"items_purged_floors":[],"is_endless":false,"potions_floor_spawned":[1,3],"killed_by":"Slime Boss","ascension_level":2}}