{"host":"m4gez01cdgxblqzl","time":1609438669,"event":{"mods":["2.2 Compatiblity","AchievementEnabler","Act Like it!","Aspiration","BaseMod","Better Altar","Better Match","Better Note","Better Sensory Stone","Better Skull","Better Third Choice","BetterRewards","CCEM","Challenge The Spire","Clawfect","Colored Powertips","Conspire","Downfall","GifTheSpireLib","Glutton Mod","Halation","Hermit","Hubris","Infinite Spire","Jedi Mod","Minty Spire (QoL Compilation)","Permanent Neow","READ ME - Guardian Mod","RatMod","Replay The Spire","Shade Mod","Shop Mod","Spicy Shops","Spikes Relics","StSLib","Stuff the Spire","The Blue Laboratory","The Construct","The Jungle","The Problem Sleuth","The Runesmith","The Spell Scribe","Trackpad","Unceasing Turn Reminder","Unknown Chances","everything is the same but u backflip on backflip","vexMod"],"gold_per_floor":[116,116,116,130,150,185,185,213,213,225,256,287,327,373,385,502,514,541,553,565,577,529,541,568,580,617,647,684,711,62,62,62,75,75,178,178,189,189,199,199,210,236,236,236,236,236,236,236,250,163,163,163],"floor_reached":53,"playtime":5883,"items_purged":[],"score":815,"play_id":"86787ac3-1cee-4f41-920e-4f2982d57fd5","local_time":"20201231121749","is_ascension_mode":true,"campfire_choices":[{"floor":7,"key":"REST"},{"floor":10,"key":"REST"},{"floor":15,"key":"DIG"},{"floor":23,"key":"REST"},{"floor":34,"key":"REST"},{"data":"Demon Form","floor":43,"key":"SMITH"},{"data":"jedi:harder","floor":46,"key":"SMITH"},{"data":"Double Tap","floor":51,"key":"SMITH"}],"circlet_count":0,"master_deck":["Defend_R","Defend_R+1","Defend_R","Defend_R","Bash","StuffTheSpire:Slingshot","Pommel Strike","Fire Breathing","Headbutt","Clothesline","StuffTheSpire:Incineration","Blood for Blood","Blood for Blood","Pot Of Greed","Pot Of Greed","jedi:unlimitedpower","Replay:Undeath\u0027s Touch+1","Slimebound:Tackle+1","Slimebound:Tackle+1","Slimebound:Tackle+1","StuffTheSpire:CopiaOfFamine","Wild Strike+1","Pummel+1","Flame Barrier+1","Dual Wield","Feel No Pain","infinitespire:OneForAll","hubris:ReadiedAction","Double Tap+1","Life Link","Demon Form+1","infinitespire:OneForAll","Pot Of Greed","Absolvement+1","Body Slam+1","jedi:harder+1","expansioncontent:YouAreMine","Blind","Thunderclap+1"],"relics":["Burning Blood","NeowsBlessing","Strawberry","vexMod:CardConverter","BlackRope","MawBank","Odd Mushroom","Simple Rune","Grinning Jar","hubris:Backtick","Juzu Bracelet","Mummified Hand","StuffTheSpire:Gunfinga","StuffTheSpire:Barrel","halation:LostSnail","Pantograph","Coffee Dripper","theSleuth:Tectrixcalibur","Snack Pack","Replay:Wax Seal","Kunai"],"acts_visited":["Exordium","TheCity","TheBeyond"],"potions_floor_usage":[8,13,16,35,35,52],"damage_taken":[{"damage":0,"enemies":"conspire:RoseBush","floor":1,"turns":1},{"damage":0,"enemies":"Jaw Worm","floor":4,"turns":1},{"damage":0,"enemies":"2 Louse","floor":5,"turns":1},{"damage":49,"enemies":"Lagavulin","floor":6,"turns":9},{"damage":15,"enemies":"Replay:BlueRogue","floor":8,"turns":6},{"damage":10,"enemies":"Blue Slaver","floor":11,"turns":3},{"damage":4,"enemies":"2 Fungi Beasts","floor":12,"turns":3},{"damage":22,"enemies":"The Mushroom Lair","floor":13,"turns":4},{"damage":31,"enemies":"3 Sentries","floor":14,"turns":5},{"damage":61,"enemies":"The Guardian","floor":16,"turns":9},{"damage":32,"enemies":"Spheric Guardian","floor":18,"turns":4},{"damage":22,"enemies":"3 Byrds","floor":24,"turns":4},{"damage":35,"enemies":"Sentry and Sphere","floor":27,"turns":4},{"damage":43,"enemies":"Slavers","floor":28,"turns":4},{"damage":31,"enemies":"3 Cultists","floor":29,"turns":4},{"damage":17,"enemies":"Centurion and Healer","floor":33,"turns":6},{"damage":60,"enemies":"hubris:MusketHawk","floor":35,"turns":8},{"damage":4,"enemies":"Orb Walker","floor":37,"turns":3},{"damage":28,"enemies":"3 Darklings","floor":39,"turns":5},{"damage":13,"enemies":"Spire Growth","floor":41,"turns":4},{"damage":41,"enemies":"Nemesis","floor":42,"turns":5},{"damage":3,"enemies":"Sphere and 2 Shapes","floor":49,"turns":3},{"damage":162,"enemies":"conspire:OrnateMirror","floor":52,"turns":9}],"seed_played":"8057837822349413411","potions_obtained":[{"floor":5,"key":"Flashbang"},{"floor":6,"key":"Weak Potion"},{"floor":8,"key":"blueLaboratory:FruitPunch"},{"floor":12,"key":"blueLaboratory:ConflagurationPotion"},{"floor":28,"key":"blueLaboratory:BottledHope"},{"floor":29,"key":"Strength Potion"},{"floor":38,"key":"Fire Potion"},{"floor":38,"key":"DuplicationPotion"},{"floor":38,"key":"blueLaboratory:PyrophylliteBrew"},{"floor":39,"key":"Energy Potion"},{"floor":49,"key":"blueLaboratory:FrostheartPotion"}],"is_trial":false,"path_per_floor":["M","$","?","M","M","E","R","E","T","R","M","M","?","E","R","B",null,"M","?","?","T","?","R","M","?","T","M","E","M","$","PTL","PTL","M","R","B",null,"M","?","M","?","M","E","R","?","T","R","?","?","M","?","R","B",null],"character_chosen":"IRONCLAD","items_purchased":["halation:LostSnail","Pantograph","Feel No Pain","infinitespire:OneForAll","hubris:ReadiedAction","Double Tap"],"campfire_rested":4,"item_purchase_floors":[30,30,30,30,30,30],"current_hp_per_floor":[80,80,87,87,87,46,72,65,65,91,89,93,79,56,60,9,107,83,89,71,71,71,106,92,104,104,77,42,19,27,27,27,18,58,31,137,141,141,121,121,116,83,83,157,157,157,157,161,163,163,163,17],"gold":163,"neow_bonus":"THREE_ENEMY_KILL","is_daily":false,"chose_seed":false,"campfire_upgraded":3,"win_rate":0.0,"timestamp":1609438669,"path_taken":["M","$","?","M","M","E","R","E","T","R","M","?","?","E","R","BOSS","M","?","?","?","?","R","M","?","T","M","E","M","$","PTL","PTL","M","R","BOSS","M","?","M","?","M","E","R","?","T","R","?","?","M","?","R","BOSS"],"items_purchased_type":["Relic","Relic","Card","Card","Card","Card"],"build_version":"2020-12-22","purchased_purges":0,"victory":true,"max_hp_per_floor":[80,80,87,87,87,89,89,91,91,91,93,95,97,99,103,107,107,109,115,117,117,117,117,119,119,119,121,123,125,133,133,133,135,135,137,137,141,141,143,143,145,147,147,157,157,157,157,161,163,163,163,163],"card_choices":[{"not_picked":["ReplayTheSpireMod:Muscle Training","StuffTheSpire:RockThrow"],"picked":"StuffTheSpire:Slingshot","floor":1},{"not_picked":["Cleave","Warcry"],"picked":"Pommel Strike","floor":4},{"not_picked":["Clash","Feel No Pain"],"picked":"Fire Breathing","floor":5},{"not_picked":["Entrench","conspire:Charge"],"picked":"Headbutt","floor":6},{"not_picked":["StuffTheSpire:RockThrow","Power Through"],"picked":"Clothesline","floor":8},{"not_picked":["jedi:fear","Iron Wave"],"picked":"StuffTheSpire:Incineration","floor":11},{"not_picked":["ReplayTheSpireMod:Strike From Hell","Iron Wave"],"picked":"Blood for Blood","floor":12},{"not_picked":["Armaments","Thunderclap"],"picked":"Double Tap","floor":13},{"not_picked":["True Grit","Battle Trance"],"picked":"Blood for Blood","floor":14},{"not_picked":["Brutality","rat:Execute"],"picked":"jedi:unlimitedpower","floor":16},{"not_picked":["Shockwave","Defy Death"],"picked":"Replay:Undeath\u0027s Touch+1","floor":18},{"not_picked":["Intimidate","Flex"],"picked":"Wild Strike+1","floor":24},{"not_picked":["Disarm+1","Pommel Strike"],"picked":"Pummel+1","floor":27},{"not_picked":["Havoc+1","jedi:collectorstrike"],"picked":"Flame Barrier+1","floor":28},{"not_picked":["Pommel Strike","Dark Embrace"],"picked":"Dual Wield","floor":29},{"not_picked":["Iron Wave","Thunderclap"],"picked":"Life Link","floor":33},{"not_picked":["Demonic Infusion","Immolate"],"picked":"Demon Form","floor":35},{"not_picked":["Wild Strike","StuffTheSpire:Slingshot+1"],"picked":"infinitespire:OneForAll","floor":37},{"not_picked":["hubris:ReadiedAction+1","Flex"],"picked":"Absolvement+1","floor":39},{"not_picked":["Entrench","Perfected Strike+1"],"picked":"Body Slam+1","floor":41},{"not_picked":["Havoc","Exhume"],"picked":"jedi:harder","floor":42},{"not_picked":["Enlightenment","Purity"],"picked":"expansioncontent:YouAreMine","floor":48},{"not_picked":["StuffTheSpire:Recharge","Replay:Sssssssssshield"],"picked":"Blind","floor":48},{"not_picked":["jedi:collectorstrike","StuffTheSpire:BloodClot+1"],"picked":"Thunderclap+1","floor":49}],"player_experience":51215,"relics_obtained":[{"floor":3,"key":"Strawberry"},{"floor":6,"key":"vexMod:CardConverter"},{"floor":8,"key":"BlackRope"},{"floor":9,"key":"MawBank"},{"floor":13,"key":"Odd Mushroom"},{"floor":14,"key":"Simple Rune"},{"floor":15,"key":"Grinning Jar"},{"floor":21,"key":"Mummified Hand"},{"floor":26,"key":"StuffTheSpire:Gunfinga"},{"floor":28,"key":"StuffTheSpire:Barrel"},{"floor":42,"key":"Snack Pack"},{"floor":45,"key":"Replay:Wax Seal"}],"event_choices":[{"damage_healed":0,"gold_gain":0,"player_choice":"Relic","damage_taken":0,"max_hp_gain":0,"max_hp_loss":0,"event_name":"Wheel of Change","floor":3,"gold_loss":0},{"damage_healed":0,"gold_gain":0,"player_choice":"Fought Mushrooms","damage_taken":0,"max_hp_gain":0,"max_hp_loss":0,"event_name":"Mushrooms","floor":13,"gold_loss":0},{"damage_healed":0,"gold_gain":0,"player_choice":"Got Potions","damage_taken":0,"max_hp_gain":0,"max_hp_loss":0,"event_name":"Lab","floor":38,"gold_loss":0},{"cards_removed":["Double Tap"],"damage_healed":64,"gold_gain":0,"player_choice":"Offered Rare","damage_taken":0,"max_hp_gain":10,"max_hp_loss":0,"event_name":"Bonfire Elementals","floor":44,"gold_loss":0},{"damage_healed":0,"gold_gain":0,"player_choice":"Bought 0 Potions","damage_taken":0,"max_hp_gain":0,"max_hp_loss":0,"event_name":"The Woman in Blue","floor":47,"gold_loss":0},{"damage_healed":0,"gold_gain":3,"player_choice":"1","damage_taken":0,"max_hp_gain":0,"max_hp_loss":0,"event_name":"betterStone:BetterStone","floor":48,"gold_loss":0},{"damage_healed":0,"gold_gain":0,"player_choice":"Paid Gold","damage_taken":0,"relics_obtained":["Kunai"],"max_hp_gain":0,"max_hp_loss":0,"event_name":"WeMeetAgain","floor":50,"gold_loss":87}],"is_beta":false,"boss_relics":[{"not_picked":["trackpad:DemonHeart","hubris:VirtuousBlindfold"],"picked":"hubris:Backtick"},{"not_picked":["infinitespire:Cupcake","hubris:GrandSneckoEye"],"picked":"Coffee Dripper"}],"items_purged_floors":[],"is_endless":false,"potions_floor_spawned":[5,6,8,12,28,29,39,49],"ascension_level":2}}