{"host":"hhk99zdwe8tkcyq7","time":1609444818,"event":{"mods":["AchievementEnabler","BaseMod","Minty Spire (QoL Compilation)"],"gold_per_floor":[113,133,146,21,21,21,21,31,31,31,31,58,58,58,58,159,159,143,155,155,155,155],"floor_reached":21,"playtime":829,"items_purged":["Strike_G"],"score":167,"play_id":"39a0ca7a-1186-435d-83f6-c6b38056bc1b","local_time":"20201231140018","is_ascension_mode":false,"campfire_choices":[{"data":"Blade Dance","floor":6.0,"key":"SMITH"},{"data":"Infinite Blades","floor":10.0,"key":"SMITH"},{"data":"Survivor","floor":15.0,"key":"SMITH"}],"circlet_count":0,"master_deck":["Strike_G","Strike_G","Strike_G","Strike_G","Defend_G","Defend_G","Defend_G","Defend_G","Survivor+1","Neutralize","Footwork+1","Blade Dance+1","Infinite Blades+1","Die Die Die"],"relics":["Ring of the Snake","Juzu Bracelet","Bottled Tornado","Odd Mushroom","GremlinMask","SlaversCollar"],"acts_visited":["Exordium","TheCity"],"potions_floor_usage":[],"damage_taken":[{"damage":0.0,"enemies":"Small Slimes","floor":1.0,"turns":4.0},{"damage":0.0,"enemies":"Jaw Worm","floor":2.0,"turns":7.0},{"damage":1.0,"enemies":"Cultist","floor":3.0,"turns":5.0},{"damage":2.0,"enemies":"Looter","floor":8.0,"turns":4.0},{"damage":4.0,"enemies":"The Mushroom Lair","floor":12.0,"turns":5.0},{"damage":60.0,"enemies":"Hexaghost","floor":16.0,"turns":17.0},{"damage":19,"enemies":"2 Thieves","floor":18,"turns":4},{"damage":15,"enemies":"3 Byrds","floor":19,"turns":6},{"damage":39,"enemies":"Snake Plant","floor":21,"turns":7}],"seed_played":"-8269759157837373958","potions_obtained":[{"floor":3.0,"key":"Weak Potion"},{"floor":8.0,"key":"SneckoOil"},{"floor":12.0,"key":"Swift Potion"},{"floor":18,"key":"DuplicationPotion"},{"floor":19,"key":"Regen Potion"}],"is_trial":false,"path_per_floor":["M","M","M","$","?","R","?","M","T","R","$","?","?","$","R","B",null,"M","M","?","M"],"character_chosen":"THE_SILENT","items_purchased":["Blade Dance"],"campfire_rested":0,"item_purchase_floors":[4],"current_hp_per_floor":[70,70,69,69,69,69,69,67,67,67,67,63,63,63,63,3,70,51,36,36,0,0],"gold":155,"neow_bonus":"RANDOM_COMMON_RELIC","is_daily":false,"chose_seed":false,"campfire_upgraded":3,"win_rate":0.0,"timestamp":1609444818,"path_taken":["M","M","M","$","?","R","?","M","T","R","$","?","?","$","R","BOSS","M","M","?","M"],"items_purchased_type":["Card"],"build_version":"2020-12-22","purchased_purges":1,"victory":false,"max_hp_per_floor":[70,70,70,70,70,70,70,70,70,70,70,70,70,70,70,70,70,70,70,70,70,70],"card_choices":[{"not_picked":["Acrobatics","Heel Hook"],"picked":"Footwork","floor":1.0},{"not_picked":["Tactician","Outmaneuver","Catalyst"],"picked":"SKIP","floor":2.0},{"not_picked":["Flechettes","Outmaneuver","PiercingWail"],"picked":"SKIP","floor":3.0},{"not_picked":["Leg Sweep","Tactician"],"picked":"Infinite Blades","floor":8.0},{"not_picked":["Burst","Unload"],"picked":"Die Die Die","floor":16.0},{"not_picked":["Sucker Punch+1","Quick Slash","Deflect+1"],"picked":"SKIP","floor":18},{"not_picked":["Slice","Eviscerate","Deadly Poison"],"picked":"SKIP","floor":19}],"player_experience":29042,"relics_obtained":[{"floor":9.0,"key":"Bottled Tornado"},{"floor":12.0,"key":"Odd Mushroom"}],"event_choices":[{"damage_healed":0.0,"max_hp_gain":0.0,"max_hp_loss":0.0,"gold_gain":0.0,"event_name":"Scrap Ooze","player_choice":"Fled","floor":5.0,"gold_loss":0.0,"damage_taken":0.0},{"damage_healed":0.0,"max_hp_gain":0.0,"max_hp_loss":0.0,"gold_gain":0.0,"event_name":"Accursed Blacksmith","player_choice":"Forge","floor":7.0,"gold_loss":0.0,"damage_taken":0.0,"cards_upgraded":["Footwork"]},{"damage_healed":0.0,"max_hp_gain":0.0,"max_hp_loss":0.0,"gold_gain":0.0,"event_name":"Mushrooms","player_choice":"Fought Mushrooms","floor":12.0,"gold_loss":0.0,"damage_taken":0.0},{"damage_healed":0.0,"max_hp_gain":0.0,"max_hp_loss":0.0,"gold_gain":0.0,"event_name":"FaceTrader","player_choice":"Trade","floor":13.0,"gold_loss":0.0,"damage_taken":0.0,"relics_obtained":["GremlinMask"]},{"cards_removed":["Defend_G"],"damage_healed":0,"gold_gain":0,"player_choice":"Elegance","damage_taken":0,"max_hp_gain":0,"max_hp_loss":0,"event_name":"Back to Basics","floor":20,"gold_loss":0}],"is_beta":false,"boss_relics":[{"not_picked":["Philosopher\u0027s Stone","Coffee Dripper"],"picked":"SlaversCollar"}],"items_purged_floors":[4],"is_endless":false,"potions_floor_spawned":[3,8,12,18,19],"killed_by":"Snake Plant","ascension_level":0}}