{"host":"9fh35csyvbzgxvf9","time":1609448145,"event":{"mods":["BaseMod","Block Reminder","Colored Map","DeckTracker","Minty Spire (QoL Compilation)"],"gold_per_floor":[111,127,143,169,169,169,198,208,208,220,220,240,259,270,270,366,366,380,11,28,41,60,85,96,129,155,155,155,175,194,205,205,308,308,319,332,106,106,123,123,156,174,174,174,174],"floor_reached":44,"playtime":4842,"items_purged":["Pain"],"score":565,"play_id":"c679e064-5f00-42ee-abbd-e6633b7085ba","local_time":"20201231155545","is_ascension_mode":false,"campfire_choices":[{"data":"Zap","floor":6,"key":"SMITH"},{"data":"Coolheaded","floor":11,"key":"SMITH"},{"data":"Dualcast","floor":15,"key":"SMITH"},{"floor":27,"key":"REST"},{"data":"Fusion","floor":32,"key":"SMITH"},{"data":"Machine Learning","floor":40,"key":"SMITH"}],"circlet_count":0,"master_deck":["Strike_B","Strike_B","Strike_B","Strike_B","Defend_B","Defend_B","Defend_B","Defend_B","Zap+1","Dualcast+1","Blind","Skim","Conserve Battery","Compile Driver","Ball Lightning","Coolheaded+1","Conserve Battery","Aggregate","Stack","Rebound","Machine Learning+1","Beam Cell","Go for the Eyes+1","Go for the Eyes","Streamline+1","Defragment+1","Fusion+1","Loop","Loop","Conserve Battery","Loop","Thunder Strike","Auto Shields+1","Skim+1","Machine Learning","Lockon","Conserve Battery+1","Fission+1","Defragment","Secret Technique+1","Deep Breath+1","Enlightenment+1","Chaos+1","Steam+1"],"relics":["Cracked Core","Anchor","Eternal Feather","Orichalcum","Meat on the Bone","Cursed Key","Orrery","Vajra","The Courier","Toxic Egg 2","Ancient Tea Set","Busted Crown","Lantern"],"acts_visited":["Exordium","TheCity","TheBeyond"],"potions_floor_usage":[16,16,16,21,22,31,33,41,44],"damage_taken":[{"damage":0,"enemies":"Cultist","floor":1,"turns":3},{"damage":1,"enemies":"Jaw Worm","floor":2,"turns":4},{"damage":5,"enemies":"Small Slimes","floor":3,"turns":3},{"damage":31,"enemies":"3 Sentries","floor":7,"turns":7},{"damage":2,"enemies":"2 Fungi Beasts","floor":8,"turns":3},{"damage":0,"enemies":"Exordium Thugs","floor":10,"turns":4},{"damage":0,"enemies":"Looter","floor":12,"turns":2},{"damage":0,"enemies":"Red Slaver","floor":13,"turns":3},{"damage":0,"enemies":"Large Slime","floor":14,"turns":4},{"damage":5,"enemies":"Hexaghost","floor":16,"turns":9},{"damage":1,"enemies":"Shell Parasite","floor":18,"turns":6},{"damage":12,"enemies":"2 Thieves","floor":20,"turns":4},{"damage":27,"enemies":"Cultist and Chosen","floor":21,"turns":8},{"damage":8,"enemies":"Snake Plant","floor":22,"turns":5},{"damage":19,"enemies":"Gremlin Leader","floor":23,"turns":6},{"damage":14,"enemies":"Shelled Parasite and Fungi","floor":24,"turns":7},{"damage":38,"enemies":"Slavers","floor":25,"turns":6},{"damage":11,"enemies":"Centurion and Healer","floor":29,"turns":4},{"damage":11,"enemies":"Snake Plant","floor":30,"turns":4},{"damage":9,"enemies":"Snecko","floor":31,"turns":4},{"damage":40,"enemies":"Automaton","floor":33,"turns":10},{"damage":5,"enemies":"3 Shapes","floor":35,"turns":6},{"damage":14,"enemies":"Orb Walker","floor":36,"turns":4},{"damage":5,"enemies":"3 Darklings","floor":39,"turns":4},{"damage":52,"enemies":"Reptomancer","floor":41,"turns":8},{"damage":10,"enemies":"Transient","floor":42,"turns":5},{"damage":27,"enemies":"Nemesis","floor":44,"turns":3}],"seed_played":"-7642812035765698336","potions_obtained":[{"floor":7,"key":"Block Potion"},{"floor":10,"key":"FearPotion"},{"floor":12,"key":"EssenceOfDarkness"},{"floor":20,"key":"Block Potion"},{"floor":21,"key":"Regen Potion"},{"floor":25,"key":"Weak Potion"},{"floor":29,"key":"Swift Potion"},{"floor":30,"key":"Swift Potion"},{"floor":33,"key":"SpeedPotion"},{"floor":39,"key":"Explosive Potion"}],"is_trial":false,"path_per_floor":["M","M","M","T","T","R","E","M","T","M","R","M","M","M","R","B",null,"M","$","M","M","M","E","M","E","T","R","?","M","M","M","R","B",null,"M","M","$","?","M","R","E","M","T","E"],"character_chosen":"DEFECT","items_purchased":["Orrery","Fusion","Vajra","Fission+1","Defragment"],"campfire_rested":1,"item_purchase_floors":[19,19,19,37,37],"current_hp_per_floor":[75,74,69,69,69,75,44,42,42,42,51,51,51,51,63,58,75,74,74,62,47,51,44,42,16,16,56,56,45,46,49,70,42,75,70,56,56,46,41,65,25,27,27,0,0],"gold":174,"neow_bonus":"RANDOM_COLORLESS","is_daily":false,"chose_seed":false,"campfire_upgraded":5,"win_rate":0.0,"timestamp":1609448145,"path_taken":["M","?","M","?","?","R","E","M","T","M","R","M","M","M","R","BOSS","M","$","M","M","M","E","M","E","T","R","?","M","?","M","R","BOSS","M","M","$","?","M","R","E","M","T","E"],"items_purchased_type":["Relic","Card","Relic","Card","Card"],"build_version":"2020-12-22","purchased_purges":1,"victory":false,"max_hp_per_floor":[75,75,75,75,75,75,75,75,75,75,75,75,75,75,75,75,75,75,75,75,75,75,75,75,75,75,75,75,75,75,75,75,75,75,75,75,75,75,75,75,75,75,75,75,75],"card_choices":[{"not_picked":["Deep Breath","Dramatic Entrance"],"picked":"Blind","floor":0},{"not_picked":["Recycle","Redo"],"picked":"Skim","floor":1},{"not_picked":["Recycle","Sweeping Beam"],"picked":"Conserve Battery","floor":2},{"not_picked":["Tempest","Steam Power"],"picked":"Compile Driver","floor":3},{"not_picked":["Reinforced Body","Compile Driver"],"picked":"Ball Lightning","floor":7},{"not_picked":["Steam","Amplify"],"picked":"Coolheaded","floor":8},{"not_picked":["Leap","Glacier"],"picked":"Conserve Battery","floor":10},{"not_picked":["Turbo","Streamline"],"picked":"Aggregate","floor":12},{"not_picked":["Gash","Barrage"],"picked":"Stack","floor":13},{"not_picked":["Conserve Battery","Skim"],"picked":"Rebound","floor":14},{"not_picked":["Electrodynamics","Rainbow"],"picked":"Machine Learning","floor":16},{"not_picked":["Heatsinks","Stack"],"picked":"Beam Cell","floor":18},{"not_picked":["Static Discharge","Steam"],"picked":"Go for the Eyes+1","floor":19},{"not_picked":["Leap","Auto Shields"],"picked":"Go for the Eyes","floor":19},{"not_picked":["Redo","Beam Cell"],"picked":"Streamline+1","floor":19},{"not_picked":["Recycle","Steam+1"],"picked":"Defragment+1","floor":19},{"not_picked":["Cold Snap+1","Chill+1"],"picked":"Loop","floor":20},{"not_picked":["Rainbow","Rebound"],"picked":"Loop","floor":21},{"not_picked":["Cold Snap+1","Ball Lightning+1"],"picked":"Conserve Battery","floor":22},{"not_picked":["Compile Driver","Steam"],"picked":"Loop","floor":23},{"not_picked":["Redo","Gash+1","Compile Driver+1"],"picked":"SKIP","floor":24},{"not_picked":["Ball Lightning+1","Redo+1"],"picked":"Thunder Strike","floor":25},{"not_picked":["Glacier+1","Barrage"],"picked":"Auto Shields+1","floor":29},{"not_picked":["Leap+1","Gash","Barrage"],"picked":"SKIP","floor":30},{"not_picked":["Compile Driver","BootSequence+1"],"picked":"Skim+1","floor":31},{"not_picked":["Electrodynamics","Hyperbeam"],"picked":"Machine Learning","floor":33},{"not_picked":[],"picked":"Lockon","floor":35},{"not_picked":[],"picked":"Conserve Battery+1","floor":36},{"not_picked":[],"picked":"Secret Technique+1","floor":38},{"not_picked":[],"picked":"Deep Breath+1","floor":38},{"not_picked":[],"picked":"Enlightenment+1","floor":38},{"not_picked":["Gash"],"picked":"SKIP","floor":39},{"not_picked":[],"picked":"Chaos+1","floor":41},{"not_picked":[],"picked":"Steam+1","floor":42}],"player_experience":265649,"relics_obtained":[{"floor":4,"key":"Anchor"},{"floor":5,"key":"Eternal Feather"},{"floor":7,"key":"Orichalcum"},{"floor":9,"key":"Meat on the Bone"},{"floor":23,"key":"The Courier"},{"floor":25,"key":"Toxic Egg 2"},{"floor":26,"key":"Ancient Tea Set"},{"floor":41,"key":"Lantern"}],"event_choices":[{"damage_healed":0,"gold_gain":0,"cards_transformed":["Decay"],"player_choice":"Transformed","damage_taken":0,"max_hp_gain":0,"max_hp_loss":0,"event_name":"Transmorgrifier","floor":28,"gold_loss":0,"cards_obtained":["Pain"]},{"damage_healed":0,"gold_gain":0,"player_choice":"Memory 3","damage_taken":10,"max_hp_gain":0,"max_hp_loss":0,"event_name":"SensoryStone","floor":38,"gold_loss":0}],"is_beta":false,"boss_relics":[{"not_picked":["Philosopher\u0027s Stone","Velvet Choker"],"picked":"Cursed Key"},{"not_picked":["Runic Dome","Calling Bell"],"picked":"Busted Crown"}],"items_purged_floors":[37],"is_endless":false,"potions_floor_spawned":[7,10,12,13,20,21,25,29,30,33,39],"killed_by":"Nemesis","ascension_level":0}}