{"host":"5fasz840ryq7obdf","time":1609418283,"event":{"mods":["AchievementEnabler","BaseMod","Bestiary","Better Altar","Better Skull","Better Third Choice","BetterRewards","Block Reminder","Colored Powertips","Curses Come First","Downfall","Highlight Path","Minty Spire (QoL Compilation)","Quick Restart","Relic Sorter","Relic Stats","Shop Mod","Spicy Shops","StSLib","SuperFastMode"],"gold_per_floor":[112,112,126,37,37,58,58,96,119,158,172,213,213,227,227,323,323,347,347,397,422,442,473,491,20,45,81,120,159,197,211,211,310,310,324,369,369,41,66,109,109,145,145,145,158,191,214,229,229,229,229],"floor_reached":52,"playtime":2798,"items_purged":["Strike_G","Clumsy"],"score":3477,"play_id":"cf0e9ebb-e7f9-4b07-9d97-8d347111a83f","local_time":"20201231123803","is_ascension_mode":true,"campfire_choices":[{"data":"Well Laid Plans","floor":7.0,"key":"SMITH"},{"data":"Burst","floor":15.0,"key":"SMITH"},{"data":"Infinite Blades","floor":32.0,"key":"SMITH"},{"data":"After Image","floor":41.0,"key":"SMITH"},{"data":"After Image","floor":44.0,"key":"SMITH"},{"data":"Finisher","floor":49.0,"key":"SMITH"}],"circlet_count":0,"master_deck":["AscendersBane","Strike_G","Strike_G","Defend_G","Defend_G","Defend_G","Defend_G","Defend_G","Survivor","Neutralize+1","Footwork","Cloak And Dagger","Finisher","Panache","Blur","Prepared","Burst+1","Dash","Well Laid Plans+1","Cloak And Dagger","Panache","expansioncontent:Flail+1","Accuracy","Cloak And Dagger","Skewer","Blade Dance","A Thousand Cuts","Flash of Steel","Finisher","expansioncontent:GuardianWhirl","Footwork","Dodge and Roll+1","Footwork","Escape Plan","Accuracy","Outmaneuver+1","Backflip","Backstab","Doppelganger","Skewer","Backflip","Phantasmal Killer","Acrobatics","Blade Dance","Backflip+1","HandOfGreed","Infinite Blades+1","Burst+1","Calculated Gamble","Infinite Blades","Blade Dance+1","Doppelganger","After Image+1","Tactician","After Image+1","Adrenaline","Finisher+1","Choke","Backflip+1","Escape Plan","Well Laid Plans","Prepared"],"relics":["Ring of the Snake","Pear","Pen Nib","Kunai","Sling","Orrery","Lantern","Membership Card","Anchor","Ornamental Fan","Whetstone","HandDrill","Vajra","PreservedInsect","Akabeko","Golden Idol","Dream Catcher","War Paint","Peace Pipe","Regal Pillow","Black Star","Mummified Hand","Paper Crane","Bottled Flame","Orichalcum","Tiny Chest","DollysMirror","Question Card","Blue Candle","Omamori","Darkstone Periapt","Coffee Dripper","Meat on the Bone","CaptainsWheel","Nunchaku","MealTicket","StrikeDummy","Bag of Marbles","HornCleat"],"acts_visited":["Exordium","TheCity","TheBeyond"],"potions_floor_usage":[51,51],"damage_taken":[{"damage":0.0,"enemies":"2 Louse","floor":1.0,"turns":1.0},{"damage":0.0,"enemies":"Cultist","floor":3.0,"turns":1.0},{"damage":0.0,"enemies":"Small Slimes","floor":6.0,"turns":1.0},{"damage":0.0,"enemies":"3 Sentries","floor":8.0,"turns":1.0},{"damage":0.0,"enemies":"Gremlin Nob","floor":10.0,"turns":1.0},{"damage":6.0,"enemies":"Exordium Thugs","floor":11.0,"turns":4.0},{"damage":0.0,"enemies":"Lagavulin","floor":12.0,"turns":3.0},{"damage":0.0,"enemies":"Large Slime","floor":14.0,"turns":2.0},{"damage":0.0,"enemies":"Slime Boss","floor":16.0,"turns":5.0},{"damage":0.0,"enemies":"Spheric Guardian","floor":18.0,"turns":2.0},{"damage":0.0,"enemies":"3 Byrds","floor":21.0,"turns":2.0},{"damage":0.0,"enemies":"Cultist and Chosen","floor":22.0,"turns":5.0},{"damage":0.0,"enemies":"Slavers","floor":23.0,"turns":3.0},{"damage":11.0,"enemies":"Snake Plant","floor":24.0,"turns":3.0},{"damage":0.0,"enemies":"Book of Stabbing","floor":27.0,"turns":2.0},{"damage":0.0,"enemies":"Centurion and Healer","floor":28.0,"turns":1.0},{"damage":6.0,"enemies":"Chosen and Byrds","floor":29.0,"turns":3.0},{"damage":0.0,"enemies":"Slavers","floor":30.0,"turns":1.0},{"damage":2.0,"enemies":"Snecko","floor":31.0,"turns":3.0},{"damage":0.0,"enemies":"Champ","floor":33.0,"turns":6.0},{"damage":17.0,"enemies":"3 Shapes","floor":35.0,"turns":1.0},{"damage":0.0,"enemies":"3 Darklings","floor":36.0,"turns":1.0},{"damage":0.0,"enemies":"Maw","floor":39.0,"turns":4.0},{"damage":0.0,"enemies":"Reptomancer","floor":40.0,"turns":2.0},{"damage":0.0,"enemies":"Giant Head","floor":42.0,"turns":4.0},{"damage":0.0,"enemies":"Transient","floor":45.0,"turns":6.0},{"damage":0.0,"enemies":"Reptomancer","floor":46.0,"turns":2.0},{"damage":0.0,"enemies":"Jaw Worm Horde","floor":47.0,"turns":1.0},{"damage":0.0,"enemies":"3 Darklings","floor":48.0,"turns":1.0},{"damage":0.0,"enemies":"Donu and Deca","floor":50.0,"turns":5.0},{"damage":29,"enemies":"Awakened One","floor":51,"turns":8}],"seed_played":"-6444252084034812751","potions_obtained":[{"floor":6.0,"key":"Fire Potion"},{"floor":11.0,"key":"BlessingOfTheForge"},{"floor":21.0,"key":"Strength Potion"},{"floor":23.0,"key":"Guardian:BlockOnCardUsePotion"},{"floor":36.0,"key":"EssenceOfSteel"},{"floor":42.0,"key":"Strength Potion"}],"is_trial":false,"path_per_floor":["M","?","M","$","?","M","R","E","T","E","M","E","?","M","R","B",null,"M","?","?","M","M","E","M","$","T","E","M","M","E","M","R","B",null,"M","M","?","$","M","E","R","E","T","R","M","E","M","M","R","B","B",null],"character_chosen":"THE_SILENT","items_purchased":["Pear","Pen Nib","Kunai","Sling","Footwork","Cloak And Dagger","Finisher","Panache","Blur","Orrery","Well Laid Plans","Cloak And Dagger","Panache","Lantern","expansioncontent:Flail","Membership Card","Anchor","Ornamental Fan","Accuracy","Cloak And Dagger","Skewer","Whetstone","HandDrill","Blade Dance","A Thousand Cuts","Vajra","PreservedInsect","Flash of Steel","Finisher","Akabeko","expansioncontent:GuardianWhirl","Footwork","Dodge and Roll","Accuracy","Outmaneuver","HandOfGreed","Bottled Flame","Infinite Blades","Orichalcum","Tiny Chest","DollysMirror","After Image","Adrenaline","Finisher"],"campfire_rested":0,"item_purchase_floors":[0,0,0,0,0,0,0,0,0,0,0,0,0,0,0,0,0,0,0,0,0,0,0,0,0,0,0,0,0,0,0,0,0,4,4,25,25,25,25,25,25,38,38,38],"current_hp_per_floor":[28,28,28,28,28,28,28,28,28,28,22,22,15,15,15,15,56,56,56,50,50,50,50,39,39,39,39,39,33,33,31,31,31,60,43,43,43,43,43,43,43,43,43,43,43,43,43,43,43,43,26],"gold":229,"neow_bonus":"","is_daily":false,"chose_seed":false,"campfire_upgraded":6,"win_rate":0.0,"timestamp":1609418283,"path_taken":["M","?","M","$","?","?","R","E","T","E","M","E","?","M","R","BOSS","M","?","?","M","?","E","M","$","T","E","M","M","E","M","R","BOSS","M","M","?","$","?","E","R","E","T","R","M","E","M","M","R","BOSS","BOSS"],"items_purchased_type":["Relic","Relic","Relic","Relic","Card","Card","Card","Card","Card","Relic","Card","Card","Card","Relic","Card","Relic","Relic","Relic","Card","Card","Card","Relic","Relic","Card","Card","Relic","Relic","Card","Card","Relic","Card","Card","Card","Card","Card","Card","Relic","Card","Relic","Relic","Relic","Card","Card","Card"],"build_version":"2020-12-22","purchased_purges":2,"victory":true,"max_hp_per_floor":[76,69,69,69,69,69,69,69,69,69,69,69,69,69,69,69,69,69,69,69,69,69,69,69,69,69,69,69,69,69,69,69,69,69,69,69,69,69,69,69,69,69,69,69,69,69,69,69,69,69,69],"relic_stats":{"Darkstone Periapt":0,"Regal Pillow":0,"counters":[563,2030],"Golden Idol":211,"Blue Candle":[0],"Pen Nib":[53],"PreservedInsect":2010,"Whetstone":["Die Die Die","Neutralize","Strike_G","Strike_G","Neutralize","expansioncontent:Flail"],"War Paint":["PiercingWail","Backflip","Dodge and Roll","Outmaneuver"],"Orichalcum":[12],"Question Card":19,"Peace Pipe":0,"Dream Catcher":0,"Nunchaku":[39],"Ornamental Fan":[316],"Mummified Hand":[173],"Tiny Chest":0,"MealTicket":0,"HandDrill":[44],"Black Star":12,"Kunai":[57],"obtain_stats":[{"TwistedFunnel":19,"Golden Egg":40,"Replay:Accelerometer":10,"Vampiric Spirits":4,"Spirit Poop":5,"Whetstone":40,"Ginger":0,"Bottled Tornado":0,"Sling":0,"Boot":3,"Old Coin":39,"Blood Vial":48,"Replay:Wanted Poster":36,"Replay:Ringing Soul":40,"Sundial":11,"MealTicket":0,"HandDrill":2,"Replay:Bottled Flurry":53,"Kunai":26,"Replay:Wax Seal":0,"Replay:Bottled Steam":12,"Pear":27,"Blue Candle":41,"Counterbalance":39,"Tingsha":0,"Eternal Feather":26,"Pen Nib":36,"Paper Crane":36,"Akabeko":2,"SlaversCollar":17,"Bird Faced Urn":6,"ReplayTheSpireMod:Ring of Collecting":47,"Pandora\u0027s Box":17,"Kintsugi":34,"StrikeDummy":29,"Unceasing Top":0,"Ring of the Serpent":17,"Lantern":23,"Regal Pillow":28,"Singing Bowl":36,"Torii":25,"Blue Doll":0,"Painkiller Herb":17,"Bag of Preparation":6,"Replay:Multitool":11,"Smiling Mask":20,"Cursed Key":34,"Ancient Tea Set":4,"Pet Ghost":23,"Replay:Rubber Ducky":21,"Matryoshka":8,"Ring of Fangs":25,"Shovel":45,"Ninja Scroll":10,"Ring of Peace":22,"Toolbox":54,"WingedGreaves":37,"Chemical X":0,"Replay:Bottled Eggs":12,"InkBottle":21,"Ring of the Snake":0,"Potion Belt":9,"Lee\u0027s Waffle":0,"The Specimen":17,"Golden Idol":2,"Basket Of Snakes":5,"PreservedInsect":9,"The Courier":28,"Omamori":0,"Ring of Greed":47,"Frozen Egg 2":17,"MawBank":14,"Replay:Arrowhead":0,"Busted Crown":17,"Ornamental Fan":54,"Bloody Idol":19,"Ring of Misfortune":39,"Orrery":0,"Turnip":0,"Art of War":40,"Durian":42,"Garlic":23,"Bottled Lightning":26,"ReplayTheSpireMod:Lightbulb":42,"Toy Ornithopter":9,"Ice Cream":0,"Divine Protection":6,"Tiny House":17,"Calipers":43,"Gremlin Horn":0,"CeramicFish":44,"Vajra":0,"HoveringKite":34,"Sozu":34,"Centennial Puzzle":22,"Lizard Tail":38,"HornCleat":42,"DollysMirror":25,"Strawberry":46,"Prayer Wheel":17,"Philosopher\u0027s Stone":34,"Iron Hammer":6,"Toxic Egg 2":7,"Byrd Skull":13,"Girya":44,"Happy Flower":0,"Ring of Hypnosis":38,"ReplayTheSpireMod:CursedCoin":48,"Astrolabe":17,"Replay:Grab Bag":17,"Oddly Smooth Stone":11,"Letter Opener":40,"Replay:Kaleidoscope":28,"War Paint":0,"Question Card":17,"Du-Vu Doll":13,"OrangePellets":4,"Bottled Flame":32,"Replay:Baseball":40,"ReplayTheSpireMod:Shallot":9,"Shuriken":25,"Bronze Scales":26,"Onion Ring":0,"Molten Egg 2":9,"Simple Rune":28,"ReplayTheSpireMod:TigerMarble":44,"Nloth\u0027s Gift":22,"Black Star":34,"Grinning Jar":15,"Mirror":40,"ReplayTheSpireMod:DimensionalGlitch":34,"Pocketwatch":14,"Meat on the Bone":0,"Darkstone Periapt":9,"ReplayFunnel":15,"ReplayTheSpireMod:Ring of Exchange":25,"Replay:PocketPolymizer":55,"Snake Skull":0,"Juzu Bracelet":30,"Incense Burner":0,"Sizzling Blood":12,"Replay:Mystery Machine":55,"Empty Cage":34,"ClockworkSouvenir":54,"Frozen Eye":10,"Nunchaku":43,"Dream Catcher":26,"Replay:Bandana":14,"Tough Bandages":14,"Chameleon Ring":36,"Mummified Hand":31,"Pantograph":55,"Tiny Chest":6,"Red Mask":36,"Replay:Bottled Snecko":10,"Runic Pyramid":17,"Gremlin Food":26,"BargainBundle":0,"ReplayTheSpireMod:Ninjato":0,"Replay:Towering Pillar of Hats":0,"Guide Book":0,"Quantum Egg":17,"Orichalcum":55,"Medical Kit":46,"White Beast Statue":19,"Mercury Hourglass":8,"Calling Bell":17,"Peace Pipe":10,"Strange Spoon":0,"Anchor":55,"Pondfish Scales":42,"CaptainsWheel":54,"Ring of Fury":22,"ChewingGum":17,"Bag of Marbles":49,"Snack Pack":0,"Coffee Dripper":17,"Membership Card":8,"TungstenRod":0},{"TwistedFunnel":77,"Golden Egg":144,"Replay:Accelerometer":270,"Vampiric Spirits":153,"Spirit Poop":68,"Whetstone":88,"Ginger":127,"Bottled Tornado":42,"Sling":29,"Boot":43,"Old Coin":317,"Blood Vial":27,"Replay:Wanted Poster":141,"Replay:Ringing Soul":201,"Sundial":37,"MealTicket":32,"HandDrill":97,"Replay:Bottled Flurry":354,"Kunai":16,"Replay:Wax Seal":150,"Replay:Bottled Steam":217,"Pear":83,"Blue Candle":88,"Counterbalance":172,"Tingsha":29,"Eternal Feather":251,"Pen Nib":21,"Paper Crane":21,"Akabeko":33,"SlaversCollar":247,"Bird Faced Urn":184,"ReplayTheSpireMod:Ring of Collecting":205,"Pandora\u0027s Box":332,"Kintsugi":169,"StrikeDummy":401,"Unceasing Top":29,"Ring of the Serpent":40,"Lantern":14,"Regal Pillow":17,"Singing Bowl":86,"Torii":110,"Blue Doll":127,"Painkiller Herb":332,"Bag of Preparation":4,"Replay:Multitool":302,"Smiling Mask":51,"Cursed Key":85,"Ancient Tea Set":445,"Pet Ghost":138,"Replay:Rubber Ducky":136,"Matryoshka":46,"Ring of Fangs":224,"Shovel":349,"Ninja Scroll":131,"Ring of Peace":248,"Toolbox":354,"WingedGreaves":522,"Chemical X":296,"Replay:Bottled Eggs":132,"InkBottle":51,"Ring of the Snake":0,"Potion Belt":46,"Lee\u0027s Waffle":96,"The Specimen":105,"Golden Idol":1,"Basket Of Snakes":153,"PreservedInsect":70,"The Courier":83,"Omamori":96,"Ring of Greed":205,"Frozen Egg 2":105,"MawBank":39,"Replay:Arrowhead":150,"Busted Crown":187,"Ornamental Fan":125,"Bloody Idol":248,"Ring of Misfortune":346,"Orrery":29,"Turnip":296,"Art of War":61,"Durian":174,"Garlic":224,"Bottled Lightning":82,"ReplayTheSpireMod:Lightbulb":409,"Toy Ornithopter":5,"Ice Cream":96,"Divine Protection":360,"Tiny House":9,"Calipers":89,"Gremlin Horn":0,"CeramicFish":25,"Vajra":0,"HoveringKite":20,"Sozu":313,"Centennial Puzzle":79,"Lizard Tail":117,"HornCleat":495,"DollysMirror":110,"Strawberry":146,"Prayer Wheel":76,"Philosopher\u0027s Stone":115,"Iron Hammer":388,"Toxic Egg 2":36,"Byrd Skull":158,"Girya":290,"Happy Flower":96,"Ring of Hypnosis":285,"ReplayTheSpireMod:CursedCoin":175,"Astrolabe":134,"Replay:Grab Bag":332,"Oddly Smooth Stone":7,"Letter Opener":24,"Replay:Kaleidoscope":225,"War Paint":32,"Question Card":76,"Du-Vu Doll":74,"OrangePellets":358,"Bottled Flame":140,"Replay:Baseball":318,"ReplayTheSpireMod:Shallot":214,"Shuriken":16,"Bronze Scales":110,"Onion Ring":127,"Molten Egg 2":155,"Simple Rune":400,"ReplayTheSpireMod:TigerMarble":145,"Nloth\u0027s Gift":335,"Black Star":519,"Grinning Jar":159,"Mirror":231,"ReplayTheSpireMod:DimensionalGlitch":283,"Pocketwatch":8,"Meat on the Bone":66,"Darkstone Periapt":46,"ReplayFunnel":159,"ReplayTheSpireMod:Ring of Exchange":224,"Replay:PocketPolymizer":382,"Snake Skull":32,"Juzu Bracelet":18,"Incense Burner":96,"Sizzling Blood":302,"Replay:Mystery Machine":265,"Empty Cage":58,"ClockworkSouvenir":354,"Frozen Eye":131,"Nunchaku":24,"Dream Catcher":55,"Replay:Bandana":219,"Tough Bandages":273,"Chameleon Ring":373,"Mummified Hand":114,"Pantograph":126,"Tiny Chest":45,"Red Mask":59,"Replay:Bottled Snecko":243,"Runic Pyramid":50,"Gremlin Food":139,"BargainBundle":127,"ReplayTheSpireMod:Ninjato":127,"Replay:Towering Pillar of Hats":150,"Guide Book":179,"Quantum Egg":365,"Orichalcum":95,"Medical Kit":291,"White Beast Statue":77,"Mercury Hourglass":5,"Calling Bell":76,"Peace Pipe":537,"Strange Spoon":210,"Anchor":178,"Pondfish Scales":232,"CaptainsWheel":381,"Ring of Fury":248,"ChewingGum":332,"Bag of Marbles":147,"Snack Pack":179,"Coffee Dripper":220,"Membership Card":36,"TungstenRod":325},{"TwistedFunnel":427,"Golden Egg":660,"Replay:Accelerometer":1067,"Vampiric Spirits":686,"Spirit Poop":395,"Whetstone":467,"Ginger":613,"Bottled Tornado":241,"Sling":179,"Boot":244,"Old Coin":1200,"Blood Vial":148,"Replay:Wanted Poster":648,"Replay:Ringing Soul":817,"Sundial":209,"MealTicket":186,"HandDrill":504,"Replay:Bottled Flurry":1316,"Kunai":93,"Replay:Wax Seal":681,"Replay:Bottled Steam":877,"Pear":450,"Blue Candle":467,"Counterbalance":729,"Tingsha":179,"Eternal Feather":986,"Pen Nib":120,"Paper Crane":120,"Akabeko":190,"SlaversCollar":973,"Bird Faced Urn":760,"ReplayTheSpireMod:Ring of Collecting":833,"Pandora\u0027s Box":1265,"Kintsugi":726,"StrikeDummy":1466,"Unceasing Top":179,"Ring of the Serpent":230,"Lantern":82,"Regal Pillow":97,"Singing Bowl":460,"Torii":544,"Blue Doll":613,"Painkiller Herb":1265,"Bag of Preparation":20,"Replay:Multitool":1142,"Smiling Mask":286,"Cursed Key":456,"Ancient Tea Set":1610,"Pet Ghost":640,"Replay:Rubber Ducky":637,"Matryoshka":260,"Ring of Fangs":898,"Shovel":1302,"Ninja Scroll":622,"Ring of Peace":975,"Toolbox":1316,"WingedGreaves":1899,"Chemical X":1126,"Replay:Bottled Eggs":625,"InkBottle":286,"Ring of the Snake":0,"Potion Belt":260,"Lee\u0027s Waffle":501,"The Specimen":525,"Golden Idol":2,"Basket Of Snakes":686,"PreservedInsect":401,"The Courier":450,"Omamori":501,"Ring of Greed":833,"Frozen Egg 2":525,"MawBank":219,"Replay:Arrowhead":681,"Busted Crown":775,"Ornamental Fan":602,"Bloody Idol":975,"Ring of Misfortune":1296,"Orrery":179,"Turnip":1126,"Art of War":353,"Durian":733,"Garlic":898,"Bottled Lightning":446,"ReplayTheSpireMod:Lightbulb":1488,"Toy Ornithopter":24,"Ice Cream":501,"Divine Protection":1333,"Tiny House":46,"Calipers":472,"Gremlin Horn":0,"CeramicFish":136,"Vajra":0,"HoveringKite":115,"Sozu":1183,"Centennial Puzzle":435,"Lizard Tail":569,"HornCleat":1788,"DollysMirror":544,"Strawberry":664,"Prayer Wheel":425,"Philosopher\u0027s Stone":563,"Iron Hammer":1430,"Toxic Egg 2":204,"Byrd Skull":700,"Girya":1110,"Happy Flower":501,"Ring of Hypnosis":1099,"ReplayTheSpireMod:CursedCoin":734,"Astrolabe":632,"Replay:Grab Bag":1265,"Oddly Smooth Stone":32,"Letter Opener":132,"Replay:Kaleidoscope":902,"War Paint":186,"Question Card":425,"Du-Vu Doll":415,"OrangePellets":1328,"Bottled Flame":645,"Replay:Baseball":1205,"ReplayTheSpireMod:Shallot":869,"Shuriken":93,"Bronze Scales":544,"Onion Ring":613,"Molten Egg 2":694,"Simple Rune":1463,"ReplayTheSpireMod:TigerMarble":663,"Nloth\u0027s Gift":1271,"Black Star":1886,"Grinning Jar":701,"Mirror":922,"ReplayTheSpireMod:DimensionalGlitch":1094,"Pocketwatch":39,"Meat on the Bone":392,"Darkstone Periapt":260,"ReplayFunnel":701,"ReplayTheSpireMod:Ring of Exchange":898,"Replay:PocketPolymizer":1414,"Snake Skull":186,"Juzu Bracelet":102,"Incense Burner":501,"Sizzling Blood":1142,"Replay:Mystery Machine":1051,"Empty Cage":333,"ClockworkSouvenir":1316,"Frozen Eye":622,"Nunchaku":132,"Dream Catcher":308,"Replay:Bandana":881,"Tough Bandages":1072,"Chameleon Ring":1376,"Mummified Hand":557,"Pantograph":606,"Tiny Chest":254,"Red Mask":338,"Replay:Bottled Snecko":960,"Runic Pyramid":281,"Gremlin Food":642,"BargainBundle":613,"ReplayTheSpireMod:Ninjato":613,"Replay:Towering Pillar of Hats":681,"Guide Book":749,"Quantum Egg":1354,"Orichalcum":496,"Medical Kit":1112,"White Beast Statue":427,"Mercury Hourglass":24,"Calling Bell":425,"Peace Pipe":1950,"Strange Spoon":858,"Anchor":744,"Pondfish Scales":926,"CaptainsWheel":1409,"Ring of Fury":975,"ChewingGum":1265,"Bag of Marbles":668,"Snack Pack":749,"Coffee Dripper":886,"Membership Card":204,"TungstenRod":1245}],"Ring of the Snake":[476],"Meat on the Bone":12},"card_choices":[{"not_picked":["Dodge and Roll","PiercingWail"],"picked":"Prepared","floor":0.0},{"not_picked":["Tactician","Expertise"],"picked":"Burst","floor":0.0},{"not_picked":["Eviscerate","PiercingWail"],"picked":"Dash","floor":0.0},{"not_picked":["Bane","Cloak And Dagger"],"picked":"Footwork","floor":1.0},{"not_picked":["Slice","Concentrate"],"picked":"Escape Plan","floor":3.0},{"not_picked":["Poisoned Stab","Cloak And Dagger"],"picked":"Backflip","floor":6.0},{"not_picked":["Crippling Poison","Sucker Punch"],"picked":"Backstab","floor":8.0},{"not_picked":["Sucker Punch","Quick Slash"],"picked":"Doppelganger","floor":10.0},{"not_picked":["Predator","Well Laid Plans"],"picked":"Skewer","floor":11.0},{"not_picked":["Acrobatics","Quick Slash"],"picked":"Backflip","floor":12.0},{"not_picked":["Flying Knee","Dodge and Roll","Cloak And Dagger"],"picked":"SKIP","floor":14.0},{"not_picked":["Storm of Steel","Wraith Form v2"],"picked":"Phantasmal Killer","floor":16.0},{"not_picked":["PiercingWail","Flying Knee","Cloak And Dagger"],"picked":"SKIP","floor":18.0},{"not_picked":["Riddle With Holes","Deadly Poison+1"],"picked":"Acrobatics","floor":21.0},{"not_picked":["Sucker Punch","Dagger Spray","Doppelganger"],"picked":"SKIP","floor":22.0},{"not_picked":["Quick Slash","Riddle With Holes"],"picked":"Blade Dance","floor":23.0},{"not_picked":["Deflect","Backstab"],"picked":"Backflip+1","floor":24.0},{"not_picked":["Slice","Outmaneuver"],"picked":"Calculated Gamble","floor":27.0},{"not_picked":["Underhanded Strike","Masterful Stab","Leg Sweep"],"picked":"Infinite Blades","floor":28.0},{"not_picked":["Dagger Spray","Deflect","Finisher"],"picked":"Blade Dance+1","floor":29.0},{"not_picked":["PiercingWail","Backstab","Quick Slash","Dagger Throw"],"picked":"SKIP","floor":30.0},{"not_picked":["Bane","Backflip","Dagger Spray"],"picked":"Doppelganger","floor":31.0},{"not_picked":["Die Die Die","Venomology","A Thousand Cuts"],"picked":"After Image","floor":33.0},{"not_picked":["Setup","Poisoned Stab","PiercingWail","Blade Dance+1"],"picked":"SKIP","floor":35.0},{"not_picked":["Blade Dance","Dodge and Roll","Flying Knee+1"],"picked":"Tactician","floor":36.0},{"not_picked":["PiercingWail+1","Finisher","Dagger Throw+1","Dodge and Roll"],"picked":"SKIP","floor":39.0},{"not_picked":["Deadly Poison+1","Bouncing Flask","Catalyst+1"],"picked":"Choke","floor":40.0},{"not_picked":["Dagger Throw","Dagger Spray","Underhanded Strike"],"picked":"Backflip+1","floor":42.0},{"not_picked":["Flying Knee","Burst","Acrobatics","Slice"],"picked":"SKIP","floor":45.0},{"not_picked":["Finisher","Choke","Backflip"],"picked":"Escape Plan","floor":46.0},{"not_picked":["Backstab+1","Poisoned Stab","Dagger Spray"],"picked":"Well Laid Plans","floor":47.0},{"not_picked":["Acrobatics","Distraction","Cloak And Dagger"],"picked":"Prepared","floor":48.0}],"player_experience":1330721,"relics_obtained":[{"floor":8.0,"key":"Dream Catcher"},{"floor":9.0,"key":"War Paint"},{"floor":10.0,"key":"Peace Pipe"},{"floor":12.0,"key":"Regal Pillow"},{"floor":23.0,"key":"Mummified Hand"},{"floor":23.0,"key":"Paper Crane"},{"floor":27.0,"key":"Question Card"},{"floor":27.0,"key":"Blue Candle"},{"floor":30.0,"key":"Omamori"},{"floor":30.0,"key":"Darkstone Periapt"},{"floor":40.0,"key":"Meat on the Bone"},{"floor":40.0,"key":"CaptainsWheel"},{"floor":42.0,"key":"Nunchaku"},{"floor":42.0,"key":"MealTicket"},{"floor":43.0,"key":"StrikeDummy"},{"floor":46.0,"key":"Bag of Marbles"},{"floor":46.0,"key":"HornCleat"}],"event_choices":[{"damage_healed":0.0,"max_hp_gain":0.0,"max_hp_loss":7.0,"gold_gain":0.0,"event_name":"Golden Idol","player_choice":"Lose Max HP","floor":2.0,"gold_loss":0.0,"damage_taken":0.0,"relics_obtained":["Golden Idol"]},{"cards_removed":["Strike_G"],"damage_healed":0.0,"max_hp_gain":0.0,"max_hp_loss":0.0,"gold_gain":0.0,"event_name":"Wheel of Change","player_choice":"Card Removal","floor":5.0,"gold_loss":0.0,"damage_taken":0.0},{"cards_removed":["Strike_G"],"damage_healed":0.0,"max_hp_gain":0.0,"max_hp_loss":0.0,"gold_gain":0.0,"event_name":"Golden Wing","player_choice":"Card Removal","floor":13.0,"gold_loss":0.0,"damage_taken":7.0},{"damage_healed":0.0,"max_hp_gain":0.0,"max_hp_loss":0.0,"gold_gain":0.0,"event_name":"Ghosts","player_choice":"Ignored","floor":19.0,"gold_loss":0.0,"damage_taken":0.0},{"damage_healed":0.0,"max_hp_gain":0.0,"max_hp_loss":0.0,"gold_gain":50.0,"event_name":"FaceTrader","player_choice":"Touch","floor":20.0,"gold_loss":0.0,"damage_taken":6.0},{"damage_healed":0.0,"max_hp_gain":0.0,"max_hp_loss":0.0,"gold_gain":0.0,"event_name":"Match and Keep!","player_choice":"0 cards matched","floor":37.0,"gold_loss":0.0,"damage_taken":0.0,"cards_obtained":[]}],"is_beta":false,"boss_relics":[{"not_picked":["Runic Pyramid","Snecko Eye"],"picked":"Black Star"},{"not_picked":["Busted Crown","Empty Cage"],"picked":"Coffee Dripper"}],"items_purged_floors":[0,38],"is_endless":false,"potions_floor_spawned":[6,11,18,21,23,24,36,39,42,48],"ascension_level":20}}