{"host":"na09lpbrez4gbfiz","time":1609450102,"event":{"mods":["Act Like it!","BaseMod","BetterRewards","Colored Map","Colored Powertips","DeckTracker","Googly Eyes","Highlight Path","Minty Spire (QoL Compilation)","Quick Restart","Spicy Shops","StSLib","SuperFastMode","Synergy Search"],"gold_per_floor":[116,191,366,383,55,55,75,75,75,109,125,150,150,150,150,150,150],"floor_reached":16,"playtime":338,"items_purged":["Doubt","Strike_R"],"score":162,"play_id":"905dcba1-32f3-442b-b8c9-b783d54c52c7","local_time":"20201231222822","is_ascension_mode":true,"campfire_choices":[{"data":"True Grit","floor":6,"key":"SMITH"},{"data":"Whirlwind","floor":8,"key":"SMITH"},{"floor":15,"key":"REST"}],"circlet_count":0,"master_deck":["AscendersBane","Strike_R","Strike_R","Strike_R+1","Strike_R+1","Defend_R","Defend_R","Defend_R","Defend_R","Bash","True Grit+1","Seeing Red","Whirlwind+1","Shrug It Off","Regret","Sever Soul"],"relics":["Burning Blood","Whetstone","Brimstone","Kunai","Bottled Flame","Dead Branch","Dream Catcher","Singing Bowl"],"acts_visited":["Exordium"],"potions_floor_usage":[12],"damage_taken":[{"damage":8,"enemies":"Jaw Worm","floor":1,"turns":4},{"damage":0,"enemies":"2 Louse","floor":4,"turns":2},{"damage":6,"enemies":"Small Slimes","floor":7,"turns":3},{"damage":25,"enemies":"Lagavulin","floor":10,"turns":4},{"damage":5,"enemies":"Blue Slaver","floor":11,"turns":2},{"damage":4,"enemies":"3 Sentries","floor":12,"turns":3},{"damage":73,"enemies":"Hexaghost","floor":16,"turns":5}],"seed_played":"3889044924085222259","potions_obtained":[{"floor":4,"key":"Energy Potion"},{"floor":11,"key":"Strength Potion"},{"floor":12,"key":"Block Potion"}],"is_trial":false,"path_per_floor":["M","?","?","M","$","R","M","R","T","E","M","E","?","T","R","B"],"character_chosen":"IRONCLAD","items_purchased":["Brimstone"],"campfire_rested":1,"item_purchase_floors":[5],"current_hp_per_floor":[70,59,59,65,65,65,65,65,65,46,47,49,49,49,73,0,0],"gold":150,"neow_bonus":"RANDOM_COMMON_RELIC","is_daily":false,"chose_seed":false,"campfire_upgraded":2,"win_rate":0.0,"timestamp":1609450102,"path_taken":["M","?","?","M","$","R","M","R","T","E","?","E","?","?","R","BOSS"],"items_purchased_type":["Relic"],"build_version":"2020-12-22","purchased_purges":2,"victory":false,"max_hp_per_floor":[80,80,80,80,80,80,80,80,80,80,80,80,80,80,80,80,80],"card_choices":[{"not_picked":["Blood for Blood","Wild Strike"],"picked":"True Grit","floor":1},{"not_picked":["True Grit","Pommel Strike"],"picked":"Seeing Red","floor":4},{"not_picked":["Seeing Red","Disarm"],"picked":"Whirlwind","floor":7},{"not_picked":["Perfected Strike","Disarm","Double Tap"],"picked":"SKIP","floor":10},{"not_picked":["Seeing Red","Entrench"],"picked":"Shrug It Off","floor":11},{"not_picked":["Flame Barrier","Juggernaut","Wild Strike"],"picked":"SKIP","floor":12},{"not_picked":["Flex","Havoc"],"picked":"Sever Soul","floor":15}],"player_experience":247415,"relics_obtained":[{"floor":9,"key":"Kunai"},{"floor":10,"key":"Bottled Flame"},{"floor":12,"key":"Dead Branch"},{"floor":14,"key":"Singing Bowl"}],"event_choices":[{"damage_healed":0,"gold_gain":75,"player_choice":"Gather Gold","damage_taken":11,"max_hp_gain":0,"max_hp_loss":0,"event_name":"World of Goop","floor":2,"gold_loss":0},{"damage_healed":0,"gold_gain":175,"player_choice":"AGREE","damage_taken":0,"max_hp_gain":0,"max_hp_loss":0,"event_name":"Liars Game","floor":3,"gold_loss":0,"cards_obtained":["Doubt"]},{"damage_healed":0,"gold_gain":0,"player_choice":"Box","damage_taken":0,"relics_obtained":["Dream Catcher"],"max_hp_gain":0,"max_hp_loss":0,"event_name":"Big Fish","floor":13,"gold_loss":0,"cards_obtained":["Regret"]}],"is_beta":false,"boss_relics":[],"items_purged_floors":[5,5],"is_endless":false,"potions_floor_spawned":[4,11,12],"killed_by":"Hexaghost","ascension_level":10}}