{"host":"bjzqjr1ycgj8gt55","time":1609445570,"event":{"mods":["BaseMod","Better Altar","Better Match","Better Sensory Stone","Better Skull","Better Third Choice","Better Vampires","Block Reminder","Colored Map","Colored Powertips","Downfall","GifTheSpireLib","Infinite Spire","Minty Spire (QoL Compilation)","Rare Cards Sparkle","Red Circlet Mod","Spicy Shops","StSLib","Waifu the Spire","everything is the same but u backflip on backflip","slay the spire mod where everything is the same but ironclad has a cowboy hat"],"gold_per_floor":[99,99,99,99,99,99,99,274,274,292,292,292,5,16,28,130,130,130,145,161,176,8,21,21,33,33,20,30,44,44,44,62,167,167,17,28,28,40,40,72,72,84,84,84,113,38,56,8,22,22,22,54,2,2,2],"floor_reached":56,"playtime":2878,"items_purged":["Doubt","Shame"],"score":1347,"play_id":"0c442d1c-c67d-4573-a059-19ed6f02dc29","local_time":"20201231141250","is_ascension_mode":false,"campfire_choices":[{"data":"sneckomod:SnekBite","floor":1.0,"key":"SMITH"},{"data":"sneckomod:DiceBoulder","floor":6.0,"key":"SMITH"},{"data":"infinitespire:SevenWalls","floor":12.0,"key":"SMITH"},{"floor":18.0,"key":"RECALL"},{"floor":30,"key":"REST"},{"data":"sneckomod:DiceBoulder+1","floor":35,"key":"SMITH"},{"data":"infinitespire:UltimateForm","floor":44,"key":"SMITH"},{"data":"sneckomod:DiceBoulder+2","floor":46,"key":"SMITH"},{"data":"sneckomod:DiceBoulder+3","floor":54,"key":"SMITH"}],"circlet_count":0,"master_deck":["sneckomod:TailWhip","sneckomod:SnekBite+1","sneckomod:Unknown","sneckomod:Unknown","sneckomod:UnknownUncommonAttack","sneckomod:SoulDraw","sneckomod:DiceBoulder+4","infinitespire:SevenWalls+1","sneckomod:UnknownClassINFINITE_BLACK","sneckomod:WideSting","sneckomod:RainOfDice","sneckomod:MasterEye","sneckomod:UnknownWeak","sneckomod:UnlimitedRolls","sneckomod:UnknownCommonAttack+1","sneckomod:UnknownUncommonPower","sneckomod:UnknownUncommonSkill","sneckomod:SoulDraw","sneckomod:Unknown2Cost","sneckomod:SerpentMind","sneckomod:UnknownClassPURPLE","sneckomod:UnknownRareSkill","sneckomod:UnknownBlock","sneckomod:UnknownClassINFINITE_BLACK+1","sneckomod:UnknownRareSkill+1","sneckomod:Unknown0Cost+1","sneckomod:UnknownVulnerable+1","sneckomod:Nope+1","Shame","sneckomod:QuickMove+1","sneckomod:Restock+1","sneckomod:QuickBite+1","sneckomod:UnknownUncommonAttack","infinitespire:UltimateForm+1","sneckomod:DiceBlock+1","Writhe","sneckomod:Mudshield","sneckomod:Nope+1","sneckomod:UnknownVulnerable+1","sneckomod:Unknown2Cost+1"],"relics":["sneckomod:SneckoSoul","downfall:HeartsMalice","sneckomod:ConfusingCodex","Cursed Key","OrangePellets","infinitespire:ShieldingShard","Toxic Egg 2","Du-Vu Doll","Coffee Dripper","downfall:HeartBlessingRed","downfall:HeartBlessingBlue","MealTicket","Lizard Tail","War Paint","downfall:HeartBlessingGreen","Dead Branch"],"acts_visited":["Exordium","TheCity","TheBeyond","TheEnding"],"potions_floor_usage":[27,28,38,42,55,55,55],"damage_taken":[{"damage":0.0,"enemies":"Small Slimes","floor":2.0,"turns":1.0},{"damage":0.0,"enemies":"2 Louse","floor":3.0,"turns":1.0},{"damage":0.0,"enemies":"infinitespire:Voidling","floor":5.0,"turns":1.0},{"damage":6.0,"enemies":"3 Louse","floor":10.0,"turns":2.0},{"damage":0.0,"enemies":"downfall:FleeingMerchant","floor":13.0,"turns":4.0},{"damage":7.0,"enemies":"Large Slime","floor":14.0,"turns":4.0},{"damage":4.0,"enemies":"Red Slaver","floor":15.0,"turns":2.0},{"damage":26.0,"enemies":"downfall:Ironclad","floor":16.0,"turns":8.0},{"damage":18.0,"enemies":"3 Byrds","floor":19.0,"turns":5.0},{"damage":6.0,"enemies":"Chosen","floor":20.0,"turns":3.0},{"damage":4.0,"enemies":"Centurion and Healer","floor":21.0,"turns":5.0},{"damage":0.0,"enemies":"downfall:FleeingMerchant","floor":22.0,"turns":4.0},{"damage":1.0,"enemies":"3 Cultists","floor":23.0,"turns":5.0},{"damage":4.0,"enemies":"Sentry and Sphere","floor":25.0,"turns":6.0},{"damage":6,"enemies":"downfall:FleeingMerchant","floor":27,"turns":2},{"damage":14,"enemies":"Shelled Parasite and Fungi","floor":28,"turns":5},{"damage":1,"enemies":"Centurion and Healer","floor":29,"turns":5},{"damage":0,"enemies":"Snecko","floor":32,"turns":5},{"damage":29,"enemies":"downfall:Watcher","floor":33,"turns":6},{"damage":0,"enemies":"3 Shapes","floor":36,"turns":3},{"damage":0,"enemies":"Orb Walker","floor":38,"turns":1},{"damage":35,"enemies":"Giant Head","floor":40,"turns":6},{"damage":18,"enemies":"Spire Growth","floor":42,"turns":4},{"damage":32,"enemies":"Nemesis","floor":45,"turns":5},{"damage":3,"enemies":"Jaw Worm Horde","floor":47,"turns":3},{"damage":14,"enemies":"Writhing Mass","floor":49,"turns":6},{"damage":35,"enemies":"downfall:Silent","floor":50,"turns":4},{"damage":39,"enemies":"downfall:CharBossMerchant","floor":52,"turns":6},{"damage":0,"enemies":"downfall:NeowBoss","floor":55,"turns":13}],"seed_played":"-503635178771778368","potions_obtained":[{"floor":10.0,"key":"BlessingOfTheForge"},{"floor":14.0,"key":"champ:CounterPotion"},{"floor":19.0,"key":"Block Potion"},{"floor":21.0,"key":"Weak Potion"},{"floor":32,"key":"ColorlessPotion"},{"floor":36,"key":"DistilledChaos"},{"floor":37,"key":"infinitespire:BlackPotion"},{"floor":37,"key":"Block Potion"},{"floor":49,"key":"Block Potion"}],"is_trial":false,"path_per_floor":["R","M","M","?","M","R","T","?","?","M","?","R","$","M","M","B",null,"R","M","M","M","$","M","T","M","?","$","M","M","R","?","M","B",null,"R","M","?","M","AVR","E","T","M","$","R","E","R","M","$","M","B",null,"E","$","R","B",null],"character_chosen":"THE_SNECKO","items_purchased":["sneckomod:ConfusingCodex","sneckomod:RainOfDice","OrangePellets","Toxic Egg 2","FearPotion","Dexterity Potion"],"campfire_rested":1,"item_purchase_floors":[13,13,22,27,48,53],"current_hp_per_floor":[90,91,91,91,91,91,91,91,68,63,68,68,68,61,58,32,98,98,81,76,73,73,73,73,71,76,71,58,57,89,89,91,62,109,119,119,119,120,120,113,113,115,120,120,88,88,86,101,88,53,122,83,98,98,98],"gold":2,"neow_bonus":"THREE_ENEMY_KILL","is_daily":false,"chose_seed":false,"campfire_upgraded":7,"win_rate":0.0,"timestamp":1609445570,"path_taken":["R","M","M","?","M","R","T","?","?","M","?","R","?","M","M","BOSS","R","M","M","?","$","M","T","M","?","$","M","M","R","?","M","BOSS","R","M","?","M","AVR","E","T","?","?","R","E","R","?","?","M","BOSS","E","$","R","BOSS"],"items_purchased_type":["Relic","Card","Relic","Relic","Potion","Potion"],"build_version":"2020-12-22","purchased_purges":2,"victory":true,"max_hp_per_floor":[90,91,91,91,91,91,91,91,91,92,97,97,97,97,98,98,98,98,99,100,101,101,102,102,102,107,108,109,109,109,109,109,109,109,119,119,119,120,120,120,120,120,120,120,120,120,121,121,122,122,122,122,122,122,122],"card_choices":[{"not_picked":["sneckomod:UnknownUncommonSkill","sneckomod:SoulRoll"],"picked":"sneckomod:UnknownUncommonAttack","floor":2.0},{"not_picked":["sneckomod:UnknownClassBLUE","sneckomod:UnknownClassHEXA_GHOST_PURPLE"],"picked":"sneckomod:SoulDraw","floor":3.0},{"not_picked":["sneckomod:UnknownClassPURPLE","sneckomod:DiceCrush"],"picked":"sneckomod:DiceBoulder","floor":5.0},{"not_picked":["infinitespire:Starlight","infinitespire:FinalStrike"],"picked":"infinitespire:SevenWalls","floor":9.0},{"not_picked":["sneckomod:DiceBlock","sneckomod:UnknownBlock"],"picked":"sneckomod:UnknownClassINFINITE_BLACK","floor":10.0},{"not_picked":["sneckomod:Nope","sneckomod:UnknownX"],"picked":"sneckomod:WideSting","floor":13.0},{"not_picked":["sneckomod:Nope","sneckomod:DangerNoodle"],"picked":"sneckomod:MasterEye","floor":14.0},{"not_picked":["sneckomod:UnknownClassTHE_CHAMP_GRAY","sneckomod:Nope"],"picked":"sneckomod:UnknownWeak","floor":15.0},{"not_picked":["sneckomod:MorePower","sneckomod:UnknownRareAttack"],"picked":"sneckomod:UnlimitedRolls","floor":16.0},{"not_picked":["sneckomod:IronFang","sneckomod:UnknownClassGUARDIAN"],"picked":"sneckomod:UnknownCommonAttack+1","floor":19.0},{"not_picked":["sneckomod:UnknownClassSLIMEBOUND","sneckomod:SoulRoll+1"],"picked":"sneckomod:UnknownUncommonPower","floor":20.0},{"not_picked":["sneckomod:SoulDraw","sneckomod:SnekBeam"],"picked":"sneckomod:UnknownUncommonSkill","floor":21.0},{"not_picked":["sneckomod:UnknownWeak+1","sneckomod:UnknownStrike"],"picked":"sneckomod:SoulDraw","floor":22.0},{"not_picked":["sneckomod:UnknownClassGREEN","sneckomod:UnknownCommonAttack"],"picked":"sneckomod:Unknown2Cost","floor":23.0},{"not_picked":["sneckomod:UnknownClassGUARDIAN+1","sneckomod:CheapStock"],"picked":"sneckomod:SerpentMind","floor":25.0},{"not_picked":["sneckomod:UnknownWeak","sneckomod:SoulRoll"],"picked":"sneckomod:Unknown0Cost","floor":27},{"not_picked":["sneckomod:QuickBite","sneckomod:Unknown1Cost+1"],"picked":"sneckomod:UnknownVulnerable+1","floor":28},{"not_picked":["sneckomod:DefensiveFlair+1","sneckomod:UnknownWeak+1"],"picked":"sneckomod:Nope+1","floor":29},{"not_picked":["sneckomod:SnakeSap+1","sneckomod:Unknown1Cost+1"],"picked":"sneckomod:QuickMove+1","floor":32},{"not_picked":["sneckomod:SerpentMind","sneckomod:DangerNoodle"],"picked":"sneckomod:Restock+1","floor":33},{"not_picked":["sneckomod:SoulRoll+1","sneckomod:UnknownClassSLIMEBOUND+1"],"picked":"sneckomod:QuickBite+1","floor":36},{"not_picked":["sneckomod:QuickBite","sneckomod:WideSting+1"],"picked":"sneckomod:UnknownUncommonAttack","floor":38},{"not_picked":["sneckomod:UnknownBlock+1","sneckomod:UnknownWeak+1"],"picked":"sneckomod:DiceBlock+1","floor":40},{"not_picked":["sneckomod:DiceBlock+1","sneckomod:WideSting"],"picked":"sneckomod:Mudshield","floor":42},{"not_picked":["sneckomod:UnknownUncommonAttack+1","sneckomod:MorePower"],"picked":"sneckomod:Nope+1","floor":45},{"not_picked":["sneckomod:WideSting","sneckomod:Nope+1"],"picked":"sneckomod:UnknownVulnerable+1","floor":47},{"not_picked":["sneckomod:DiceCrush+1","sneckomod:SoulCleanse+1"],"picked":"sneckomod:Unknown2Cost+1","floor":49},{"not_picked":["sneckomod:ImprovisedAttack","sneckomod:UnknownStrike","sneckomod:SerpentMind"],"picked":"SKIP","floor":52}],"player_experience":128427,"relics_obtained":[{"floor":24.0,"key":"infinitespire:ShieldingShard"},{"floor":40,"key":"MealTicket"},{"floor":41,"key":"Lizard Tail"},{"floor":45,"key":"War Paint"},{"floor":52,"key":"Dead Branch"}],"event_choices":[{"cards_removed":["sneckomod:Strike"],"damage_healed":0.0,"max_hp_gain":0.0,"max_hp_loss":0.0,"gold_gain":0.0,"event_name":"The Cleric","player_choice":"Card Removal","floor":4.0,"gold_loss":0.0,"damage_taken":0.0},{"damage_healed":0.0,"max_hp_gain":5.0,"max_hp_loss":0.0,"gold_gain":0.0,"event_name":"Big Fish","player_choice":"Donut","floor":11.0,"gold_loss":0.0,"damage_taken":0.0},{"damage_healed":0,"gold_gain":0,"player_choice":"Stole Relic","damage_taken":0,"relics_obtained":["Du-Vu Doll"],"max_hp_gain":0,"max_hp_loss":0,"event_name":"Addict","floor":31,"gold_loss":0,"cards_obtained":["Shame"]},{"damage_healed":0,"gold_gain":0,"player_choice":"Got Potions","damage_taken":0,"max_hp_gain":0,"max_hp_loss":0,"event_name":"Lab","floor":37,"gold_loss":0}],"is_beta":false,"boss_relics":[{"not_picked":["Tiny House","SacredBark"],"picked":"Cursed Key"},{"not_picked":["Velvet Choker","Fusion Hammer"],"picked":"Coffee Dripper"}],"items_purged_floors":[22,27],"is_endless":false,"potions_floor_spawned":[10,14,19,21,25,32,36,49],"ascension_level":0}}