{"host":"7t8rqoeeopyy0nh0","time":1609376254,"event":{"mods":["AchievementEnabler","BaseMod","Better Third Choice","BetterRewards","Colored Map","Colored Powertips","Conspire","Downfall","Hubris","Infinite Spire","Minty Spire (QoL Compilation)","Permanent Neow","Quick Restart","Rare Cards Sparkle","Replay The Spire","StSLib","The Jungle"],"gold_per_floor":[114,132,132,6,18,46,46,46,46,46,61,89,101,49,49,149,149,163,251,251,270,286,286,286],"floor_reached":23,"playtime":769,"items_purged":["Combust","ReplayTheSpireMod:Splinters"],"score":400,"play_id":"3effb3a8-6fa2-43a4-b98b-7fa56afaf168","local_time":"20201230195734","is_ascension_mode":true,"campfire_choices":[{"data":"Bash","floor":7,"key":"SMITH"},{"data":"Feed","floor":10,"key":"SMITH"},{"floor":15,"key":"REST"}],"circlet_count":0,"master_deck":["AscendersBane","Strike_R","Strike_R","Strike_R","Strike_R","Strike_R","Defend_R","Defend_R","Defend_R","Defend_R","Bash+1","Disarm","Combust+1","Shockwave","Feed+1","Limit Break","Intimidate","Combust+1","conspire:HitWhereItHurts","Flame Barrier","Thunderclap","Inflame+1","Flame Barrier+1"],"relics":["Burning Blood","Mango","hubris:TenFootPole","conspire:GiftBox","Bag of Preparation","Lizard Tail","Philosopher\u0027s Stone","Art of War","ReplayTheSpireMod:TigerMarble"],"acts_visited":["Exordium","Exordium"],"potions_floor_usage":[6,12,16,16,23,23],"damage_taken":[{"damage":13,"enemies":"Jaw Worm","floor":1,"turns":5},{"damage":3,"enemies":"Cultist","floor":2,"turns":4},{"damage":5,"enemies":"2 Louse","floor":5,"turns":3},{"damage":0,"enemies":"Gremlin Nob","floor":6,"turns":2},{"damage":17,"enemies":"Exordium Wildlife","floor":11,"turns":3},{"damage":29,"enemies":"Lagavulin","floor":12,"turns":7},{"damage":29,"enemies":"Exordium Thugs","floor":13,"turns":5},{"damage":86,"enemies":"Hexaghost","floor":16,"turns":12},{"damage":37,"enemies":"theJungle:GiantWrat","floor":18,"turns":4},{"damage":15,"enemies":"theJungle:MUSHROOMGANG","floor":21,"turns":5},{"damage":30,"enemies":"theJungle:Snecko_Cultist_And_Trap","floor":22,"turns":5},{"damage":45,"enemies":"theJungle:MamaSnecko","floor":23,"turns":6}],"seed_played":"4008495701535235679","potions_obtained":[{"floor":1,"key":"BloodPotion"},{"floor":5,"key":"infinitespire:BlackPotion"},{"floor":11,"key":"Fire Potion"},{"floor":13,"key":"Ancient Potion"},{"floor":18,"key":"Energy Potion"},{"floor":22,"key":"SkillPotion"}],"is_trial":false,"path_per_floor":["M","M","?","$","M","E","R","T","T","R","M","E","M","$","R","B",null,"M","?","AVR","M","M","E"],"character_chosen":"IRONCLAD","items_purchased":["Combust+1","Combust+1"],"campfire_rested":1,"item_purchase_floors":[4,14],"current_hp_per_floor":[58,61,61,61,62,68,68,68,68,68,61,61,42,42,73,50,95,64,64,64,59,35,0,0],"gold":286,"neow_bonus":"ONE_RARE_RELIC","is_daily":false,"chose_seed":false,"campfire_upgraded":2,"win_rate":0.0,"timestamp":1609376254,"path_taken":["M","M","?","$","M","E","R","?","T","R","M","E","M","$","R","BOSS","M","?","AVR","?","M","E"],"items_purchased_type":["Card","Card"],"build_version":"2020-12-22","purchased_purges":2,"victory":false,"max_hp_per_floor":[94,94,94,94,94,94,94,94,94,94,98,102,106,106,106,110,110,110,110,110,114,114,114,114],"card_choices":[{"not_picked":["Flex","Evolve"],"picked":"Combust","floor":1},{"not_picked":["Blood for Blood","Replay:Undeath\u0027s Touch"],"picked":"Disarm","floor":2},{"not_picked":["hubris:ReadiedAction","Warcry"],"picked":"Shockwave","floor":5},{"not_picked":["Cleave","Berserk","Second Wind"],"picked":"SKIP","floor":6},{"not_picked":["Double Tap","Demonic Infusion"],"picked":"Feed","floor":8},{"not_picked":["Heavy Blade","Body Slam","Massacre"],"picked":"SKIP","floor":11},{"not_picked":["Perfected Strike","Replay:Undeath\u0027s Touch"],"picked":"Limit Break","floor":12},{"not_picked":["ReplayTheSpireMod:Strike From Hell","Clash"],"picked":"Intimidate","floor":13},{"not_picked":["hubris:StunningStrike","Limit Break"],"picked":"conspire:HitWhereItHurts","floor":16},{"not_picked":["Sword Boomerang","Searing Blow"],"picked":"Flame Barrier","floor":18},{"not_picked":["ReplayTheSpireMod:Corrosion Curse","Perfected Strike"],"picked":"Thunderclap","floor":19},{"not_picked":["Clothesline","Infernal Blade"],"picked":"Inflame+1","floor":19},{"not_picked":["Intimidate","Entrench","Blood for Blood"],"picked":"SKIP","floor":21},{"not_picked":["Clash","Run Through"],"picked":"Flame Barrier+1","floor":22}],"player_experience":369453,"relics_obtained":[{"floor":6,"key":"hubris:TenFootPole"},{"floor":8,"key":"conspire:GiftBox"},{"floor":9,"key":"Bag of Preparation"},{"floor":12,"key":"Lizard Tail"},{"floor":19,"key":"Art of War"}],"event_choices":[],"is_beta":false,"boss_relics":[{"not_picked":["Abe\u0027s Treasure","infinitespire:Cupcake"],"picked":"Philosopher\u0027s Stone"}],"items_purged_floors":[4,20],"is_endless":false,"potions_floor_spawned":[1,5,11,13,18,22],"killed_by":"theJungle:MamaSnecko","ascension_level":11}}