{"host":"zpo0s982nnba8fjk","time":1609422207,"event":{"mods":["Act Like it!","BaseMod","Downfall","GifTheSpireLib","Hermit","Hubris","Infinite Spire","Jorbs\u0027s Wanderer Trilogy","Minty Spire (QoL Compilation)","Replay The Spire","StSLib","The Animator"],"gold_per_floor":[99,119,137,137,312,330,354,354,367,387,400,37,37,55,72,72,72,72],"floor_reached":16,"playtime":1290,"items_purged":["Doubt"],"score":101,"play_id":"42f81144-7d29-4da7-a987-4bfec6d11a13","local_time":"20201231144327","is_ascension_mode":true,"campfire_choices":[{"data":"Slimebound:CorrosiveSpit","floor":1.0,"key":"SMITH"},{"data":"Slimebound:SelfFormingGoo","floor":13,"key":"SMITH"}],"circlet_count":0,"master_deck":["Slimebound:Strike_Slimebound","Slimebound:Strike_Slimebound","Slimebound:Tackle","Slimebound:Defend_Slimebound","Slimebound:Defend_Slimebound","Slimebound:Defend_Slimebound","Slimebound:Split+1","Slimebound:CorrosiveSpit+1","Slimebound:RollThrough","Slimebound:DisruptingSlam","Slimebound:SelfFormingGoo+1","Slimebound:ProtectTheBoss","Slimebound:SpikyOuterGoop","Slimebound:SplitAcid","Slimebound:RallyTheTroops","expansioncontent:StudyTheSpire","Slimebound:Repurpose","Slimebound:LeadByExample","Slimebound:SplitBruiser"],"relics":["Slimebound:AbsorbEndCombat"],"acts_visited":["Exordium"],"potions_floor_usage":[],"damage_taken":[{"damage":8.0,"enemies":"2 Louse","floor":2.0,"turns":2.0},{"damage":4,"enemies":"Small Slimes","floor":3,"turns":3},{"damage":9,"enemies":"Cultist","floor":6,"turns":4},{"damage":19,"enemies":"Blue Slaver","floor":9,"turns":4},{"damage":24,"enemies":"Exordium Wildlife","floor":10,"turns":6},{"damage":8,"enemies":"2 Fungi Beasts","floor":11,"turns":4},{"damage":20,"enemies":"downfall:FleeingMerchant","floor":12,"turns":4},{"damage":15,"enemies":"Large Slime","floor":14,"turns":5},{"damage":24,"enemies":"Red Slaver","floor":15,"turns":4},{"damage":70,"enemies":"downfall:Defect","floor":16,"turns":5}],"seed_played":"-5041993923811142021","potions_obtained":[{"floor":6,"key":"SteroidPotion"},{"floor":10,"key":"Fire Potion"},{"floor":11,"key":"Venom Potion"},{"floor":14,"key":"Energy Potion"}],"is_trial":false,"path_per_floor":["R","M","M","?","?","M","T","?","M","M","M","$","R","M","M","B"],"character_chosen":"SLIMEBOUND","items_purchased":["expansioncontent:StudyTheSpire","Slimebound:Repurpose"],"campfire_rested":0,"item_purchase_floors":[12,12],"current_hp_per_floor":[60,59,60,60,60,59,59,59,60,52,56,52,52,59,52,0,0,0],"gold":72,"neow_bonus":"REMOVE_CARD","is_daily":false,"chose_seed":false,"campfire_upgraded":2,"win_rate":0.0,"timestamp":1609422207,"path_taken":["R","M","M","?","?","?","T","?","M","M","M","$","R","M","M","BOSS"],"items_purchased_type":["Card","Card"],"build_version":"2020-12-22","purchased_purges":1,"victory":false,"max_hp_per_floor":[60,60,60,60,60,60,60,60,60,60,60,60,60,60,60,60,60,60],"card_choices":[{"not_picked":["Slimebound:GrowthPunch","Slimebound:Schlurp"],"picked":"Slimebound:RollThrough","floor":2},{"not_picked":["Slimebound:Schlurp","Slimebound:GrowthPunch"],"picked":"Slimebound:DisruptingSlam","floor":3},{"not_picked":["Slimebound:FinishingTackle","Slimebound:ViciousTackle"],"picked":"Slimebound:SelfFormingGoo","floor":6},{"not_picked":["Slimebound:LeechingTouch","Slimebound:ViciousTackle"],"picked":"Slimebound:ProtectTheBoss","floor":9},{"not_picked":["Slimebound:LeechingTouch","Slimebound:MegaLick"],"picked":"Slimebound:SpikyOuterGoop","floor":10},{"not_picked":["Slimebound:GrowthPunch","Slimebound:FormOfPuddle"],"picked":"Slimebound:SplitAcid","floor":11},{"not_picked":["Slimebound:FirmFortitude","Slimebound:FinishingTackle"],"picked":"Slimebound:RallyTheTroops","floor":12},{"not_picked":["Slimebound:SplitLeeching","Slimebound:SpikyOuterGoop"],"picked":"Slimebound:LeadByExample","floor":14},{"not_picked":["Slimebound:LivingWall","Slimebound:SamplingLick"],"picked":"Slimebound:SplitBruiser","floor":15}],"player_experience":287691,"relics_obtained":[],"event_choices":[],"is_beta":false,"boss_relics":[],"items_purged_floors":[12],"is_endless":false,"potions_floor_spawned":[6,10,11,14],"killed_by":"downfall:Defect","ascension_level":1}}