{"host":"x3q4ieql2tr7v8o6","time":1609416789,"event":{"mods":["BaseMod","Better Altar","Better Note","Better Sensory Stone","Better Skull","Better Third Choice","Colored Map","Minty Spire (QoL Compilation)","StSLib"],"gold_per_floor":[109,129,129,204,214,233,253,253,278,313,89,103,65,76,76,149,149,168,168,168,168,187,215,215,249,249,249,249],"floor_reached":27,"playtime":819,"items_purged":["Clumsy"],"score":473,"play_id":"576d7a3c-0919-49d6-a5c5-ab8cc1e0d163","local_time":"20201231121309","is_ascension_mode":true,"campfire_choices":[{"floor":8,"key":"DIG"},{"floor":15,"key":"DIG"},{"floor":24,"key":"DIG"}],"circlet_count":0,"master_deck":["AscendersBane","Strike_R","Strike_R","Strike_R","Strike_R","Strike_R","Defend_R","Defend_R","Defend_R","Bash","Heavy Blade","Perfected Strike","Shrug It Off","Sword Boomerang","Sever Soul","Inflame","Apotheosis","Demon Form","Evolve","Warcry","Reaper","Shrug It Off+1","Burning Pact+1","Dark Embrace"],"relics":["Burning Blood","Shovel","Blood Vial","Smiling Mask","Boot","MealTicket","Anchor","Mark of Pain","Nilry\u0027s Codex","Mummified Hand","Art of War","Blue Candle","Shuriken"],"acts_visited":["Exordium","TheCity"],"potions_floor_usage":[7,16,18,27],"damage_taken":[{"damage":6,"enemies":"Cultist","floor":1,"turns":3},{"damage":0,"enemies":"Small Slimes","floor":2,"turns":4},{"damage":7,"enemies":"Jaw Worm","floor":5,"turns":4},{"damage":13,"enemies":"Blue Slaver","floor":6,"turns":4},{"damage":29,"enemies":"Lots of Slimes","floor":7,"turns":7},{"damage":24,"enemies":"Gremlin Nob","floor":10,"turns":4},{"damage":0,"enemies":"Exordium Wildlife","floor":12,"turns":2},{"damage":6,"enemies":"Looter","floor":14,"turns":3},{"damage":28,"enemies":"The Guardian","floor":16,"turns":11},{"damage":10,"enemies":"3 Byrds","floor":18,"turns":5},{"damage":19,"enemies":"Spheric Guardian","floor":22,"turns":4},{"damage":32,"enemies":"Book of Stabbing","floor":23,"turns":6},{"damage":16,"enemies":"Gremlin Leader","floor":25,"turns":6},{"damage":71,"enemies":"Slavers","floor":27,"turns":3}],"seed_played":"7273934433984792572","potions_obtained":[{"floor":2,"key":"ElixirPotion"},{"floor":5,"key":"BloodPotion"},{"floor":7,"key":"Regen Potion"},{"floor":12,"key":"Regen Potion"},{"floor":22,"key":"Fire Potion"}],"is_trial":false,"path_per_floor":["M","M","?","?","M","M","M","R","T","E","$","M","$","M","R","B",null,"M","?","?","?","M","E","R","E","T","E"],"character_chosen":"IRONCLAD","items_purchased":["Apotheosis","Evolve"],"campfire_rested":0,"item_purchase_floors":[11,13],"current_hp_per_floor":[68,74,71,64,65,60,54,54,54,38,53,61,75,75,75,63,72,75,75,75,59,48,38,38,52,52,0,0],"gold":249,"neow_bonus":"ONE_RARE_RELIC","is_daily":false,"chose_seed":false,"campfire_upgraded":0,"win_rate":0.0,"timestamp":1609416789,"path_taken":["M","?","?","?","M","M","M","R","T","E","$","?","$","M","R","BOSS","M","?","?","?","?","E","R","E","T","E"],"items_purchased_type":["Card","Card"],"build_version":"2020-12-22","purchased_purges":1,"victory":false,"max_hp_per_floor":[75,75,75,75,75,75,75,75,75,75,75,75,75,75,75,75,75,75,75,75,75,75,75,75,75,75,75,75],"card_choices":[{"not_picked":["Hemokinesis","Reckless Charge"],"picked":"Heavy Blade","floor":1},{"not_picked":["Combust","Infernal Blade"],"picked":"Perfected Strike","floor":2},{"not_picked":["Bloodletting","Clash"],"picked":"Shrug It Off","floor":5},{"not_picked":["Searing Blow","Twin Strike"],"picked":"Sword Boomerang","floor":6},{"not_picked":["Body Slam","Sentinel"],"picked":"Sever Soul","floor":7},{"not_picked":["Dual Wield","Sentinel"],"picked":"Inflame","floor":10},{"not_picked":["Headbutt","Clothesline"],"picked":"Demon Form","floor":12},{"not_picked":["Entrench","Wild Strike"],"picked":"Warcry","floor":14},{"not_picked":["Immolate","Demon Form"],"picked":"Reaper","floor":16},{"not_picked":["Cleave","Headbutt"],"picked":"Shrug It Off+1","floor":18},{"not_picked":["Sever Soul","Uppercut+1"],"picked":"Burning Pact+1","floor":22},{"not_picked":["Shrug It Off","Bloodletting"],"picked":"Dark Embrace","floor":23},{"not_picked":["Blood for Blood","Carnage","Body Slam"],"picked":"SKIP","floor":25}],"player_experience":693563,"relics_obtained":[{"floor":8,"key":"Smiling Mask"},{"floor":9,"key":"Boot"},{"floor":10,"key":"MealTicket"},{"floor":15,"key":"Anchor"},{"floor":21,"key":"Nilry\u0027s Codex"},{"floor":23,"key":"Mummified Hand"},{"floor":24,"key":"Art of War"},{"floor":25,"key":"Blue Candle"},{"floor":26,"key":"Shuriken"}],"event_choices":[{"damage_healed":0,"gold_gain":0,"player_choice":"Relic ","damage_taken":3,"max_hp_gain":0,"max_hp_loss":0,"event_name":"betterThird:BetterScrap","floor":3,"gold_loss":0,"cards_obtained":["Lockon"]},{"damage_healed":0,"gold_gain":75,"player_choice":"Touch","damage_taken":7,"max_hp_gain":0,"max_hp_loss":0,"event_name":"FaceTrader","floor":4,"gold_loss":0},{"cards_removed":["Inflame"],"damage_healed":0,"gold_gain":0,"player_choice":"Give","damage_taken":0,"max_hp_gain":0,"max_hp_loss":0,"event_name":"betterNote:BetterNote","floor":19,"gold_loss":0,"cards_obtained":["Defend_R"]},{"cards_removed":["Defend_R"],"damage_healed":0,"gold_gain":0,"player_choice":"Elegance","damage_taken":0,"max_hp_gain":0,"max_hp_loss":0,"event_name":"betterThird:BetterWriting","floor":20,"gold_loss":0},{"damage_healed":0,"gold_gain":0,"player_choice":"Obtained Book","damage_taken":16,"max_hp_gain":0,"max_hp_loss":0,"event_name":"Cursed Tome","floor":21,"gold_loss":0}],"is_beta":false,"boss_relics":[{"not_picked":["SlaversCollar","Velvet Choker"],"picked":"Mark of Pain"}],"items_purged_floors":[11],"is_endless":false,"potions_floor_spawned":[2,5,7,12,22],"killed_by":"Slavers","ascension_level":14}}