{"host":"rqr5ppifgk2pyouj","time":1609385863,"event":{"mods":["AchievementEnabler","Act Like it!","Aspiration","BaseMod","Beaked The Cultist","Better Match","Better Note","Better Vampires","Better-Laid Plans","BetterRewards","Block Reminder","Colored Map","Colored Powertips","Conspire","Curses Come First","Custom Start","Defuse TimeMaze Blight","Downfall","Elementarium","Energized Spire","GifTheSpireLib","Hermit","Hubris","Infinite Spire","Minty Spire (QoL Compilation)","Pale of the Ancients","Random Character Button","Rare Cards Sparkle","RatMod","Replay The Spire","Reworked Bosses","Shop Mod","Spikes Relics","StSLib","Stuff the Spire","The Construct","The Hierophant","The Marked","The Poker Player","The Runesmith","The Spell Scribe","TheArtist","TheBandit","Trackpad","Unceasing Turn Reminder","Waifu the Spire","vexMod"],"gold_per_floor":[99,117,136,236,246,263,263,263,263,263,109,129,229,243,269,380,380,380,488,242,260,271,321,321,321,331,345,345,345,345],"floor_reached":28,"playtime":2864,"items_purged":[],"score":237,"play_id":"84d1a956-1181-4434-8fc7-e35a528fa8ab","local_time":"20201230213743","is_ascension_mode":false,"campfire_choices":[{"data":"hexamod:Float","floor":1,"key":"SMITH"},{"data":"hexamod:FastForward","floor":18,"key":"SMITH"}],"circlet_count":0,"master_deck":["hexamod:Strike","hexamod:Strike","hexamod:Strike","hexamod:Defend","hexamod:Defend","hexamod:Defend","hexamod:Defend","hexamod:Sear+1","hexamod:Float+1","hexamod:SwordOfDarkness","hexamod:ThermalTransfer","hexamod:Again+1","hexamod:PhantomCloak","infinitespire:Collect+1","hexamod:HeatCrush","hexamod:ShieldOfDarkness","hexamod:SearingWound","hexamod:PowerFromBeyond","hexamod:RecurringNightmare","hexamod:ShieldOfDarkness","hexamod:GhostShield","hexamod:ChargedBarrage","hexamod:FastForward+1","hexamod:VolcanoVisage","hexamod:Hexaguard+1","hexamod:FastForward","hexamod:FlamesFromBeyond","hexamod:EmpoweredFlame","hexamod:BurningTouch","hexamod:FastForward","hexamod:EmpoweredFlame"],"relics":["hexamod:SpiritBrand","Kunai","Sozu","downfall:CloakOfManyFaces","CultistMask","FaceOfCleric","NlothsMask","GremlinMask","SsserpentHead","hexamod:TheBrokenSeal","MerchantsRug","ClockworkSouvenir","aspiration:StickyExplosives_weak"],"acts_visited":["Exordium","TheCity"],"potions_floor_usage":[16,19,27],"damage_taken":[{"damage":0,"enemies":"Small Slimes","floor":2,"turns":3},{"damage":0,"enemies":"Cultist","floor":3,"turns":3},{"damage":2,"enemies":"Jaw Worm","floor":5,"turns":4},{"damage":1,"enemies":"Blue Slaver","floor":6,"turns":3},{"damage":4,"enemies":"downfall:FleeingMerchant","floor":11,"turns":4},{"damage":2,"enemies":"2 Fungi Beasts","floor":12,"turns":6},{"damage":41,"enemies":"downfall:Heads","floor":13,"turns":8},{"damage":8,"enemies":"3 Louse","floor":14,"turns":4},{"damage":0,"enemies":"conspire:2 RoseBushes","floor":15,"turns":9},{"damage":12,"enemies":"downfall:Silent","floor":16,"turns":12},{"damage":0,"enemies":"downfall:FaceTrader","floor":19,"turns":8},{"damage":5,"enemies":"downfall:FleeingMerchant","floor":20,"turns":4},{"damage":0,"enemies":"conspire:FuzzyDice","floor":21,"turns":6},{"damage":0,"enemies":"Chosen","floor":22,"turns":3},{"damage":0,"enemies":"conspire:HollyBat","floor":26,"turns":9},{"damage":66,"enemies":"Cultist and Chosen","floor":27,"turns":7},{"damage":32,"enemies":"Snecko","floor":28,"turns":4}],"seed_played":"2327904073494269187","potions_obtained":[{"floor":5,"key":"conspire:TimeTravelPotion"},{"floor":12,"key":"sneckomod:MuddlingPotion"},{"floor":14,"key":"Block Potion"},{"floor":15,"key":"PowerPotion"},{"floor":16,"key":"Weak Potion"}],"is_trial":false,"path_per_floor":["R","M","M","?","M","M","T","?","?","?","$","M","?","M","M","B",null,"R","?","$","M","M","?","T","AVR","M","M","M"],"character_chosen":"THE_SPIRIT","items_purchased":["hexamod:FirstSeal","MerchantsRug","ClockworkSouvenir"],"campfire_rested":0,"item_purchase_floors":[11,20,20],"current_hp_per_floor":[70,70,70,70,68,67,67,70,70,70,66,71,37,36,43,31,73,73,73,84,85,86,86,86,86,87,22,0,0,0],"gold":345,"neow_bonus":"UPGRADE_CARD","is_daily":false,"chose_seed":false,"campfire_upgraded":2,"win_rate":0.0,"timestamp":1609385863,"path_taken":["R","M","M","?","?","M","T","?","?","?","$","M","?","?","M","BOSS","R","?","?","M","M","?","T","AVR","M","M","M"],"items_purchased_type":["Card","Relic","Relic"],"build_version":"2020-12-22","purchased_purges":0,"victory":false,"max_hp_per_floor":[70,70,70,70,70,70,70,73,73,73,73,73,73,73,73,73,73,73,73,84,85,86,86,86,86,87,88,88,88,88],"card_choices":[{"not_picked":["hexamod:NightmareGuise","hexamod:Rewind"],"picked":"hexamod:SwordOfDarkness","floor":2},{"not_picked":["hexamod:ChargedBarrage","hexamod:SwordOfDarkness"],"picked":"hexamod:ThirdSeal","floor":3},{"not_picked":["hexamod:NightmareStrike","hexamod:GhostLash"],"picked":"hexamod:ThermalTransfer","floor":5},{"not_picked":["hexamod:RainOfEmbers","hexamod:GhostShield"],"picked":"hexamod:Again","floor":5},{"not_picked":["hexamod:Firestarter","hexamod:ShieldOfDarkness"],"picked":"hexamod:PhantomCloak","floor":6},{"not_picked":["Replay:Fractal Strike","ReplayTheSpireMod:Black Plague"],"picked":"infinitespire:Collect","floor":9},{"not_picked":["hexamod:Hexaguard","hexamod:CatchUp"],"picked":"hexamod:HeatCrush","floor":11},{"not_picked":["hexamod:RetreatToShadows","hexamod:NightmareStrike"],"picked":"hexamod:ShieldOfDarkness","floor":11},{"not_picked":["hexamod:ThirdSeal","hexamod:Firestarter"],"picked":"hexamod:SearingWound","floor":12},{"not_picked":["hexamod:GhostShield","hexamod:HauntingEcho"],"picked":"hexamod:PowerFromBeyond","floor":12},{"not_picked":["hexamod:NightmareGuise","hexamod:SwordOfDarkness"],"picked":"hexamod:ShieldOfDarkness","floor":13},{"not_picked":["hexamod:ChargedBarrage","hexamod:NightmareGuise"],"picked":"hexamod:GhostShield","floor":13},{"not_picked":["hexamod:Firestarter","hexamod:HauntingEcho"],"picked":"hexamod:SecondSeal","floor":14},{"not_picked":["hexamod:ThermalTransfer","hexamod:FirstSeal"],"picked":"hexamod:ChargedBarrage","floor":14},{"not_picked":["hexamod:NightmareStrike","hexamod:BacktrackSmack"],"picked":"hexamod:FastForward","floor":15},{"not_picked":["hexamod:Firestarter","hexamod:Rewind"],"picked":"hexamod:VolcanoVisage","floor":15},{"not_picked":["hexamod:WildfireWeapon","hexamod:SearingWound"],"picked":"hexamod:FifthSeal","floor":16},{"not_picked":["hexamod:EmpoweringStance","hexamod:GhostflameInferno"],"picked":"hexamod:SixthSeal","floor":16},{"not_picked":["hexamod:NightmareGuise","hexamod:HauntingEcho"],"picked":"hexamod:Hexaguard+1","floor":19},{"not_picked":["hexamod:ThirdSeal","hexamod:FirstSeal"],"picked":"hexamod:FourthSeal","floor":19},{"not_picked":["hexamod:BacktrackSmack","hexamod:NightmareStrike"],"picked":"hexamod:FastForward","floor":19},{"not_picked":["hexamod:Rewind+1","hexamod:Again"],"picked":"hexamod:FlamesFromBeyond","floor":20},{"not_picked":["hexamod:SkipABeat","hexamod:GhostOfSpirePresent"],"picked":"hexamod:EmpoweredFlame","floor":21},{"not_picked":["hexamod:DynamicBlow","hexamod:ThermalTransfer+1"],"picked":"hexamod:BurningTouch","floor":22},{"not_picked":["hexamod:NecessarySacrifice","hexamod:NightmareGuise"],"picked":"hexamod:FastForward","floor":26},{"not_picked":["hexamod:NightmareStrike+1","hexamod:HauntingEcho"],"picked":"hexamod:EmpoweredFlame","floor":27}],"player_experience":861794,"relics_obtained":[{"floor":7,"key":"Kunai"},{"floor":19,"key":"downfall:CloakOfManyFaces"}],"event_choices":[{"damage_healed":0,"gold_gain":0,"player_choice":"Leave","damage_taken":0,"max_hp_gain":0,"max_hp_loss":0,"event_name":"conspire:Investor","floor":10,"gold_loss":0},{"cards_removed":["infinitespire:Collect"],"damage_healed":0,"gold_gain":0,"player_choice":"Give","damage_taken":0,"max_hp_gain":0,"max_hp_loss":0,"event_name":"betterNote:BetterNote","floor":23,"gold_loss":0,"cards_obtained":["None"]}],"is_beta":false,"boss_relics":[{"not_picked":["Busted Crown","hubris:CrackedHourglass"],"picked":"Sozu"}],"items_purged_floors":[],"is_endless":false,"potions_floor_spawned":[5,12,14,15,16,22,26,27],"killed_by":"Snecko","ascension_level":0}}