{"host":"khm4we1ijduz33xh","time":1609413607,"event":{"mods":["AchievementEnabler","BaseMod","Colored Map","Minty Spire (QoL Compilation)","Rare Cards Sparkle","StSLib","SuperFastMode"],"gold_per_floor":[113,113,126,146,71,109,109,109,109,109,149,173,196,239,239,363,363,386,82,102,120,120,120,143,143,143],"floor_reached":25,"playtime":1102,"items_purged":["Defend_R"],"score":245,"play_id":"2e214d94-1cca-4263-bfd1-4f2d0cd58605","local_time":"20201231202007","is_ascension_mode":true,"campfire_choices":[{"floor":7,"key":"REST"},{"data":"Demon Form","floor":15,"key":"SMITH"},{"data":"J.A.X.","floor":23,"key":"SMITH"}],"circlet_count":0,"master_deck":["Strike_R","Strike_R","Strike_R","Strike_R","Strike_R","Defend_R","Defend_R","Defend_R","Bash","Headbutt","Flex","Flex","Armaments","Twin Strike","Demon Form+1","Anger+1","Battle Trance","Demon Form","Anger+1","Rupture+1","J.A.X.+1","Pummel+1"],"relics":["Black Blood","Golden Idol","Ice Cream","Ornamental Fan","Meat on the Bone","CultistMask","Molten Egg 2","Sundial","TungstenRod"],"acts_visited":["Exordium","TheCity"],"potions_floor_usage":[6,13,16,16,18,25],"damage_taken":[{"damage":6,"enemies":"2 Louse","floor":1,"turns":3},{"damage":6,"enemies":"Cultist","floor":3,"turns":3},{"damage":0,"enemies":"Small Slimes","floor":4,"turns":2},{"damage":39,"enemies":"3 Sentries","floor":6,"turns":8},{"damage":21,"enemies":"Gremlin Nob","floor":11,"turns":4},{"damage":8,"enemies":"Blue Slaver","floor":12,"turns":4},{"damage":35,"enemies":"Exordium Thugs","floor":13,"turns":4},{"damage":8,"enemies":"Lagavulin","floor":14,"turns":5},{"damage":35,"enemies":"The Guardian","floor":16,"turns":7},{"damage":54,"enemies":"3 Byrds","floor":18,"turns":5},{"damage":26,"enemies":"2 Thieves","floor":20,"turns":4},{"damage":32,"enemies":"3 Cultists","floor":21,"turns":5},{"damage":23,"enemies":"Cultist and Chosen","floor":24,"turns":6},{"damage":56,"enemies":"Book of Stabbing","floor":25,"turns":4}],"seed_played":"-6146473698035101600","potions_obtained":[{"floor":1,"key":"SpeedPotion"},{"floor":3,"key":"Ancient Potion"},{"floor":4,"key":"ColorlessPotion"},{"floor":14,"key":"EssenceOfSteel"},{"floor":16,"key":"Regen Potion"},{"floor":24,"key":"Dexterity Potion"}],"is_trial":false,"path_per_floor":["M","?","M","M","$","E","R","?","T","?","E","M","M","E","R","B",null,"M","$","M","M","?","R","M","E"],"character_chosen":"IRONCLAD","items_purchased":["TungstenRod"],"campfire_rested":1,"item_purchase_floors":[19],"current_hp_per_floor":[80,60,60,66,66,33,57,45,45,45,42,52,35,45,45,28,80,62,62,60,52,52,52,53,0,0],"gold":143,"neow_bonus":"THREE_CARDS","is_daily":false,"chose_seed":false,"campfire_upgraded":2,"win_rate":0.0,"timestamp":1609413607,"path_taken":["M","?","M","M","$","E","R","?","T","?","E","M","?","E","R","BOSS","M","$","M","M","?","R","M","E"],"items_purchased_type":["Relic"],"build_version":"2020-12-22","purchased_purges":1,"victory":false,"max_hp_per_floor":[80,80,80,80,80,80,80,80,80,80,80,80,80,80,80,80,80,80,80,80,80,80,80,80,80,80],"card_choices":[{"not_picked":["Clash","Sword Boomerang"],"picked":"Headbutt","floor":0},{"not_picked":["Thunderclap","Perfected Strike"],"picked":"Flex","floor":1},{"not_picked":["Evolve","Dark Embrace"],"picked":"Flex","floor":3},{"not_picked":["Body Slam","Twin Strike"],"picked":"Armaments","floor":4},{"not_picked":["Searing Blow","Shrug It Off"],"picked":"Twin Strike","floor":6},{"not_picked":["Clothesline+1","Wild Strike+1"],"picked":"Demon Form","floor":11},{"not_picked":["Combust","Hemokinesis+1"],"picked":"Anger+1","floor":12},{"not_picked":["Warcry","Perfected Strike+1","Havoc"],"picked":"SKIP","floor":13},{"not_picked":["Power Through","Rampage+1"],"picked":"Battle Trance","floor":14},{"not_picked":["Offering","Corruption"],"picked":"Demon Form","floor":16},{"not_picked":["Dark Embrace+1","Carnage+1"],"picked":"Anger+1","floor":18},{"not_picked":["Flex","Shrug It Off"],"picked":"Rupture+1","floor":20},{"not_picked":["Perfected Strike+1","Body Slam+1","Entrench"],"picked":"SKIP","floor":21},{"not_picked":["Evolve","Sword Boomerang+1"],"picked":"Pummel+1","floor":24}],"player_experience":161681,"relics_obtained":[{"floor":6,"key":"Ice Cream"},{"floor":9,"key":"Meat on the Bone"},{"floor":11,"key":"Molten Egg 2"},{"floor":14,"key":"Sundial"}],"event_choices":[{"damage_healed":0,"gold_gain":0,"player_choice":"Take Damage","damage_taken":20,"relics_obtained":["Golden Idol"],"max_hp_gain":0,"max_hp_loss":0,"event_name":"Golden Idol","floor":2,"gold_loss":0},{"damage_healed":0,"gold_gain":0,"player_choice":"Success","damage_taken":12,"relics_obtained":["Ornamental Fan"],"max_hp_gain":0,"max_hp_loss":0,"event_name":"Scrap Ooze","floor":8,"gold_loss":0},{"damage_healed":0,"gold_gain":0,"player_choice":"Trade","damage_taken":0,"relics_obtained":["CultistMask"],"max_hp_gain":0,"max_hp_loss":0,"event_name":"FaceTrader","floor":10,"gold_loss":0},{"damage_healed":0,"gold_gain":0,"player_choice":"Obtain J.A.X.","damage_taken":0,"max_hp_gain":0,"max_hp_loss":0,"event_name":"Drug Dealer","floor":22,"gold_loss":0,"cards_obtained":["J.A.X."]}],"is_beta":false,"boss_relics":[{"not_picked":["Mark of Pain","Sozu"],"picked":"Black Blood"}],"items_purged_floors":[5],"is_endless":false,"potions_floor_spawned":[1,3,4,14,16,24],"killed_by":"Book of Stabbing","ascension_level":2}}