{"host":"a5zr8hf2yymwt50u","time":1609437568,"event":{"mods":["BaseMod","Colored Map","Minty Spire (QoL Compilation)","StSLib"],"gold_per_floor":[116,116,191,214,12,48,64,88,114,39,58,91,91,12,12,12,12],"floor_reached":16,"playtime":617,"items_purged":["Defend_G"],"score":192,"play_id":"04c0fcc7-f5af-45fc-b056-dae39c73c4e1","local_time":"20210101025928","is_ascension_mode":true,"campfire_choices":[{"data":"Tactician","floor":13,"key":"SMITH"},{"data":"Leg Sweep","floor":15,"key":"SMITH"}],"circlet_count":0,"master_deck":["Strike_G","Strike_G","Strike_G","Strike_G","Strike_G","Defend_G","Defend_G","Defend_G","Defend_G","Survivor","Neutralize","Tactician+1","Leg Sweep+1","Dagger Throw","Deflect","Blur","All Out Attack","Underhanded Strike","Eviscerate"],"relics":["Ring of the Snake","NeowsBlessing","Golden Idol","PreservedInsect","Vajra","Bag of Preparation","Juzu Bracelet"],"acts_visited":["Exordium"],"potions_floor_usage":[12],"damage_taken":[{"damage":0,"enemies":"Jaw Worm","floor":1,"turns":1},{"damage":0,"enemies":"2 Louse","floor":4,"turns":1},{"damage":0,"enemies":"3 Sentries","floor":6,"turns":2},{"damage":1,"enemies":"Cultist","floor":7,"turns":6},{"damage":0,"enemies":"Exordium Wildlife","floor":8,"turns":4},{"damage":2,"enemies":"3 Louse","floor":11,"turns":5},{"damage":0,"enemies":"Lagavulin","floor":12,"turns":5},{"damage":42,"enemies":"Hexaghost","floor":16,"turns":12}],"seed_played":"2584678412085981917","potions_obtained":[{"floor":4,"key":"Block Potion"}],"is_trial":false,"path_per_floor":["M","?","?","M","$","E","M","M","T","$","M","E","R","$","R","B"],"character_chosen":"THE_SILENT","items_purchased":["PreservedInsect","Dagger Throw","Eviscerate"],"campfire_rested":0,"item_purchase_floors":[5,5,14],"current_hp_per_floor":[70,53,42,42,42,42,41,41,41,41,39,39,39,39,39,0,0],"gold":12,"neow_bonus":"THREE_ENEMY_KILL","is_daily":false,"chose_seed":false,"campfire_upgraded":2,"win_rate":0.0,"timestamp":1609437568,"path_taken":["M","?","?","M","?","E","M","M","T","$","M","E","R","$","R","BOSS"],"items_purchased_type":["Relic","Card","Card"],"build_version":"2020-12-22","purchased_purges":1,"victory":false,"max_hp_per_floor":[70,70,70,70,70,70,70,70,70,70,70,70,70,70,70,70,70],"card_choices":[{"not_picked":["Flying Knee","Blade Dance"],"picked":"Tactician","floor":1},{"not_picked":["Crippling Poison","Dodge and Roll"],"picked":"Leg Sweep","floor":4},{"not_picked":["Deadly Poison","Endless Agony"],"picked":"Deflect","floor":6},{"not_picked":["Deflect","Quick Slash"],"picked":"Blur","floor":7},{"not_picked":["Dash","Quick Slash","Blade Dance"],"picked":"SKIP","floor":8},{"not_picked":["Bane","Dodge and Roll"],"picked":"All Out Attack","floor":11},{"not_picked":["Wraith Form v2","Tools of the Trade"],"picked":"Underhanded Strike","floor":12}],"player_experience":235633,"relics_obtained":[{"floor":6,"key":"Vajra"},{"floor":9,"key":"Bag of Preparation"},{"floor":12,"key":"Juzu Bracelet"}],"event_choices":[{"damage_healed":0,"gold_gain":0,"player_choice":"Take Damage","damage_taken":17,"relics_obtained":["Golden Idol"],"max_hp_gain":0,"max_hp_loss":0,"event_name":"Golden Idol","floor":2,"gold_loss":0},{"damage_healed":0,"gold_gain":75,"player_choice":"Gather Gold","damage_taken":11,"max_hp_gain":0,"max_hp_loss":0,"event_name":"World of Goop","floor":3,"gold_loss":0}],"is_beta":false,"boss_relics":[],"items_purged_floors":[10],"is_endless":false,"potions_floor_spawned":[4],"killed_by":"Hexaghost","ascension_level":4}}