{"host":"rmxeoilydwnfa1ap","time":1609419567,"event":{"mods":["2.2 Compatiblity","BaseMod","Better Third Choice","BetterRewards","Defuse TimeMaze Blight","HololiveMod","Hubris","Humility","Minty Spire (QoL Compilation)","Rare Cards Sparkle","Remove Card Discount Mod","Shop Mod","Spicy Shops","StSLib","¡¾ÒÅÎï¿¨ÅÆ¡¿REMEMod"],"gold_per_floor":[77,59,59,59,79,79,79,79,79,79,79,97,118,48,48,156,156,156,156],"floor_reached":18,"playtime":595,"items_purged":["Hololive_DiamondStrike","Hololive_FlareMind","Hololive_AWSL","Hololive_Recruit","Hololive_ScarfAndHalo","Hololive_OpenUp","Hololive_ASMR","Hololive_StarCraft","Hololive_BeCareful","Hololive_DiamondStrike"],"score":148,"play_id":"bb4b20b4-6667-40af-a636-159d322786c5","local_time":"20201231205927","daily_mods":["SealedDeck","Shiny","Vintage","Heirloom","Time Dilation","Flight","Elite Swarm"],"is_ascension_mode":false,"campfire_choices":[{"data":"Hololive_Nanodesu","floor":6,"key":"SMITH"},{"data":"Hololive_MaximGun","floor":7,"key":"SMITH"},{"data":"Hololive_CocoNews","floor":8,"key":"SMITH"},{"data":"Hololive_Rebound","floor":10,"key":"SMITH"},{"data":"Hololive_HighAtkLowDef","floor":11,"key":"SMITH"},{"data":"Hololive_CallFriendA","floor":15,"key":"SMITH"}],"circlet_count":0,"master_deck":["Hololive_WolfAndLamb","Hololive_Thief","Hololive_DDD","Hololive_Rebirth","Hololive_DurableLive","Hololive_HighAtkLowDef+1","Hololive_MaximGun+1","Hololive_IdolExercise","Hololive_Nanodesu+1","Hololive_CallOmaruPolka","Hololive_CocoNews+1","Hololive_CallUruhaRushia","Hololive_CallShiroganeNoel","Hololive_CallFriendA+1","Hololive_Rebound+1","Hololive_CocoNews","Hololive_CallRoboco","Hololive_CallMomosuzuNene+4","Hololive_CallSakuraMiko","Hololive_CallManoAloe"],"relics":["Hololive_TheStar","REME_ComplimentaryCards","Ginger","Oddly Smooth Stone","Boot","Mercury Hourglass","Bronze Scales","Sundial","SacredBark"],"acts_visited":["TheCity"],"potions_floor_usage":[],"damage_taken":[{"damage":5,"enemies":"Small Slimes","floor":1,"turns":3},{"damage":0,"enemies":"2 Louse","floor":5,"turns":1},{"damage":0,"enemies":"Cultist","floor":12,"turns":2},{"damage":0,"enemies":"Looter","floor":13,"turns":3},{"damage":16,"enemies":"The Guardian","floor":16,"turns":6},{"damage":0,"enemies":"Spheric Guardian","floor":18,"turns":2}],"seed_played":"-7957065742773074762","potions_obtained":[{"floor":5,"key":"FairyPotion"},{"floor":16,"key":"FairyPotion"}],"is_trial":true,"path_per_floor":["M","$","?","?","M","R","R","R","T","R","R","M","M","$","R","B",null,"M"],"character_chosen":"Hololive_HololiveCharacter","items_purchased":["Hololive_CallManoAloe"],"campfire_rested":0,"item_purchase_floors":[14],"current_hp_per_floor":[31,31,31,31,31,31,31,31,31,31,31,31,31,31,31,15,36,36,36],"gold":156,"neow_bonus":"","is_daily":false,"chose_seed":false,"campfire_upgraded":6,"win_rate":0.0,"timestamp":1609419567,"path_taken":["M","$","?","?","?","R","R","R","T","R","R","M","M","$","R","BOSS","M"],"items_purchased_type":["Card"],"build_version":"2020-12-22","purchased_purges":10,"victory":false,"max_hp_per_floor":[36,36,36,36,36,36,36,36,36,36,36,36,36,36,36,36,36,36,36],"card_choices":[],"player_experience":62452,"relics_obtained":[{"floor":1,"key":"Oddly Smooth Stone"},{"floor":5,"key":"Boot"},{"floor":9,"key":"Mercury Hourglass"},{"floor":12,"key":"Bronze Scales"},{"floor":13,"key":"Sundial"}],"event_choices":[{"damage_healed":0,"gold_gain":0,"player_choice":"Ignored","damage_taken":0,"max_hp_gain":0,"max_hp_loss":0,"event_name":"Golden Wing","floor":3,"gold_loss":0},{"damage_healed":0,"gold_gain":0,"player_choice":"Ignored","damage_taken":0,"max_hp_gain":0,"max_hp_loss":0,"event_name":"NoteForYourself","floor":4,"gold_loss":0}],"is_beta":false,"boss_relics":[{"not_picked":["Busted Crown","hubris:GrandSneckoEye"],"picked":"SacredBark"}],"items_purged_floors":[2,2,2,2,2,2,2,2,2,14],"is_endless":true,"potions_floor_spawned":[1,5,16],"killed_by":"Spheric Guardian","ascension_level":0}}