{"host":"coame8l8goqx0svj","time":1609443516,"event":{"mods":["BaseMod","Downfall","Minty Spire (QoL Compilation)","StSLib"],"gold_per_floor":[199,213,488,508,500,523,549,416,449,475,475,502,352,370,392,392,392,392],"floor_reached":16,"playtime":930,"items_purged":["Regret"],"score":130,"play_id":"8bc89430-5b46-4c4f-9c41-f86528c984ac","local_time":"20201231203836","is_ascension_mode":true,"campfire_choices":[{"floor":1,"key":"RECALL"},{"floor":13,"key":"REST"}],"circlet_count":0,"master_deck":["hexamod:Strike","hexamod:Strike","hexamod:Strike","hexamod:Defend","hexamod:Defend","hexamod:Defend","hexamod:Defend","hexamod:Sear","hexamod:Float","hexamod:EtherealExpedition","hexamod:SwordOfDarkness","hexamod:SecondSeal","hexamod:FlamesFromBeyond","hexamod:ThirdSeal","hexamod:Hexaguard","hexamod:GhostShield","hexamod:ThirdSeal","hexamod:EmpoweredFlame","hexamod:ExtraCrispy","hexamod:EtherealExpedition","hexamod:FirstSeal","hexamod:GhostflameBarrier"],"relics":["hexamod:SpiritBrand","hexamod:CandleOfCauterizing","downfall:HeartBlessingBlue","downfall:HeartBlessingRed"],"acts_visited":["Exordium"],"potions_floor_usage":[16,16,16],"damage_taken":[{"damage":0,"enemies":"Small Slimes","floor":2,"turns":3},{"damage":2,"enemies":"Cultist","floor":4,"turns":4},{"damage":9,"enemies":"2 Louse","floor":6,"turns":3},{"damage":4,"enemies":"downfall:FleeingMerchant","floor":8,"turns":4},{"damage":19,"enemies":"3 Sentries","floor":9,"turns":8},{"damage":6,"enemies":"Blue Slaver","floor":10,"turns":4},{"damage":19,"enemies":"Lots of Slimes","floor":12,"turns":5},{"damage":2,"enemies":"Exordium Wildlife","floor":14,"turns":3},{"damage":8,"enemies":"Large Slime","floor":15,"turns":6},{"damage":46,"enemies":"downfall:Defect","floor":16,"turns":8}],"seed_played":"4989605130642497545","potions_obtained":[{"floor":9,"key":"Fire Potion"},{"floor":10,"key":"ColorlessPotion"},{"floor":12,"key":"Energy Potion"}],"is_trial":false,"path_per_floor":["R","M","?","M","?","M","T","$","E","M","?","M","R","M","M","B"],"character_chosen":"THE_SPIRIT","items_purchased":["hexamod:Hexaguard"],"campfire_rested":1,"item_purchase_floors":[8],"current_hp_per_floor":[70,70,70,68,68,59,59,55,36,30,30,11,45,43,35,0,0,0],"gold":392,"neow_bonus":"HUNDRED_GOLD","is_daily":false,"chose_seed":false,"campfire_upgraded":0,"win_rate":0.0,"timestamp":1609443516,"path_taken":["R","M","?","?","?","M","T","$","E","M","?","M","R","M","M","BOSS"],"items_purchased_type":["Card"],"build_version":"2020-12-22","purchased_purges":1,"victory":false,"max_hp_per_floor":[70,70,70,70,70,70,70,70,70,70,70,70,80,80,80,80,80,80],"card_choices":[{"not_picked":["hexamod:BurningTouch","hexamod:GhostLash"],"picked":"hexamod:EtherealExpedition","floor":2},{"not_picked":["hexamod:NightmareGuise","hexamod:HeatCrush"],"picked":"hexamod:SwordOfDarkness","floor":4},{"not_picked":["hexamod:ShieldOfDarkness","hexamod:Firestarter"],"picked":"hexamod:FlamesFromBeyond","floor":6},{"not_picked":["hexamod:Again","hexamod:BacktrackSmack"],"picked":"hexamod:ThirdSeal","floor":8},{"not_picked":["hexamod:GhostflameInferno","hexamod:SecondSeal"],"picked":"hexamod:GhostShield","floor":9},{"not_picked":["hexamod:ShieldOfDarkness","hexamod:ChargedBarrage"],"picked":"hexamod:ThirdSeal","floor":10},{"not_picked":["hexamod:BacktrackSmack","hexamod:HauntingEcho","hexamod:SpectersWail"],"picked":"SKIP","floor":10},{"not_picked":["hexamod:RainOfEmbers","hexamod:ThirdSeal"],"picked":"hexamod:ExtraCrispy","floor":12},{"not_picked":["hexamod:BacktrackSmack","hexamod:SwordOfDarkness","hexamod:AdvancingGuard"],"picked":"SKIP","floor":12},{"not_picked":["hexamod:AdvancingGuard","hexamod:Hexaguard","hexamod:GhostShield"],"picked":"SKIP","floor":12},{"not_picked":["hexamod:GhostOfSpireFuture","hexamod:BacktrackSmack"],"picked":"hexamod:EtherealExpedition","floor":14},{"not_picked":["hexamod:BacktrackSmack","hexamod:SwordOfDarkness"],"picked":"hexamod:FirstSeal","floor":15},{"not_picked":["hexamod:SkipABeat","hexamod:NightmareStrike"],"picked":"hexamod:GhostflameBarrier","floor":15}],"player_experience":1726617,"relics_obtained":[{"floor":9,"key":"hexamod:CandleOfCauterizing"}],"event_choices":[{"damage_healed":0,"gold_gain":0,"cards_transformed":["hexamod:Strike"],"player_choice":"Transformed","damage_taken":0,"max_hp_gain":0,"max_hp_loss":0,"event_name":"Transmorgrifier","floor":11,"gold_loss":0,"cards_obtained":["hexamod:EmpoweredFlame"]}],"is_beta":false,"boss_relics":[],"items_purged_floors":[8],"is_endless":false,"potions_floor_spawned":[9,10,12],"killed_by":"downfall:Defect","ascension_level":5}}