{"host":"hxb85ejwp6zvj2g7","time":1609415714,"event":{"mods":["BaseMod","BetterRewards","Colored Map","Friendly Minions","Kiyohime（清姬）","Marisa（F雨　魔理沙）","Minty Spire (QoL Compilation)","READ ME - Guardian Mod","READ ME - Snecko Mod","Remilia（蕾米莉亚）","StSLib","The Administrix","The Construct","The Cursed","The Disciple","The Mystic","The Necromancer","The Servant 0.9.4"],"gold_per_floor":[117,71,87,37,47,77,77,110,134,134,150,150,72,72,72,174,174,191,191,204,204,215,215,241,241,241,70,100,111,111,111,111,207,207,224,234,584,604,604,604,635,635,635,635,653,678,698,725,725,725,725,725,23,52,52],"floor_reached":56,"playtime":6188,"items_purged":["Decay","Writhe"],"score":1306,"play_id":"1fee0c9a-0bee-41fb-be42-44c6bca09c95","local_time":"20201231195514","is_ascension_mode":false,"campfire_choices":[{"floor":10.0,"key":"REST"},{"data":"KiyohimeMod:Servant_TamamoNoMae","floor":12.0,"key":"SMITH"},{"data":"KiyohimeMod:FlameKiss","floor":15.0,"key":"SMITH"},{"data":"KiyohimeMod:RealityMarble","floor":23.0,"key":"SMITH"},{"data":"KiyohimeMod:Servant_Osakabehime","floor":25.0,"key":"SMITH"},{"floor":30.0,"key":"RECALL"},{"data":"KiyohimeMod:Destruction","floor":32.0,"key":"SMITH"},{"data":"Panache","floor":40,"key":"SMITH"},{"data":"KiyohimeMod:AVerseOfBurningLoveStory","floor":44,"key":"SMITH"},{"data":"KiyohimeMod:CastleOfTheSun","floor":49,"key":"SMITH"},{"data":"KiyohimeMod:CommandCard_Arts","floor":52,"key":"SMITH"}],"circlet_count":0,"master_deck":["KiyohimeMod:Strike","KiyohimeMod:Strike","KiyohimeMod:Strike","KiyohimeMod:Defend","KiyohimeMod:Defend","KiyohimeMod:Defend","KiyohimeMod:Defend","KiyohimeMod:Track","KiyohimeMod:FlameKiss+1","KiyohimeMod:Shapeshift","KiyohimeMod:GreenBlackKey","KiyohimeMod:Preemptive","KiyohimeMod:GreenBlackKey","KiyohimeMod:CommandCard_Arts+1","KiyohimeMod:Servant_TamamoNoMae+1","KiyohimeMod:CommandCard_Buster","KiyohimeMod:Preemptive","KiyohimeMod:FragmentsOf2030","KiyohimeMod:Servant_Osakabehime+1","CurseOfTheBell","KiyohimeMod:AndSoTheShipConquers+1","KiyohimeMod:BlueBlackKey","KiyohimeMod:RealityMarble+1","KiyohimeMod:DivineConstruct+1","Dramatic Entrance","KiyohimeMod:Destruction+1","KiyohimeMod:ExSpicyMapoTofu+1","KiyohimeMod:CastleOfTheSun+1","KiyohimeMod:CelestialInvertedMoon+1","KiyohimeMod:EatSoul+1","KiyohimeMod:FormalCraft+1","KiyohimeMod:WaterTurn+1","Panache+1","Apotheosis+1","Secret Technique+1","KiyohimeMod:AVerseOfBurningLoveStory+1","Madness+1","Madness+1","KiyohimeMod:FormalCraft","KiyohimeMod:MagicCrystal+1","Parasite","KiyohimeMod:HeroCreation+1","KiyohimeMod:FacelessMoon+1","Dramatic Entrance+1","Secret Weapon+1","KiyohimeMod:CommandCard_Quick+1","KiyohimeMod:BlueBlackKey+1","KiyohimeMod:JeweledSword+1"],"relics":["Centennial Puzzle","Blood Vial","Lizard Tail","Calling Bell","Boot","Toxic Egg 2","KiyohimeMod:Divinity","Pen Nib","Nloth\u0027s Gift","Matryoshka","Vajra","Bird Faced Urn","Anchor","Tiny Chest","Mercury Hourglass","construct:WeddingRing","Old Coin","Molten Egg 2","StoneCalendar","Incense Burner","ScarletDevilRocket","DollysMirror","Bag of Preparation","Shuriken"],"acts_visited":["Exordium","TheCity","TheBeyond","TheEnding"],"potions_floor_usage":[33,41,47,50,55],"damage_taken":[{"damage":5.0,"enemies":"Cultist","floor":1.0,"turns":4.0},{"damage":0.0,"enemies":"Small Slimes","floor":3.0,"turns":2.0},{"damage":2.0,"enemies":"Jaw Worm","floor":5.0,"turns":4.0},{"damage":31.0,"enemies":"3 Sentries","floor":6.0,"turns":7.0},{"damage":2.0,"enemies":"Gremlin Nob","floor":8.0,"turns":3.0},{"damage":6.0,"enemies":"Exordium Thugs","floor":11.0,"turns":3.0},{"damage":35.0,"enemies":"Hexaghost","floor":16.0,"turns":8.0},{"damage":8.0,"enemies":"3 Byrds","floor":18.0,"turns":3.0},{"damage":2.0,"enemies":"Chosen","floor":20.0,"turns":4.0},{"damage":14.0,"enemies":"Shelled Parasite and Fungi","floor":22.0,"turns":8.0},{"damage":6.0,"enemies":"Slavers","floor":24.0,"turns":5.0},{"damage":9.0,"enemies":"Gremlin Leader","floor":28.0,"turns":4.0},{"damage":0.0,"enemies":"Cultist and Chosen","floor":29.0,"turns":4.0},{"damage":12,"enemies":"Collector","floor":33,"turns":6},{"damage":0,"enemies":"3 Darklings","floor":35,"turns":1},{"damage":0,"enemies":"Orb Walker","floor":36,"turns":2},{"damage":2,"enemies":"Mind Bloom Boss Battle","floor":37,"turns":4},{"damage":0,"enemies":"Sphere and 2 Shapes","floor":38,"turns":3},{"damage":15,"enemies":"Nemesis","floor":41,"turns":4},{"damage":0,"enemies":"Maw","floor":45,"turns":6},{"damage":0,"enemies":"Giant Head","floor":46,"turns":6},{"damage":6,"enemies":"Writhing Mass","floor":47,"turns":5},{"damage":0,"enemies":"Reptomancer","floor":48,"turns":4},{"damage":31,"enemies":"Donu and Deca","floor":50,"turns":6},{"damage":8,"enemies":"Shield and Spear","floor":54,"turns":2},{"damage":55,"enemies":"The Heart","floor":55,"turns":6}],"seed_played":"-3403367801698766982","potions_obtained":[{"floor":5.0,"key":"ColorlessPotion"},{"floor":16.0,"key":"FearPotion"},{"floor":18.0,"key":"AttackPotion"},{"floor":24.0,"key":"BlessingOfTheForge"},{"floor":33,"key":"construct:ShiftPotion"},{"floor":36,"key":"DistilledChaos"},{"floor":37,"key":"Fire Potion"},{"floor":41,"key":"Block Potion"},{"floor":46,"key":"Dexterity Potion"},{"floor":48,"key":"Ancient Potion"}],"is_trial":false,"path_per_floor":["M","$","M","?","M","E","?","E","T","R","M","R","$","?","R","B",null,"M","?","M","?","M","R","E","R","T","$","E","M","R","T","R","B",null,"M","M","?","M","?","R","E","?","T","R","M","E","M","E","R","B",null,"R","$","E","B",null],"character_chosen":"Kiyohime","items_purchased":["KiyohimeMod:Preemptive","KiyohimeMod:FragmentsOf2030","Dramatic Entrance","DollysMirror","Bag of Preparation","Secret Weapon+1","KiyohimeMod:CommandCard_Quick+1","KiyohimeMod:BlueBlackKey+1"],"campfire_rested":1,"item_purchase_floors":[2,13,27,53,53,53,53,53],"current_hp_per_floor":[61,61,61,61,59,28,25,25,25,44,40,40,40,40,40,13,66,58,58,64,64,58,58,60,60,60,60,57,59,59,59,59,62,66,66,66,66,66,56,56,59,51,51,51,66,66,66,66,66,46,66,66,66,63,17],"gold":52,"neow_bonus":"TEN_PERCENT_HP_BONUS","is_daily":false,"chose_seed":false,"campfire_upgraded":9,"win_rate":0.0,"timestamp":1609415714,"path_taken":["M","?","M","?","M","E","?","E","T","R","M","R","$","?","R","BOSS","M","?","M","?","?","R","E","R","T","$","E","M","R","?","R","BOSS","M","M","?","M","?","R","E","?","T","R","M","E","M","E","R","BOSS","R","$","E","BOSS"],"items_purchased_type":["Card","Card","Card","Relic","Relic","Card","Card","Card"],"build_version":"2020-12-22","purchased_purges":2,"victory":true,"max_hp_per_floor":[66,66,66,66,66,66,66,66,66,66,66,66,66,66,66,66,66,66,66,66,66,66,66,66,66,66,66,66,66,66,66,66,66,66,66,66,66,66,66,66,66,66,66,66,66,66,66,66,66,66,66,66,66,66,66],"card_choices":[{"not_picked":["KiyohimeMod:Berserker","KiyohimeMod:AndSoTheShipConquers"],"picked":"KiyohimeMod:GreenBlackKey","floor":1.0},{"not_picked":["KiyohimeMod:SteelTraining","KiyohimeMod:CelestialInvertedMoon"],"picked":"KiyohimeMod:GreenBlackKey","floor":3.0},{"not_picked":["KiyohimeMod:AgainstMagic","KiyohimeMod:DivineConstruct"],"picked":"KiyohimeMod:CommandCard_Arts","floor":5.0},{"not_picked":["KiyohimeMod:SteelTraining","KiyohimeMod:ExSpicyMapoTofu"],"picked":"KiyohimeMod:Servant_TamamoNoMae","floor":6.0},{"not_picked":["KiyohimeMod:AndSoTheShipConquers","KiyohimeMod:Fragarach"],"picked":"KiyohimeMod:CommandCard_Buster","floor":8.0},{"not_picked":["KiyohimeMod:WaterTurn","KiyohimeMod:GreenBlackKey"],"picked":"KiyohimeMod:Preemptive","floor":11.0},{"not_picked":["KiyohimeMod:Barrier","KiyohimeMod:JeweledSword"],"picked":"KiyohimeMod:Servant_Osakabehime","floor":16.0},{"not_picked":["KiyohimeMod:BlueBlackKey","KiyohimeMod:FirstPremonition+1"],"picked":"KiyohimeMod:AndSoTheShipConquers+1","floor":18.0},{"not_picked":["KiyohimeMod:Preemptive","KiyohimeMod:SteelTraining+1"],"picked":"KiyohimeMod:BlueBlackKey","floor":20.0},{"not_picked":["KiyohimeMod:CommandCard_Arts","KiyohimeMod:Preemptive"],"picked":"KiyohimeMod:RealityMarble","floor":22.0},{"not_picked":["KiyohimeMod:CommandCard_Arts+1","KiyohimeMod:CommandCard_Quick"],"picked":"KiyohimeMod:DivineConstruct+1","floor":24.0},{"not_picked":["KiyohimeMod:FirstPremonition+1","KiyohimeMod:AndSoTheShipConquers+1"],"picked":"KiyohimeMod:Destruction","floor":28.0},{"not_picked":["KiyohimeMod:Servant_Osakabehime+1","KiyohimeMod:GreenBlackKey"],"picked":"KiyohimeMod:ExSpicyMapoTofu+1","floor":29.0},{"not_picked":["KiyohimeMod:HeroCreation+1","KiyohimeMod:MagicCrystal+1"],"picked":"KiyohimeMod:CastleOfTheSun","floor":33},{"not_picked":["KiyohimeMod:FirstPremonition+1","KiyohimeMod:EatSoul+1"],"picked":"KiyohimeMod:CelestialInvertedMoon+1","floor":35},{"not_picked":["KiyohimeMod:BlueBlackKey","KiyohimeMod:AgainstMagic+1"],"picked":"KiyohimeMod:EatSoul+1","floor":36},{"not_picked":["KiyohimeMod:ImaginaryAround","KiyohimeMod:AndSoTheShipConquers+1"],"picked":"KiyohimeMod:FormalCraft+1","floor":37},{"not_picked":["KiyohimeMod:AndSoTheShipConquers+1","KiyohimeMod:RedBlackKey"],"picked":"KiyohimeMod:WaterTurn+1","floor":38},{"not_picked":["Madness+1","Finesse+1"],"picked":"Panache","floor":39},{"not_picked":["Flash of Steel","Finesse+1"],"picked":"Apotheosis+1","floor":39},{"not_picked":["Thinking Ahead+1","Trip+1"],"picked":"Secret Technique+1","floor":39},{"not_picked":["KiyohimeMod:Servant_Osakabehime+1","KiyohimeMod:EatSoul+1"],"picked":"KiyohimeMod:AVerseOfBurningLoveStory","floor":41},{"not_picked":["KiyohimeMod:Preemptive+1","KiyohimeMod:BlueBlackKey+1"],"picked":"KiyohimeMod:FormalCraft","floor":45},{"not_picked":["KiyohimeMod:CommandCard_Quick+1","KiyohimeMod:FirstPremonition+1"],"picked":"KiyohimeMod:MagicCrystal+1","floor":46},{"not_picked":["KiyohimeMod:WaterTurn+1","KiyohimeMod:FirstPremonition+1"],"picked":"KiyohimeMod:HeroCreation+1","floor":47},{"not_picked":["KiyohimeMod:AVerseOfBurningLoveStory","KiyohimeMod:Grimoire+1"],"picked":"KiyohimeMod:FacelessMoon+1","floor":48},{"not_picked":["KiyohimeMod:Fragarach+1","KiyohimeMod:FiringTheFirstArrow+1"],"picked":"KiyohimeMod:JeweledSword+1","floor":54}],"player_experience":95514,"relics_obtained":[{"floor":6.0,"key":"Centennial Puzzle"},{"floor":8.0,"key":"Lizard Tail"},{"floor":17.0,"key":"Boot"},{"floor":17.0,"key":"Toxic Egg 2"},{"floor":17.0,"key":"KiyohimeMod:Divinity"},{"floor":24.0,"key":"Matryoshka"},{"floor":26.0,"key":"Vajra"},{"floor":26.0,"key":"Bird Faced Urn"},{"floor":28.0,"key":"Anchor"},{"floor":31.0,"key":"Tiny Chest"},{"floor":31.0,"key":"Mercury Hourglass"},{"floor":37,"key":"Old Coin"},{"floor":41,"key":"Molten Egg 2"},{"floor":43,"key":"StoneCalendar"},{"floor":46,"key":"Incense Burner"},{"floor":48,"key":"ScarletDevilRocket"},{"floor":54,"key":"Shuriken"}],"event_choices":[{"cards_removed":["KiyohimeMod:Strike"],"damage_healed":0.0,"max_hp_gain":0.0,"max_hp_loss":0.0,"gold_gain":0.0,"event_name":"The Cleric","player_choice":"Card Removal","floor":4.0,"gold_loss":50.0,"damage_taken":0.0},{"damage_healed":0.0,"max_hp_gain":0.0,"max_hp_loss":0.0,"gold_gain":0.0,"event_name":"Scrap Ooze","player_choice":"Success","floor":7.0,"gold_loss":0.0,"damage_taken":3.0,"relics_obtained":["Blood Vial"]},{"damage_healed":0.0,"max_hp_gain":0.0,"max_hp_loss":0.0,"gold_gain":0.0,"event_name":"Wheel of Change","player_choice":"Cursed","floor":14.0,"gold_loss":0.0,"damage_taken":0.0,"cards_obtained":["Decay"]},{"damage_healed":0.0,"max_hp_gain":0.0,"max_hp_loss":0.0,"gold_gain":0.0,"event_name":"The Mausoleum","player_choice":"Opened","floor":19.0,"gold_loss":0.0,"damage_taken":0.0,"relics_obtained":["Pen Nib"],"cards_obtained":["Writhe"]},{"damage_healed":0.0,"max_hp_gain":0.0,"max_hp_loss":0.0,"gold_gain":0.0,"event_name":"N\u0027loth","player_choice":"Traded Relic","floor":21.0,"relics_lost":["KiyohimeMod:FireDragon"],"gold_loss":0.0,"damage_taken":0.0,"relics_obtained":["Nloth\u0027s Gift"]},{"damage_healed":0,"gold_gain":0,"player_choice":"Fight","damage_taken":0,"max_hp_gain":0,"max_hp_loss":0,"event_name":"MindBloom","floor":37,"gold_loss":0},{"damage_healed":0,"gold_gain":0,"player_choice":"Memory 3","damage_taken":10,"max_hp_gain":0,"max_hp_loss":0,"event_name":"SensoryStone","floor":39,"gold_loss":0},{"damage_healed":0,"gold_gain":0,"player_choice":"Embrace Madness","damage_taken":8,"max_hp_gain":0,"max_hp_loss":0,"event_name":"Winding Halls","floor":42,"gold_loss":0,"cards_obtained":["Madness","Madness"]}],"is_beta":false,"boss_relics":[{"not_picked":["Tiny House","construct:ClawGrip"],"picked":"Calling Bell"},{"not_picked":["KiyohimeMod:Necromancy","Cursed Key"],"picked":"construct:WeddingRing"}],"items_purged_floors":[27,53],"is_endless":false,"potions_floor_spawned":[5,16,18,24,33,36,37,41,46,48],"ascension_level":0}}