{"host":"96bpdudduaq3ttpf","time":1609379096,"event":{"mods":["2.2 Compatiblity","Act Like it!","Astrologer","Bard","Bartender","BaseMod","CapriCore","Challenge The Spire","Chen","Downfall","Elementarium","Energized Spire","Friendly Minions","Gensokyo","GifTheSpireLib","Hallownest","Hermit","Jorbs\u0027s Wanderer Trilogy","KinomotoSakuraMod(????)","Koishi","KomeijiMod","Mari Mod (Legacy)","Mari\u0027s V1 Patch","Marisa????????","Mimic Mod","Minty Spire (QoL Compilation)","Prisma Mod","Quick Restart","Remilia??????","Replay The Spire","Robot Space Explorer","Shade Mod","StSLib","Td1madao Mod","The Administrix","The Bladedancer","The Bug Knight","The Construct","The Cursed","The Factory","The Forsaken","The Gatherer","The Hierophant","The Immortal","The IronCluck","The Jungle","The Marked","The Mystic","The Necromancer","The Runesmith","The Senshi","The Servant 0.9.4","Wandering Minibosses","WarShipGirlsR/????R mod","Yohane!","Yuyuko"],"gold_per_floor":[113,113,133,133,143,143,173,173,173,200,6,25,35,68,68,169,169,180,180,25,42,60,87,105,105,189,199,53,84,97,114,114,212,212,491,507,417,433,450,450,135,154,191,191,228,255,273,291,291,291,291,291,40,68,68],"floor_reached":56,"playtime":3728,"items_purged":["ReplayTheSpireMod:Splinters"],"score":1418,"play_id":"4b5bc094-9d83-400f-9e9e-2a4b38612aa4","local_time":"20201230184456","is_ascension_mode":false,"campfire_choices":[{"data":"blademaster:LightningCrash","floor":6,"key":"SMITH"},{"floor":15,"key":"REST"},{"floor":32,"key":"REST"},{"floor":40,"key":"REST"},{"floor":44,"key":"REST"},{"floor":49,"key":"RECALL"},{"floor":52,"key":"DIG"}],"circlet_count":0,"master_deck":["blademaster:Strike","blademaster:Strike","blademaster:Strike","blademaster:Strike+1","blademaster:Defend","blademaster:Defend","blademaster:Defend","blademaster:RagingBlow","blademaster:HighVoltage","blademaster:Safeguard+1","blademaster:Quickness","blademaster:LightningCrash+1","blademaster:Cut","blademaster:CombatPrep","blademaster:Stability+1","blademaster:WindSlash","blademaster:Cut","blademaster:ThunderSlash","blademaster:UnrelentingWind","blademaster:Safeguard+1","blademaster:Flurry","blademaster:ParryingStrike","blademaster:Breeze","blademaster:Sharpen+1","blademaster:Reversal+1","blademaster:WindSlash+1","blademaster:ThreePointStrike+1","blademaster:Reversal+1","blademaster:TraverseCut","blademaster:AwakeningStrike+1","blademaster:RollingTyphoon+1","blademaster:AspectOfLightning+1","blademaster:Gust+1","blademaster:AspectOfWind+1","blademaster:Flash+1","blademaster:BladeCross","blademaster:DancingEdge","blademaster:FuriousStrike+1","blademaster:AwakeningDefend+1","expansioncontent:QuickStudy+1","expansioncontent:PrepareCrush+1","Replay:Sssssssssshield+1"],"relics":["energizedSpire:OgreHead","Replay:Towering Pillar of Hats","ThirstyCross","Strawberry","HollowMod:PaleOreRelic","ReplayTheSpireMod:Ninjato","Replay:Bronze Core","Du-Vu Doll","Gremlin Food","Happy Flower","Golden Egg","Orrery","Bottled Lightning","construct:ClawGrip","wanderingMiniBosses:LockLocket","theForsaken:Gavel","Bird Faced Urn","Runesmith:AutoHammer","Replay:Multitool","Ornamental Fan","ReplayTheSpireMod:ShopPack","ReplayFunnel"],"acts_visited":["Exordium","TheCity","TheBeyond","TheEnding"],"potions_floor_usage":[7,14,18,18,23,33,35,50,55],"damage_taken":[{"damage":0,"enemies":"Cultist","floor":1,"turns":4},{"damage":0,"enemies":"2 Louse","floor":3,"turns":3},{"damage":0,"enemies":"Small Slimes","floor":5,"turns":3},{"damage":13,"enemies":"Lagavulin","floor":7,"turns":4},{"damage":20,"enemies":"3 Sentries","floor":10,"turns":5},{"damage":2,"enemies":"Blue Slaver","floor":12,"turns":2},{"damage":0,"enemies":"Looter","floor":13,"turns":2},{"damage":0,"enemies":"Gremlin Nob","floor":14,"turns":2},{"damage":0,"enemies":"Slime Boss","floor":16,"turns":4},{"damage":0,"enemies":"3 Byrds","floor":18,"turns":2},{"damage":5,"enemies":"Chosen","floor":21,"turns":3},{"damage":7,"enemies":"Snecko","floor":22,"turns":3},{"damage":4,"enemies":"HollowMod:Nosk","floor":23,"turns":3},{"damage":21,"enemies":"Snake Plant","floor":24,"turns":3},{"damage":11,"enemies":"Centurion and Healer","floor":26,"turns":5},{"damage":8,"enemies":"Centurion and Healer","floor":27,"turns":4},{"damage":8,"enemies":"Book of Stabbing","floor":29,"turns":4},{"damage":0,"enemies":"Cultist and Chosen","floor":30,"turns":2},{"damage":0,"enemies":"Chosen and Byrds","floor":31,"turns":3},{"damage":0,"enemies":"Champ","floor":33,"turns":5},{"damage":16,"enemies":"3 Shapes","floor":35,"turns":5},{"damage":17,"enemies":"3 Darklings","floor":36,"turns":3},{"damage":4,"enemies":"Writhing Mass","floor":38,"turns":3},{"damage":7,"enemies":"4 Shapes","floor":39,"turns":3},{"damage":0,"enemies":"Spire Growth","floor":42,"turns":3},{"damage":2,"enemies":"Maw","floor":43,"turns":2},{"damage":0,"enemies":"Reptomancer","floor":46,"turns":3},{"damage":23,"enemies":"Maw","floor":47,"turns":4},{"damage":0,"enemies":"Sphere and 2 Shapes","floor":48,"turns":2},{"damage":31,"enemies":"Awakened One","floor":50,"turns":6},{"damage":2,"enemies":"Shield and Spear","floor":54,"turns":3},{"damage":77,"enemies":"The Heart","floor":55,"turns":4}],"seed_played":"-8117023520225374180","potions_obtained":[{"floor":3,"key":"Adrenaline Potion"},{"floor":5,"key":"PowerPotion"},{"floor":10,"key":"AttackPotion"},{"floor":14,"key":"EssenceOfSteel"},{"floor":16,"key":"Explosive Potion"},{"floor":18,"key":"FairyPotion"},{"floor":22,"key":"Regen Potion"},{"floor":27,"key":"Explosive Potion"},{"floor":30,"key":"DuplicationPotion"},{"floor":33,"key":"Elixir"},{"floor":35,"key":"Dexterity Potion"},{"floor":45,"key":"FairyPotion"}],"is_trial":false,"path_per_floor":["M","?","M","?","M","R","E","?","T","E","$","M","M","E","R","B",null,"M","?","$","M","M","E","M","?","MIM","M","$","E","M","M","R","B",null,"M","M","?","M","M","R","$","M","MIM","R","?","E","M","M","R","B",null,"R","$","E","B",null],"character_chosen":"THE_BLADEMASTER","items_purchased":["HollowMod:PaleOreRelic","blademaster:Stability","Gremlin Food","Orrery","theForsaken:Gavel","blademaster:Flash","ReplayTheSpireMod:ShopPack","champ:CounterPotion"],"campfire_rested":4,"item_purchase_floors":[11,11,20,28,41,41,53,53],"current_hp_per_floor":[75,75,75,75,75,75,62,62,62,49,49,47,47,47,71,71,82,82,82,82,77,70,75,54,54,43,35,35,27,27,27,51,51,82,66,49,49,45,38,62,62,62,60,82,82,82,61,65,65,38,82,82,82,82,10],"gold":68,"neow_bonus":"BOSS_RELIC","is_daily":false,"chose_seed":false,"campfire_upgraded":1,"win_rate":0.0,"timestamp":1609379096,"path_taken":["M","?","M","?","M","R","E","?","T","E","$","M","M","E","R","BOSS","M","?","$","M","M","E","M","?","MIM","?","$","E","M","M","R","BOSS","M","M","?","?","M","R","$","M","MIM","R","?","E","M","M","R","BOSS","R","$","E","BOSS"],"items_purchased_type":["Relic","Card","Relic","Relic","Relic","Card","Relic","Potion"],"build_version":"2020-12-22","purchased_purges":1,"victory":true,"max_hp_per_floor":[75,75,75,75,75,75,75,75,75,82,82,82,82,82,82,82,82,82,82,82,82,82,82,82,82,82,82,82,82,82,82,82,82,82,82,82,82,82,82,82,82,82,82,82,82,82,82,82,82,82,82,82,82,82,82],"card_choices":[{"not_picked":["blademaster:AwakeningStrike","blademaster:Overcharge"],"picked":"blademaster:Safeguard","floor":1},{"not_picked":["blademaster:Reversal","blademaster:AwakeningDefend"],"picked":"blademaster:Quickness","floor":3},{"not_picked":["blademaster:LeechingStrike","blademaster:DancingEdge"],"picked":"blademaster:LightningCrash","floor":5},{"not_picked":["blademaster:BrainBloom","blademaster:Safeguard"],"picked":"blademaster:Cut","floor":7},{"not_picked":["blademaster:KiBarrier","blademaster:ThunderSlash"],"picked":"blademaster:CombatPrep","floor":10},{"not_picked":["blademaster:IcyWind","blademaster:Slice"],"picked":"blademaster:WindSlash","floor":12},{"not_picked":["blademaster:Bloodbath","blademaster:StanceMastery"],"picked":"blademaster:Cut","floor":13},{"not_picked":["blademaster:ChargingUp","blademaster:Reversal"],"picked":"blademaster:ThunderSlash","floor":14},{"not_picked":["blademaster:EnchantedCuirass","blademaster:FuryOfTheElements"],"picked":"blademaster:UnrelentingWind","floor":16},{"not_picked":["blademaster:FuriousStrike","blademaster:DeadlyDance"],"picked":"blademaster:Safeguard+1","floor":18},{"not_picked":["blademaster:LightningCrash","blademaster:AwakeningDefend+1","blademaster:EyeOfTheStorm"],"picked":"SKIP","floor":21},{"not_picked":["blademaster:FuriousStrike","blademaster:Meditate"],"picked":"blademaster:Flurry","floor":22},{"not_picked":["blademaster:KiBarrier","blademaster:BrainBloom","blademaster:FuriousStrike"],"picked":"SKIP","floor":23},{"not_picked":["blademaster:BloodyBlow","blademaster:OneTrickPony+1","blademaster:Quickstep"],"picked":"SKIP","floor":24},{"not_picked":["blademaster:AwakeningStrike","blademaster:BladeDance"],"picked":"blademaster:ParryingStrike","floor":26},{"not_picked":["blademaster:Discharge","blademaster:ParryingStrike+1"],"picked":"blademaster:Breeze","floor":27},{"not_picked":["blademaster:Flash","blademaster:Slice"],"picked":"blademaster:Sharpen","floor":28},{"not_picked":["blademaster:Frenzy","blademaster:Quickness"],"picked":"blademaster:Reversal+1","floor":28},{"not_picked":["blademaster:EyeOfTheStorm+1","blademaster:Safeguard"],"picked":"blademaster:WindSlash","floor":28},{"not_picked":["blademaster:ChargingUp","blademaster:ParryingStrike"],"picked":"blademaster:ThreePointStrike","floor":28},{"not_picked":["blademaster:Cut+1","blademaster:Momentum"],"picked":"blademaster:Reversal","floor":28},{"not_picked":["blademaster:Stormstrike","blademaster:CullingStrike","blademaster:KiBarrier"],"picked":"SKIP","floor":29},{"not_picked":["blademaster:ThunderSlash","blademaster:AspectOfLightning"],"picked":"blademaster:TraverseCut","floor":30},{"not_picked":["blademaster:AspectOfLightning","blademaster:Frontflip"],"picked":"blademaster:AwakeningStrike+1","floor":31},{"not_picked":["blademaster:Blindside","blademaster:HighVoltage"],"picked":"blademaster:RollingTyphoon","floor":33},{"not_picked":["blademaster:Frontflip","blademaster:ParryingStrike","blademaster:Vortex+1"],"picked":"SKIP","floor":35},{"not_picked":["blademaster:AwakeningStrike+1","blademaster:AncestralHealing"],"picked":"blademaster:AspectOfLightning+1","floor":36},{"not_picked":["blademaster:Meditate","blademaster:DancingEdge"],"picked":"blademaster:Gust","floor":38},{"not_picked":["blademaster:Flurry","blademaster:AwakeningStrike+1"],"picked":"blademaster:AspectOfWind+1","floor":39},{"not_picked":["blademaster:Rupture","blademaster:Stormstrike+1","blademaster:Frenzy"],"picked":"SKIP","floor":42},{"not_picked":["blademaster:Sunder+1","blademaster:Gust"],"picked":"blademaster:BladeCross","floor":43},{"not_picked":["blademaster:Quickstep","blademaster:Discharge+1"],"picked":"blademaster:DancingEdge","floor":45},{"not_picked":["blademaster:CloudOfSteel","blademaster:ThunderSlash"],"picked":"blademaster:FuriousStrike+1","floor":46},{"not_picked":["blademaster:Flurry","blademaster:FuriousStrike","blademaster:Rupture+1"],"picked":"SKIP","floor":47},{"not_picked":["blademaster:ChargingUp","blademaster:Reversal"],"picked":"blademaster:AwakeningDefend+1","floor":48},{"not_picked":["ThoughtExtend","expansioncontent:Corrupt"],"picked":"expansioncontent:QuickStudy","floor":53},{"not_picked":["Specialist","expansioncontent:Collect"],"picked":"expansioncontent:PrepareCrush","floor":53},{"not_picked":["expansioncontent:LastStand","expansioncontent:Flail"],"picked":"Replay:Sssssssssshield","floor":53},{"not_picked":["blademaster:Safeguard+1","blademaster:BladeCross+1","blademaster:Frenzy"],"picked":"SKIP","floor":54}],"player_experience":759974,"relics_obtained":[{"floor":7,"key":"Replay:Towering Pillar of Hats"},{"floor":7,"key":"blademaster:BonusFuryPerk"},{"floor":10,"key":"Strawberry"},{"floor":10,"key":"blademaster:StrongPerk"},{"floor":14,"key":"ReplayTheSpireMod:Ninjato"},{"floor":14,"key":"blademaster:LightningChargePerk"},{"floor":23,"key":"Happy Flower"},{"floor":23,"key":"blademaster:OnAttackedChargePerk"},{"floor":26,"key":"Golden Egg"},{"floor":26,"key":"blademaster:FuryEveryTurnPerk"},{"floor":29,"key":"Bottled Lightning"},{"floor":29,"key":"blademaster:RandomBladePerk"},{"floor":35,"key":"wanderingMiniBosses:LockLocket"},{"floor":43,"key":"Bird Faced Urn"},{"floor":43,"key":"blademaster:BleedingLaceratePerk"},{"floor":45,"key":"Runesmith:AutoHammer"},{"floor":46,"key":"Replay:Multitool"},{"floor":46,"key":"blademaster:RandomStancePerk"},{"floor":52,"key":"Ornamental Fan"},{"floor":54,"key":"ReplayFunnel"},{"floor":54,"key":"blademaster:BleedingMoreDamagePerk"}],"event_choices":[{"damage_healed":0,"gold_gain":0,"player_choice":"Ignored","damage_taken":0,"max_hp_gain":0,"max_hp_loss":0,"event_name":"Golden Wing","floor":4,"gold_loss":0},{"cards_removed":["blademaster:Defend"],"damage_healed":0,"gold_gain":0,"player_choice":"Upgrade and Remove","damage_taken":0,"max_hp_gain":0,"max_hp_loss":0,"event_name":"Designer","floor":37,"gold_loss":90,"cards_upgraded":["blademaster:Safeguard"]}],"is_beta":false,"boss_relics":[{"not_picked":["energizedSpire:CursedPentagram","energizedSpire:RedRose"],"picked":"Replay:Bronze Core"},{"not_picked":["Pandora\u0027s Box","Empty Cage"],"picked":"construct:ClawGrip"}],"items_purged_floors":[53],"is_endless":false,"potions_floor_spawned":[3,5,10,14,16,18,22,27,30,33,35,42,46,47,54],"ascension_level":0}}