{"host":"w6bv7e6dabj27l4i","time":1609383572,"event":{"mods":["Act Like it!","BaseMod","Colored Map","Custom Start","Downfall","Minty Spire (QoL Compilation)","Quick Restart","StSLib","Synergy Search","Unceasing Turn Reminder","slay the spire mod where everything is the same but ironclad has a cowboy hat"],"gold_per_floor":[99,117,127,143,418,437,483,502,427,437,437,462,478,496,508,613,613,613,631,644,54,69,69,69,124,49,65,85,102,102,117,117,117],"floor_reached":32,"playtime":1692,"items_purged":[],"score":279,"play_id":"d902e84d-77fe-4312-8510-ae595cf313b8","local_time":"20201230205932","daily_mods":["downfall:ChampStances"],"is_ascension_mode":false,"campfire_choices":[{"floor":1,"key":"RECALL"},{"data":"Zap","floor":9,"key":"SMITH"},{"data":"Genetic Algorithm","floor":11,"key":"SMITH"},{"data":"Creative AI","floor":18,"key":"SMITH"},{"data":"Fission","floor":26,"key":"SMITH"},{"floor":30,"key":"REST"}],"circlet_count":0,"master_deck":["Strike_B","Strike_B","Strike_B","Strike_B","Defend_B","Defend_B","Defend_B","Defend_B","Zap+1","Dualcast","Beam Cell","Genetic Algorithm+1","Gash","Regret","White Noise","Coolheaded","Gash","Storm","Creative AI+1","Sadistic Nature","Fission+1"],"relics":["Cracked Core","champ:ChampStancesModRelic","sneckomod:BlankCard","downfall:HeartBlessingRed","Akabeko","Nuclear Battery","HandDrill","Mercury Hourglass","downfall:KnowingSkull","downfall:HeartBlessingBlue"],"acts_visited":["Exordium","TheCity"],"potions_floor_usage":[16,28,29,29,32,32,32,32,32,32],"damage_taken":[{"damage":0,"enemies":"Cultist","floor":2,"turns":3},{"damage":0,"enemies":"Jaw Worm","floor":3,"turns":2},{"damage":1,"enemies":"2 Louse","floor":4,"turns":2},{"damage":4,"enemies":"Blue Slaver","floor":6,"turns":2},{"damage":25,"enemies":"Exordium Thugs","floor":8,"turns":3},{"damage":6,"enemies":"Gremlin Gang","floor":10,"turns":4},{"damage":17,"enemies":"3 Sentries","floor":12,"turns":4},{"damage":6,"enemies":"Large Slime","floor":13,"turns":4},{"damage":20,"enemies":"Blue Slaver","floor":14,"turns":2},{"damage":8,"enemies":"Gremlin Gang","floor":15,"turns":2},{"damage":10,"enemies":"downfall:Watcher","floor":16,"turns":5},{"damage":38,"enemies":"Shell Parasite","floor":19,"turns":4},{"damage":2,"enemies":"Spheric Guardian","floor":20,"turns":3},{"damage":10,"enemies":"downfall:FleeingMerchant","floor":21,"turns":4},{"damage":0,"enemies":"Chosen and Byrds","floor":22,"turns":4},{"damage":7,"enemies":"Snake Plant","floor":25,"turns":2},{"damage":6,"enemies":"Cultist and Chosen","floor":27,"turns":3},{"damage":22,"enemies":"Centurion and Healer","floor":28,"turns":3},{"damage":16,"enemies":"Snake Plant","floor":29,"turns":2},{"damage":0,"enemies":"3 Cultists","floor":31,"turns":3},{"damage":50,"enemies":"Shelled Parasite and Fungi","floor":32,"turns":3}],"seed_played":"663299744616094588","potions_obtained":[{"floor":3,"key":"Block Potion"},{"floor":6,"key":"DistilledChaos"},{"floor":13,"key":"Block Potion"},{"floor":15,"key":"Guardian:BlockOnCardUsePotion"},{"floor":16,"key":"PotionOfCapacity"},{"floor":28,"key":"Slimebound:ThreeZeroPotion"},{"floor":29,"key":"EntropicBrew"},{"floor":31,"key":"SteroidPotion"}],"is_trial":true,"path_per_floor":["R","M","M","M","?","M","T","M","R","M","R","E","M","M","M","B",null,"R","M","M","$","M","?","T","M","R","M","M","M","R","M","M"],"character_chosen":"DEFECT","items_purchased":["Sadistic Nature","HandDrill","Mercury Hourglass"],"campfire_rested":1,"item_purchase_floors":[21,21,21],"current_hp_per_floor":[75,75,75,74,74,70,70,63,63,57,57,40,34,23,15,5,75,75,61,59,49,49,45,45,38,48,42,20,19,44,44,0,0],"gold":117,"neow_bonus":"","is_daily":false,"chose_seed":false,"campfire_upgraded":4,"win_rate":0.0,"timestamp":1609383572,"path_taken":["R","M","?","M","?","M","T","?","R","M","R","E","M","M","M","BOSS","R","M","M","$","M","?","T","M","R","M","M","?","R","M","M"],"items_purchased_type":["Card","Relic","Relic"],"build_version":"2020-12-22","purchased_purges":0,"victory":false,"max_hp_per_floor":[75,75,75,75,75,75,75,75,75,75,75,75,75,75,75,75,75,75,75,75,75,75,75,75,75,85,85,85,85,85,85,85,85],"card_choices":[{"not_picked":["Scrape","Sweeping Beam"],"picked":"Beam Cell","floor":2},{"not_picked":["Rebound","Compile Driver"],"picked":"Genetic Algorithm","floor":3},{"not_picked":["Capacitor","Auto Shields"],"picked":"Gash","floor":4},{"not_picked":["Streamline","Ball Lightning"],"picked":"White Noise","floor":6},{"not_picked":["Rip and Tear","Defragment","Beam Cell"],"picked":"SKIP","floor":8},{"not_picked":["FTL","Streamline"],"picked":"Coolheaded","floor":10},{"not_picked":["Beam Cell","Capacitor"],"picked":"Gash","floor":12},{"not_picked":["Ball Lightning","Doom and Gloom","Rip and Tear"],"picked":"SKIP","floor":13},{"not_picked":["Hologram","Reinforced Body"],"picked":"Storm","floor":14},{"not_picked":["Stack","Leap","Glacier"],"picked":"SKIP","floor":15},{"not_picked":["Rainbow","Machine Learning"],"picked":"Creative AI","floor":16},{"not_picked":["Stack+1","Redo+1","Steam+1"],"picked":"SKIP","floor":19},{"not_picked":["Melter","Stack+1","Streamline+1"],"picked":"SKIP","floor":20},{"not_picked":["Barrage+1","Capacitor","Auto Shields"],"picked":"SKIP","floor":21},{"not_picked":["Coolheaded","FTL"],"picked":"Fission","floor":22},{"not_picked":["Melter","Compile Driver","Blizzard"],"picked":"SKIP","floor":25},{"not_picked":["Ball Lightning+1","Hello World","Compile Driver+1"],"picked":"SKIP","floor":27},{"not_picked":["Streamline+1","Cold Snap","Core Surge"],"picked":"SKIP","floor":28},{"not_picked":["BootSequence","Cold Snap","Conserve Battery+1"],"picked":"SKIP","floor":29},{"not_picked":["Tempest","Go for the Eyes","Hologram+1"],"picked":"SKIP","floor":31}],"player_experience":478448,"relics_obtained":[{"floor":7,"key":"sneckomod:BlankCard"},{"floor":12,"key":"Akabeko"}],"event_choices":[],"is_beta":false,"boss_relics":[{"not_picked":["Empty Cage","Pandora\u0027s Box"],"picked":"Nuclear Battery"}],"items_purged_floors":[],"is_endless":false,"potions_floor_spawned":[3,6,13,15,16,22,28,29,31],"killed_by":"Shelled Parasite and Fungi","ascension_level":0}}