{"host":"hwrdjx5eod2cxh09","time":1609421914,"event":{"mods":["AchievementEnabler","BaseMod","Bestiary","Minty Spire (QoL Compilation)","Relic Stats"],"gold_per_floor":[17,27,38,50,66,66,93,93,119,138,153,163,163,179,179,283,333,350,368,379,392,412,412,422,66,92,108,128,128,128,157,157,262,262,280,280,295,295,295],"floor_reached":38,"playtime":1689,"items_purged":["Strike_B"],"score":433,"play_id":"9811cfdd-dd60-4ed5-984b-aee5311e1142","local_time":"20201231223834","is_ascension_mode":false,"campfire_choices":[{"data":"Defragment","floor":6,"key":"SMITH"},{"data":"Storm","floor":13,"key":"SMITH"},{"data":"Zap","floor":15,"key":"SMITH"},{"floor":23,"key":"REST"},{"floor":30,"key":"REST"},{"floor":32,"key":"REST"}],"circlet_count":0,"master_deck":["Strike_B","Strike_B","Strike_B","Defend_B","Defend_B","Defend_B","Defend_B","Zap+1","Dualcast","Electrodynamics+1","Leap","Chill","Storm+1","Defragment+1","Leap","Redo","Reboot","Coolheaded","Redo+1","Cold Snap+1","White Noise","Tempest","Ball Lightning","Creative AI"],"relics":["Cracked Core","HornCleat","NlothsMask","Tiny House","Membership Card","Anchor","Tiny Chest","Black Star"],"acts_visited":["Exordium","TheCity","TheBeyond"],"potions_floor_usage":[22,36,36,38],"damage_taken":[{"damage":1,"enemies":"Cultist","floor":1,"turns":3},{"damage":0,"enemies":"Small Slimes","floor":2,"turns":2},{"damage":0,"enemies":"Jaw Worm","floor":3,"turns":3},{"damage":0,"enemies":"Lots of Slimes","floor":4,"turns":1},{"damage":8,"enemies":"2 Fungi Beasts","floor":5,"turns":3},{"damage":0,"enemies":"3 Sentries","floor":7,"turns":4},{"damage":6,"enemies":"Large Slime","floor":10,"turns":5},{"damage":7,"enemies":"Blue Slaver","floor":11,"turns":3},{"damage":0,"enemies":"Looter","floor":12,"turns":4},{"damage":14,"enemies":"Large Slime","floor":14,"turns":4},{"damage":27,"enemies":"The Guardian","floor":16,"turns":12},{"damage":10,"enemies":"Chosen","floor":18,"turns":5},{"damage":13,"enemies":"Spheric Guardian","floor":19,"turns":4},{"damage":20,"enemies":"Chosen and Byrds","floor":20,"turns":6},{"damage":21,"enemies":"Shelled Parasite and Fungi","floor":21,"turns":7},{"damage":0,"enemies":"Centurion and Healer","floor":22,"turns":3},{"damage":15,"enemies":"3 Cultists","floor":24,"turns":6},{"damage":0,"enemies":"Snecko","floor":27,"turns":4},{"damage":0,"enemies":"Sentry and Sphere","floor":28,"turns":3},{"damage":11,"enemies":"Slavers","floor":31,"turns":3},{"damage":44,"enemies":"Champ","floor":33,"turns":10},{"damage":13,"enemies":"3 Shapes","floor":35,"turns":5},{"damage":43,"enemies":"2 Orb Walkers","floor":36,"turns":5},{"damage":9,"enemies":"Orb Walker","floor":37,"turns":6},{"damage":17,"enemies":"Maw","floor":38,"turns":5}],"seed_played":"-1452226452880789474","potions_obtained":[{"floor":7,"key":"SkillPotion"},{"floor":10,"key":"Energy Potion"},{"floor":11,"key":"FearPotion"},{"floor":24,"key":"Weak Potion"}],"is_trial":false,"path_per_floor":["M","M","M","M","M","R","E","?","T","M","M","M","R","M","R","B",null,"M","M","M","M","M","R","M","$","T","M","M","?","R","E","R","B",null,"M","?","M","M"],"character_chosen":"DEFECT","items_purchased":["SmokeBomb","Membership Card","White Noise"],"campfire_rested":3,"item_purchase_floors":[25,25,25],"current_hp_per_floor":[74,74,74,74,66,66,66,66,66,60,53,53,53,39,39,12,80,70,57,37,16,16,40,25,25,25,25,25,25,49,38,62,18,80,67,24,15,0,0],"gold":295,"neow_bonus":"THREE_RARE_CARDS","is_daily":false,"chose_seed":false,"campfire_upgraded":3,"win_rate":0.0,"timestamp":1609421914,"path_taken":["M","M","M","M","?","R","E","?","T","M","M","M","R","M","R","BOSS","M","M","M","M","M","R","M","$","T","M","?","?","R","E","R","BOSS","M","?","M","M"],"items_purchased_type":["Potion","Relic","Card"],"build_version":"2020-12-22","purchased_purges":1,"victory":false,"max_hp_per_floor":[75,75,75,75,75,75,75,75,75,75,75,75,75,75,75,75,80,80,80,80,80,80,80,80,80,80,80,80,80,80,80,80,80,80,80,80,80,80,80],"relic_stats":{"counters":[25,116],"Tiny Chest":0,"Black Star":0,"obtain_stats":[{"Anchor":26,"HornCleat":7,"Tiny House":17,"Tiny Chest":31,"Black Star":34,"Membership Card":25,"Cracked Core":0,"NlothsMask":8},{"Anchor":17,"HornCleat":6,"Tiny House":11,"Tiny Chest":20,"Black Star":21,"Membership Card":17,"Cracked Core":0,"NlothsMask":6},{"Anchor":75,"HornCleat":16,"Tiny House":44,"Tiny Chest":85,"Black Star":95,"Membership Card":75,"Cracked Core":0,"NlothsMask":16}]},"card_choices":[{"not_picked":["Multi-Cast","Fission"],"picked":"Electrodynamics","floor":0},{"not_picked":["Hologram","Rebound"],"picked":"Leap","floor":1},{"not_picked":["Reprogram","Blizzard"],"picked":"Chill","floor":2},{"not_picked":["Reprogram","Cold Snap"],"picked":"Storm","floor":3},{"not_picked":["Stack","Go for the Eyes","Sunder"],"picked":"SKIP","floor":4},{"not_picked":["Static Discharge","Steam Power"],"picked":"Defragment","floor":5},{"not_picked":["Steam Power","Barrage","Blizzard"],"picked":"SKIP","floor":7},{"not_picked":["BootSequence","Genetic Algorithm","Sweeping Beam"],"picked":"SKIP","floor":10},{"not_picked":["Auto Shields","Consume"],"picked":"Leap","floor":11},{"not_picked":["Gash","Seek"],"picked":"Redo","floor":12},{"not_picked":["Leap","Turbo","Streamline"],"picked":"SKIP","floor":14},{"not_picked":["All For One","Hyperbeam"],"picked":"Reboot","floor":16},{"not_picked":["Scrape","Steam"],"picked":"Coolheaded","floor":17},{"not_picked":["Conserve Battery","Leap","Gash+1"],"picked":"SKIP","floor":18},{"not_picked":["Double Energy","Compile Driver"],"picked":"Redo+1","floor":19},{"not_picked":["Compile Driver+1","Go for the Eyes","Sweeping Beam"],"picked":"SKIP","floor":20},{"not_picked":["Rainbow","Gash","Barrage"],"picked":"SKIP","floor":21},{"not_picked":["Chaos","Doom and Gloom"],"picked":"Cold Snap+1","floor":22},{"not_picked":["Go for the Eyes+1","Darkness","Cold Snap"],"picked":"SKIP","floor":24},{"not_picked":["Reprogram","Scrape+1"],"picked":"Tempest","floor":27},{"not_picked":["Lockon","Cold Snap"],"picked":"Ball Lightning","floor":28},{"not_picked":["Auto Shields+1","Tempest","Stack"],"picked":"SKIP","floor":31},{"not_picked":["Rainbow","Thunder Strike"],"picked":"Creative AI","floor":33},{"not_picked":["Ball Lightning","Hologram+1","Darkness+1"],"picked":"SKIP","floor":35},{"not_picked":["Blizzard","Rip and Tear+1","Compile Driver+1"],"picked":"SKIP","floor":37}],"player_experience":122811,"relics_obtained":[{"floor":7,"key":"HornCleat"},{"floor":26,"key":"Anchor"},{"floor":31,"key":"Tiny Chest"}],"event_choices":[{"damage_healed":0,"gold_gain":0,"player_choice":"Trade","damage_taken":0,"relics_obtained":["NlothsMask"],"max_hp_gain":0,"max_hp_loss":0,"event_name":"FaceTrader","floor":8,"gold_loss":0},{"damage_healed":0,"gold_gain":0,"player_choice":"Ignored","damage_taken":0,"max_hp_gain":0,"max_hp_loss":0,"event_name":"Vampires","floor":29,"gold_loss":0},{"damage_healed":0,"gold_gain":0,"player_choice":"Fight","damage_taken":0,"max_hp_gain":0,"max_hp_loss":0,"event_name":"Mysterious Sphere","floor":36,"gold_loss":0}],"is_beta":false,"boss_relics":[{"not_picked":["Coffee Dripper","Fusion Hammer"],"picked":"Tiny House"},{"not_picked":["Nuclear Battery","Cursed Key"],"picked":"Black Star"}],"items_purged_floors":[25],"is_endless":false,"potions_floor_spawned":[7,10,11,12,18,24,27,31,33,36],"killed_by":"Maw","ascension_level":0}}