{"host":"n900smz9wr3yo27a","time":1609421248,"event":{"mods":["Abigail Mod","Arknights The Spire","Ascension Reborn","BaseMod","CapriCore","GungeonMod","Hermit","Koishi","Lobotomy","Marisa£¨Ùöéë¡¡Øª×âÞÞ£©","Minty Spire (QoL Compilation)","Prisma Mod","Replay The Spire","StSLib","Td1madao Mod","The Animator","The Bug Knight","The Cursed","The Dragon Tamer","The Gatherer","The Hierophant","The Immortal","The Jungle","The Necromancer","The Poker Player","The Runesmith","WarShipGirlsR/??á´Ò³R mod"],"gold_per_floor":[218,233,308,308,50,64,64,64,109,109,138,14,14,33,33,132,132,148,219,230,329,329,329,362,380,380,380,390,402,419,430,443,443,443,443,443],"floor_reached":35,"playtime":1643,"items_purged":[],"score":279,"play_id":"58914f27-a8e7-4c6a-b46e-e0afae2118c4","local_time":"20201231222728","is_ascension_mode":true,"campfire_choices":[{"data":"hermit:Shortfuse","floor":7,"key":"SMITH"},{"data":"hermit:Dive","floor":10,"key":"SMITH"},{"data":"hermit:Defend_Hermit","floor":15,"key":"PURGE"},{"floor":23,"key":"REST"},{"floor":27,"key":"RECALL"},{"floor":33,"key":"REST"}],"circlet_count":0,"master_deck":["hermit:Strike_Hermit","hermit:Strike_Hermit","hermit:Strike_Hermit","hermit:Strike_Hermit","hermit:Defend_Hermit","hermit:Defend_Hermit","hermit:Defend_Hermit","hermit:Snapshot","hermit:Covet","hermit:Dive+1","hermit:Shortfuse+1","ats:Leaping Hammer","ats:Powerful Strike","hermit:TakeAim+1","hermit:WideOpen","HollowMod:GreatSlash","HollowMod:ZotesMagnificence","Ecstasy+1","HollowMod:CycloneSlash","Pain","Caltrops","Provocative+1"],"relics":["hermit:Momento","PrismaticShard","DemoMod:MonsterBlood","ats:Originium","Du-Vu Doll","Cursed Key","Art of War","WarpedTongs","Pen Nib"],"acts_visited":["Exordium","TheCity","DemoMod:Maze"],"potions_floor_usage":[11,16,24,34],"damage_taken":[{"damage":1,"enemies":"Cultist","floor":1,"turns":3},{"damage":1,"enemies":"Jaw Worm","floor":2,"turns":3},{"damage":0,"enemies":"Small Slimes","floor":6,"turns":2},{"damage":5,"enemies":"Gremlin Nob","floor":11,"turns":3},{"damage":0,"enemies":"Gremlin Gang","floor":14,"turns":4},{"damage":28,"enemies":"Hexaghost","floor":16,"turns":8},{"damage":21,"enemies":"2 Thieves","floor":18,"turns":4},{"damage":4,"enemies":"Chosen","floor":20,"turns":4},{"damage":34,"enemies":"Book of Stabbing","floor":24,"turns":5},{"damage":12,"enemies":"Snake Plant","floor":25,"turns":2},{"damage":10,"enemies":"DemoMod:Veteran_shot_gun_kin_and_bullet_kin","floor":28,"turns":1},{"damage":0,"enemies":"DemoMod:4_Bullet_Kins","floor":29,"turns":3},{"damage":19,"enemies":"DemoMod:Red_and_blue_shotgun_kin_with_gunsinger","floor":30,"turns":2},{"damage":16,"enemies":"DemoMod:Veteran_shot_gun_kin_and_blue_shotgun_kin","floor":31,"turns":3},{"damage":13,"enemies":"DemoMod:2_Mousers","floor":32,"turns":5},{"damage":18,"enemies":"DemoMod:ResourcefulRat","floor":35,"turns":1}],"seed_played":"4454766291887616980","potions_obtained":[{"floor":2,"key":"Milkshake"},{"floor":6,"key":"SteroidPotion"},{"floor":14,"key":"Adrenaline Potion"},{"floor":19,"key":"Ancient Potion"},{"floor":19,"key":"Strength Potion"},{"floor":25,"key":"Dexterity Potion"},{"floor":30,"key":"hermit:Tonic"}],"is_trial":false,"path_per_floor":["M","M","?","?","$","M","R","$","T","R","E","$","?","M","R","B",null,"M","?","M","?","?","R","E","M","T","R","M","M","M","M","M","R","B","B"],"character_chosen":"HERMIT","items_purchased":["DemoMod:MonsterBlood","DemoMod:GnawedKey","hermit:TakeAim","hermit:WideOpen"],"campfire_rested":2,"item_purchase_floors":[5,5,12,12],"current_hp_per_floor":[74,73,62,62,69,69,69,69,69,69,64,64,64,64,64,36,82,61,41,37,37,37,61,27,15,82,82,72,72,53,37,24,48,10,0,0],"gold":443,"neow_bonus":"HUNDRED_GOLD","is_daily":false,"chose_seed":false,"campfire_upgraded":2,"win_rate":0.0,"timestamp":1609421248,"path_taken":["M","?","?","?","?","M","R","$","T","R","E","$","?","?","R","BOSS","M","?","?","?","?","R","E","?","T","R","M","M","M","M","M","R","BOSS","BOSS"],"items_purchased_type":["Relic","Relic","Card","Card"],"build_version":"2020-12-22","purchased_purges":0,"victory":false,"max_hp_per_floor":[75,75,75,75,82,82,82,82,82,82,82,82,82,82,82,82,82,82,82,82,82,82,82,82,82,82,82,82,82,82,82,82,82,82,82,82],"card_choices":[{"not_picked":["hermit:Misfire","hermit:TakeCover"],"picked":"hermit:Dive","floor":1},{"not_picked":["hermit:Desperado","hermit:Showdown"],"picked":"hermit:Shortfuse","floor":2},{"not_picked":["PokerPlayerMod:Manipulation","PrismaMod:IllyaAlice"],"picked":"ats:Leaping Hammer","floor":6},{"not_picked":["EmptyFist","Prepared"],"picked":"ats:Powerful Strike","floor":11},{"not_picked":["HollowMod:SoulSplash","Koishi:JumpScare"],"picked":"HollowMod:GreatSlash","floor":14},{"not_picked":["Devotion","MokouMod:RadiantBlade"],"picked":"HollowMod:ZotesMagnificence","floor":16},{"not_picked":["PrismaMod:MiyuAttackChannelVul","animator:Shalltear+1"],"picked":"Ecstasy+1","floor":18},{"not_picked":["GalacticHalo+1","HollowMod:VengefulVoid"],"picked":"HollowMod:CycloneSlash","floor":20},{"not_picked":["Panacea","ReplayTheSpireMod:GoodbyeWorld+1","Runesmith:BackupBattery"],"picked":"SKIP","floor":24},{"not_picked":["Replay:Battleflow","hermit:Coalescence","rmod:aviationdawn"],"picked":"SKIP","floor":25},{"not_picked":["NonDirectionalLaser","CherryBlossom+1"],"picked":"Caltrops","floor":28},{"not_picked":["Sweeping Beam","Koishi:YoukaiPolygraph+1","hermit:Snipe"],"picked":"SKIP","floor":29},{"not_picked":["MokouMod:HeartofFire","CrushJoints+1"],"picked":"Provocative+1","floor":30},{"not_picked":["animator:NononJakuzure","Predator","TheCursedMod:Wield"],"picked":"SKIP","floor":31},{"not_picked":["AbbyMod:Dabigail+1","EmptyBody+1","animator:LizardPriest"],"picked":"SKIP","floor":32}],"player_experience":732380,"relics_obtained":[{"floor":11,"key":"ats:Originium"},{"floor":11,"key":"Du-Vu Doll"},{"floor":19,"key":"Art of War"},{"floor":24,"key":"ats:Originium"},{"floor":24,"key":"Pen Nib"}],"event_choices":[{"damage_healed":0,"gold_gain":75,"player_choice":"Gather Gold","damage_taken":11,"max_hp_gain":0,"max_hp_loss":0,"event_name":"World of Goop","floor":3,"gold_loss":0},{"damage_healed":0,"gold_gain":0,"player_choice":"Upgraded","damage_taken":0,"max_hp_gain":0,"max_hp_loss":0,"event_name":"Upgrade Shrine","floor":13,"gold_loss":0,"cards_upgraded":["hermit:TakeAim"]},{"damage_healed":0,"gold_gain":99,"player_choice":"Stole From Cult","damage_taken":0,"max_hp_gain":0,"max_hp_loss":0,"event_name":"Nest","floor":21,"gold_loss":0},{"damage_healed":0,"gold_gain":0,"player_choice":"Rummage","damage_taken":0,"relics_obtained":["WarpedTongs"],"max_hp_gain":0,"max_hp_loss":0,"event_name":"Accursed Blacksmith","floor":22,"gold_loss":0,"cards_obtained":["Pain"]}],"is_beta":false,"boss_relics":[{"not_picked":["Tiny House","Astrolabe"],"picked":"Cursed Key"}],"items_purged_floors":[],"is_endless":false,"potions_floor_spawned":[2,6,14,25,29,30],"killed_by":"DemoMod:ResourcefulRat","ascension_level":0}}