{"host":"ELF","time":1609404900,"event":{"mods":["BaseMod","Minty Spire (QoL Compilation)"],"gold_per_floor":[117,136,136,61,79,111,121,121,121,46,96,108,27,46,46,121,121,132,132,143,163,0,0,13,13,13,13,25,25,41,41,41,115,115,128,0,19,19,19,19,49,68,93,93,93],"floor_reached":44,"playtime":3307,"items_purged":["Regret"],"score":925,"play_id":"aeab184c-6d47-4ba9-b9bd-b14c14c54340","local_time":"20201231025500","is_ascension_mode":true,"campfire_choices":[{"floor":8.0,"key":"REST"},{"data":"Eviscerate","floor":15.0,"key":"SMITH"},{"floor":23,"key":"REST"},{"floor":25,"key":"REST"},{"floor":32,"key":"REST"},{"floor":40,"key":"REST"}],"circlet_count":0,"master_deck":["AscendersBane","Survivor","Neutralize","Footwork","Dagger Throw","Slice","Prepared","Well Laid Plans","Dagger Throw","Burst","Deadly Poison","Eviscerate+1","Backflip","Malaise","CurseOfTheBell","Dagger Throw+1","Leg Sweep","Deflect","Blur+1","Concentrate","Wraith Form v2","Footwork","Underhanded Strike+1","Reflex","Tools of the Trade","Finisher","Blur","Choke","Backstab","Concentrate","Quick Slash","PiercingWail","Riddle With Holes","Leg Sweep","Blade Dance+1","Dash+1","Magnetism","Violence","Apotheosis","Crippling Poison+1","Skewer+1","Prepared"],"relics":["HoveringKite","Dream Catcher","Ginger","Ornamental Fan","Bronze Scales","Calling Bell","MealTicket","Mercury Hourglass","Pocketwatch","MutagenicStrength","White Beast Statue","Turnip","Paper Crane","Pandora\u0027s Box","Red Mask","Mummified Hand"],"acts_visited":["Exordium","TheCity","TheBeyond"],"potions_floor_usage":[21,30,41,41,42,44],"damage_taken":[{"damage":4.0,"enemies":"2 Louse","floor":1.0,"turns":3.0},{"damage":5.0,"enemies":"Small Slimes","floor":2.0,"turns":4.0},{"damage":0.0,"enemies":"Jaw Worm","floor":5.0,"turns":5.0},{"damage":7.0,"enemies":"Gremlin Nob","floor":6.0,"turns":3.0},{"damage":7.0,"enemies":"Looter","floor":7.0,"turns":4.0},{"damage":3.0,"enemies":"Lagavulin","floor":11.0,"turns":7.0},{"damage":0.0,"enemies":"3 Louse","floor":12.0,"turns":4.0},{"damage":12.0,"enemies":"Exordium Thugs","floor":14.0,"turns":4.0},{"damage":29.0,"enemies":"The Guardian","floor":16.0,"turns":12.0},{"damage":17.0,"enemies":"3 Byrds","floor":18.0,"turns":3.0},{"damage":16.0,"enemies":"Shell Parasite","floor":20.0,"turns":5.0},{"damage":18,"enemies":"Shelled Parasite and Fungi","floor":21,"turns":8},{"damage":4,"enemies":"Centurion and Healer","floor":24,"turns":6},{"damage":16,"enemies":"Cultist and Chosen","floor":28,"turns":7},{"damage":3,"enemies":"3 Cultists","floor":30,"turns":7},{"damage":34,"enemies":"Automaton","floor":33,"turns":17},{"damage":3,"enemies":"3 Shapes","floor":35,"turns":6},{"damage":26,"enemies":"3 Darklings","floor":37,"turns":6},{"damage":23,"enemies":"Giant Head","floor":41,"turns":7},{"damage":3,"enemies":"Sphere and 2 Shapes","floor":42,"turns":6},{"damage":9,"enemies":"Spire Growth","floor":44,"turns":2}],"seed_played":"3190267851974892762","potions_obtained":[{"floor":1.0,"key":"FearPotion"},{"floor":2.0,"key":"EntropicBrew"},{"floor":7.0,"key":"ColorlessPotion"},{"floor":18.0,"key":"DuplicationPotion"},{"floor":28,"key":"GhostInAJar"},{"floor":30,"key":"Block Potion"},{"floor":33,"key":"Block Potion"},{"floor":35,"key":"SkillPotion"},{"floor":41,"key":"Swift Potion"},{"floor":42,"key":"CultistPotion"}],"is_trial":false,"path_per_floor":["M","M","?","$","M","E","M","R","T","?","E","M","$","M","R","B",null,"M","?","M","M","?","R","M","R","T","?","M","$","M","T","R","B",null,"M","?","M","?","?","R","E","M","T","M"],"character_chosen":"THE_SILENT","items_purchased":["Eviscerate"],"campfire_rested":5,"item_purchase_floors":[13],"current_hp_per_floor":[55,50,50,50,50,43,36,55,55,55,52,52,52,40,40,11,52,35,35,19,1,1,20,16,35,35,35,19,34,31,31,50,16,54,51,51,25,15,15,34,11,8,8,0,0],"gold":93,"neow_bonus":"BOSS_RELIC","is_daily":false,"chose_seed":false,"campfire_upgraded":1,"win_rate":0.0,"timestamp":1609404900,"path_taken":["M","M","?","$","M","E","M","R","T","?","E","M","$","M","R","BOSS","M","?","M","M","?","R","M","R","T","?","?","?","M","?","R","BOSS","M","?","M","?","?","R","E","M","T","M"],"items_purchased_type":["Card"],"build_version":"2020-12-18","purchased_purges":1,"victory":false,"max_hp_per_floor":[66,66,66,66,66,66,66,66,66,66,66,66,66,66,66,66,66,66,66,66,66,66,66,66,66,66,66,66,66,66,66,66,66,66,66,66,66,66,66,66,66,66,66,66,66],"card_choices":[{"not_picked":["Sucker Punch","Accuracy"],"picked":"Footwork","floor":1.0},{"not_picked":["Bane","Flying Knee"],"picked":"Dagger Throw","floor":2.0},{"not_picked":["Catalyst","Heel Hook"],"picked":"Slice","floor":5.0},{"not_picked":["Poisoned Stab","Dagger Spray"],"picked":"Prepared","floor":6.0},{"not_picked":["Phantasmal Killer","Backflip"],"picked":"Well Laid Plans","floor":7.0},{"not_picked":["Flying Knee","Poisoned Stab"],"picked":"Dagger Throw","floor":8.0},{"not_picked":["Poisoned Stab","Outmaneuver"],"picked":"Burst","floor":11.0},{"not_picked":["Deflect","Quick Slash"],"picked":"Deadly Poison","floor":12.0},{"not_picked":["Backstab","Endless Agony"],"picked":"Backflip","floor":14.0},{"not_picked":["Venomology","Storm of Steel"],"picked":"Malaise","floor":16.0},{"not_picked":["Outmaneuver","Predator"],"picked":"Dagger Throw+1","floor":18.0},{"not_picked":["Dagger Spray","Slice"],"picked":"Leg Sweep","floor":20.0},{"not_picked":["Sucker Punch","Prepared"],"picked":"Deflect","floor":21},{"not_picked":["Finisher","Masterful Stab"],"picked":"Blur+1","floor":23},{"not_picked":["Cloak And Dagger","Dagger Spray"],"picked":"Concentrate","floor":24},{"not_picked":["PiercingWail","Concentrate"],"picked":"Wraith Form v2","floor":25},{"not_picked":["Quick Slash","Cloak And Dagger"],"picked":"Footwork","floor":28},{"not_picked":["Noxious Fumes","Poisoned Stab"],"picked":"Underhanded Strike+1","floor":30},{"not_picked":["Deflect","Setup"],"picked":"Reflex","floor":32},{"not_picked":["Storm of Steel","Die Die Die"],"picked":"Tools of the Trade","floor":33},{"not_picked":["Sucker Punch+1","Flying Knee+1"],"picked":"Blade Dance+1","floor":35},{"not_picked":["Predator","Reflex"],"picked":"Dash+1","floor":37},{"not_picked":["Dramatic Entrance","The Bomb"],"picked":"Magnetism","floor":38},{"not_picked":["The Bomb","Metamorphosis"],"picked":"Violence","floor":38},{"not_picked":["Metamorphosis","Flash of Steel"],"picked":"Apotheosis","floor":38},{"not_picked":["Dodge and Roll","Quick Slash"],"picked":"Crippling Poison+1","floor":40},{"not_picked":["Caltrops","Backflip"],"picked":"Skewer+1","floor":41},{"not_picked":["Heel Hook","Flying Knee"],"picked":"Prepared","floor":42}],"player_experience":3114012,"relics_obtained":[{"floor":6.0,"key":"Ginger"},{"floor":9.0,"key":"Ornamental Fan"},{"floor":11.0,"key":"Bronze Scales"},{"floor":17.0,"key":"MealTicket"},{"floor":17.0,"key":"Mercury Hourglass"},{"floor":17.0,"key":"Pocketwatch"},{"floor":26,"key":"White Beast Statue"},{"floor":31,"key":"Paper Crane"},{"floor":41,"key":"Mummified Hand"}],"event_choices":[{"damage_healed":0.0,"max_hp_gain":0.0,"max_hp_loss":0.0,"gold_gain":0.0,"event_name":"Big Fish","player_choice":"Box","floor":3.0,"gold_loss":0.0,"damage_taken":0.0,"relics_obtained":["Dream Catcher"],"cards_obtained":["Regret"]},{"cards_removed":["Strike_G"],"damage_healed":0.0,"max_hp_gain":0.0,"max_hp_loss":0.0,"gold_gain":0.0,"event_name":"The Cleric","player_choice":"Card Removal","floor":10.0,"gold_loss":75.0,"damage_taken":0.0},{"damage_healed":0.0,"max_hp_gain":0.0,"max_hp_loss":0.0,"gold_gain":0.0,"event_name":"Drug Dealer","player_choice":"Inject Mutagens","floor":19.0,"gold_loss":0.0,"damage_taken":0.0,"relics_obtained":["MutagenicStrength"]},{"damage_healed":0,"gold_gain":0,"player_choice":"Paid Fearfully","damage_taken":0,"max_hp_gain":0,"max_hp_loss":0,"event_name":"Masked Bandits","floor":22,"gold_loss":163},{"damage_healed":0,"gold_gain":0,"player_choice":"Gave Potion","damage_taken":0,"relics_obtained":["Turnip"],"max_hp_gain":0,"max_hp_loss":0,"event_name":"WeMeetAgain","floor":27,"gold_loss":0},{"damage_healed":0,"gold_gain":0,"player_choice":"Paid","damage_taken":0,"relics_obtained":["Red Mask"],"max_hp_gain":0,"max_hp_loss":0,"event_name":"Tomb of Lord Red Mask","floor":36,"gold_loss":128},{"damage_healed":0,"gold_gain":0,"player_choice":"Memory 3","damage_taken":10,"max_hp_gain":0,"max_hp_loss":0,"event_name":"SensoryStone","floor":38,"gold_loss":0},{"damage_healed":0,"gold_gain":0,"player_choice":"Ignored","damage_taken":0,"max_hp_gain":0,"max_hp_loss":0,"event_name":"Mysterious Sphere","floor":39,"gold_loss":0}],"is_beta":true,"boss_relics":[{"not_picked":["SacredBark","WristBlade"],"picked":"Calling Bell"},{"not_picked":["Sozu","Fusion Hammer"],"picked":"Pandora\u0027s Box"}],"items_purged_floors":[4],"is_endless":false,"potions_floor_spawned":[1,2,7,18,28,30,33,35,37,41,42],"killed_by":"Spire Growth","ascension_level":20}}