{"host":"ohysexhjt9sgbosk","time":1609450999,"event":{"mods":["AchievementEnabler","BaseMod","Better Altar","Better Skull","Better Third Choice","BetterRewards","Colored Map","Colored Powertips","Curses Come First","Evolution","Key Reminder","Minty Spire (QoL Compilation)","Rare Cards Sparkle","Spicy Shops","StSLib"],"gold_per_floor":[116,131,141,155,172,172,206,206,283,301,57,57,57,71,71,174,174,193,212,225,238,83,109,109,109,109,9,9,9,37,37,37,132,132,152,165,165,182,182,182,195,221,221,12,12,30,48,48,48,48,48,48,13,45,45,45],"floor_reached":55,"playtime":5866,"items_purged":["Pain","Pain","Doubt"],"score":1060,"play_id":"64a8d429-542a-4af6-9745-d60d9249ad90","local_time":"20201231144319","is_ascension_mode":true,"campfire_choices":[{"floor":6,"key":"RECALL"},{"data":"FTL","floor":8,"key":"SMITH"},{"data":"Creative AI","floor":15,"key":"SMITH"},{"floor":25,"key":"REST"},{"data":"Capacitor","floor":29,"key":"SMITH"},{"data":"Capacitor","floor":32,"key":"SMITH"},{"floor":40,"key":"REST"},{"data":"Bandage Up","floor":45,"key":"SMITH"},{"data":"Capacitor","floor":49,"key":"SMITH"},{"data":"Amplify","floor":52,"key":"SMITH"}],"circlet_count":0,"master_deck":["Ball Lightning","Ball Lightning","Ball Lightning","Ball Lightning","Leap","Leap","Leap","Leap","Zap","Dualcast","Capacitor+1","Capacitor+1","Fusion","FTL+1","Capacitor+1","Go for the Eyes","Skim","Conserve Battery","Creative AI+1","Turbo","Zap","Heatsinks+1","Echo Form+1","Double Energy","Steam+1","Self Repair+1","Go for the Eyes","Barrage+1","Steam","Amplify+1","Ball Lightning+1","Conserve Battery","Conserve Battery","Coolheaded+1","Conserve Battery","Defragment+1","Bandage Up+1","Blizzard+1","Aggregate+1","Ball Lightning","Self Repair+1","Stack"],"relics":["Cracked Core","EVO:Axolotl","Lantern","PreservedInsect","StoneCalendar","DollysMirror","Eternal Feather","MealTicket","Frozen Egg 2","Cursed Key","Bag of Preparation","Calipers","Vajra","Bottled Flame","Meat on the Bone","Inserter","Bag of Marbles","Centennial Puzzle","Bronze Scales"],"acts_visited":["Exordium","TheCity","TheBeyond","TheEnding"],"potions_floor_usage":[4,5,5,10,20,21,30,30,33,33,36,42,42,46,50,50,54,55],"damage_taken":[{"damage":0,"enemies":"Cultist","floor":1,"turns":3},{"damage":7,"enemies":"2 Louse","floor":2,"turns":3},{"damage":0,"enemies":"Small Slimes","floor":3,"turns":3},{"damage":0,"enemies":"Red Slaver","floor":4,"turns":3},{"damage":0,"enemies":"Gremlin Gang","floor":5,"turns":3},{"damage":0,"enemies":"Lagavulin","floor":7,"turns":4},{"damage":0,"enemies":"Large Slime","floor":10,"turns":4},{"damage":0,"enemies":"Lots of Slimes","floor":14,"turns":3},{"damage":19,"enemies":"Slime Boss","floor":16,"turns":7},{"damage":39,"enemies":"2 Thieves","floor":18,"turns":4},{"damage":9,"enemies":"Chosen","floor":19,"turns":5},{"damage":18,"enemies":"3 Cultists","floor":20,"turns":4},{"damage":15,"enemies":"Snake Plant","floor":21,"turns":5},{"damage":22,"enemies":"Book of Stabbing","floor":23,"turns":5},{"damage":21,"enemies":"Slavers","floor":30,"turns":4},{"damage":54,"enemies":"Automaton","floor":33,"turns":7},{"damage":15,"enemies":"3 Shapes","floor":35,"turns":6},{"damage":22,"enemies":"Orb Walker","floor":36,"turns":5},{"damage":59,"enemies":"Transient","floor":38,"turns":5},{"damage":28,"enemies":"Sphere and 2 Shapes","floor":41,"turns":7},{"damage":40,"enemies":"Reptomancer","floor":42,"turns":7},{"damage":25,"enemies":"Jaw Worm Horde","floor":46,"turns":4},{"damage":8,"enemies":"Writhing Mass","floor":47,"turns":6},{"damage":64,"enemies":"Awakened One","floor":50,"turns":11},{"damage":33,"enemies":"Shield and Spear","floor":54,"turns":6},{"damage":81,"enemies":"The Heart","floor":55,"turns":3}],"seed_played":"-8167834590439962919","potions_obtained":[{"floor":2,"key":"Fire Potion"},{"floor":3,"key":"DuplicationPotion"},{"floor":4,"key":"ColorlessPotion"},{"floor":7,"key":"LiquidMemories"},{"floor":16,"key":"Explosive Potion"},{"floor":18,"key":"BlessingOfTheForge"},{"floor":21,"key":"Fire Potion"},{"floor":23,"key":"Explosive Potion"},{"floor":31,"key":"EssenceOfSteel"},{"floor":31,"key":"AttackPotion"},{"floor":33,"key":"FearPotion"},{"floor":36,"key":"Ancient Potion"},{"floor":38,"key":"Dexterity Potion"},{"floor":42,"key":"Regen Potion"},{"floor":46,"key":"EntropicBrew"},{"floor":54,"key":"CultistPotion"}],"is_trial":false,"path_per_floor":["M","M","M","M","M","R","E","R","T","M","$","?","?","M","R","B",null,"M","M","M","M","$","E","?","R","T","$","?","R","E","?","R","B",null,"M","M","?","M","?","R","M","E","T","$","R","M","M","$","R","B",null,"R","$","E","B"],"character_chosen":"DEFECT","items_purchased":["Lantern","PreservedInsect","StoneCalendar","Capacitor","DollysMirror","Eternal Feather","Frozen Egg 2","Bag of Preparation","Bandage Up","Ball Lightning","Self Repair+1"],"campfire_rested":2,"item_purchase_floors":[0,0,0,0,0,0,11,22,44,53,53],"current_hp_per_floor":[54,47,47,47,47,56,56,65,65,65,78,83,83,83,83,64,83,44,35,17,12,27,15,15,54,54,69,69,83,72,72,83,51,83,83,71,71,34,34,76,58,50,50,65,83,73,81,83,83,37,83,83,83,80,0,0],"gold":45,"neow_bonus":"","is_daily":false,"chose_seed":false,"campfire_upgraded":7,"win_rate":0.0,"timestamp":1609450999,"path_taken":["M","M","M","M","M","R","E","R","T","M","$","?","?","M","R","BOSS","M","M","?","M","$","E","?","R","T","$","?","R","E","?","R","BOSS","M","M","?","?","?","R","?","E","T","$","R","M","M","$","R","BOSS","R","$","E","BOSS"],"items_purchased_type":["Relic","Relic","Relic","Card","Relic","Relic","Relic","Relic","Card","Card","Card"],"build_version":"2020-12-22","purchased_purges":3,"victory":false,"max_hp_per_floor":[78,78,78,78,78,78,78,78,78,78,78,83,83,83,83,83,83,83,83,83,83,83,83,83,83,83,83,83,83,83,83,83,83,83,83,83,83,83,83,83,83,83,83,83,83,83,83,83,83,83,83,83,83,83,83,83],"card_choices":[{"not_picked":["Reprogram","Leap"],"picked":"Fusion","floor":1},{"not_picked":["Rebound","Sweeping Beam"],"picked":"FTL","floor":2},{"not_picked":["Coolheaded","Genetic Algorithm"],"picked":"Capacitor","floor":3},{"not_picked":["Steam","Consume"],"picked":"Go for the Eyes","floor":4},{"not_picked":["Blizzard","Streamline"],"picked":"Skim","floor":5},{"not_picked":["Chill","Aggregate"],"picked":"Conserve Battery","floor":7},{"not_picked":["Capacitor","Auto Shields"],"picked":"Creative AI","floor":10},{"not_picked":["Hologram","Steam"],"picked":"Heatsinks+1","floor":14},{"not_picked":["Amplify","Seek"],"picked":"Echo Form+1","floor":16},{"not_picked":["Stack","Compile Driver+1"],"picked":"Double Energy","floor":18},{"not_picked":["Stack","Force Field+1"],"picked":"Steam+1","floor":19},{"not_picked":["Ball Lightning","Leap"],"picked":"Self Repair+1","floor":20},{"not_picked":["Sweeping Beam+1","Fusion"],"picked":"Go for the Eyes","floor":21},{"not_picked":["Scrape+1","Auto Shields"],"picked":"Barrage+1","floor":23},{"not_picked":["Gash","Echo Form+1"],"picked":"Steam","floor":30},{"not_picked":["Meteor Strike","Echo Form+1"],"picked":"Amplify","floor":33},{"not_picked":["Recycle+1","Undo+1"],"picked":"Ball Lightning+1","floor":35},{"not_picked":["Tempest+1","Hologram+1"],"picked":"Conserve Battery","floor":36},{"not_picked":["Beam Cell","Compile Driver"],"picked":"Coolheaded+1","floor":38},{"not_picked":["Machine Learning+1","Genetic Algorithm+1"],"picked":"Conserve Battery","floor":41},{"not_picked":["Barrage+1","Tempest+1"],"picked":"Defragment+1","floor":42},{"not_picked":["Storm+1","Hologram"],"picked":"Blizzard+1","floor":46},{"not_picked":["Recycle+1","Undo"],"picked":"Aggregate+1","floor":47},{"not_picked":["Coolheaded","Storm+1"],"picked":"Stack","floor":54}],"player_experience":103481,"relics_obtained":[{"floor":7,"key":"MealTicket"},{"floor":23,"key":"Calipers"},{"floor":26,"key":"Bottled Flame"},{"floor":30,"key":"Meat on the Bone"},{"floor":42,"key":"Bag of Marbles"},{"floor":43,"key":"Centennial Puzzle"},{"floor":54,"key":"Bronze Scales"}],"event_choices":[{"damage_healed":0,"gold_gain":0,"player_choice":"Donut","damage_taken":0,"max_hp_gain":5,"max_hp_loss":0,"event_name":"Big Fish","floor":12,"gold_loss":0},{"damage_healed":0,"gold_gain":0,"player_choice":"2 cards matched","damage_taken":0,"max_hp_gain":0,"max_hp_loss":0,"event_name":"Match and Keep!","floor":13,"gold_loss":0,"cards_obtained":["Turbo","Zap"]},{"damage_healed":0,"gold_gain":0,"player_choice":"Opened","damage_taken":0,"relics_obtained":["Vajra"],"max_hp_gain":0,"max_hp_loss":0,"event_name":"The Mausoleum","floor":24,"gold_loss":0,"cards_obtained":["Writhe"]},{"damage_healed":0,"gold_gain":0,"player_choice":"Adaptability","damage_taken":0,"max_hp_gain":0,"max_hp_loss":0,"event_name":"betterThird:BetterWriting","floor":28,"gold_loss":0},{"damage_healed":0,"gold_gain":0,"player_choice":"Got Potions","damage_taken":0,"max_hp_gain":0,"max_hp_loss":0,"event_name":"Lab","floor":31,"gold_loss":0},{"damage_healed":0,"gold_gain":0,"player_choice":"Copied","damage_taken":0,"max_hp_gain":0,"max_hp_loss":0,"event_name":"Duplicator","floor":37,"gold_loss":0,"cards_obtained":["Conserve Battery"]},{"cards_removed":["Writhe"],"damage_healed":0,"gold_gain":0,"player_choice":"Removed Curses","damage_taken":0,"max_hp_gain":0,"max_hp_loss":0,"event_name":"Fountain of Cleansing","floor":39,"gold_loss":0}],"is_beta":false,"boss_relics":[{"not_picked":["Snecko Eye","Runic Dome"],"picked":"Cursed Key"},{"not_picked":["Fusion Hammer","Coffee Dripper"],"picked":"Inserter"}],"items_purged_floors":[0,27,44],"is_endless":false,"potions_floor_spawned":[2,3,4,7,16,18,21,23,33,36,38,42,46,54],"killed_by":"The Heart","ascension_level":1}}