{"host":"0nndazl0keusavit","time":1609382006,"event":{"mods":["AchievementEnabler","BaseMod","Colored Map","Minty Spire (QoL Compilation)","Relic Stats"],"gold_per_floor":[117,42,58,58,73,104,122,152,227,262,262,262,280,180,180,180,180],"floor_reached":16,"playtime":515,"items_purged":["Defend_R","Strike_R"],"score":120,"play_id":"2c764878-a7ae-445c-b11c-c16eda81262a","local_time":"20201230223326","is_ascension_mode":false,"campfire_choices":[{"floor":15,"key":"REST"}],"circlet_count":0,"master_deck":["Strike_R","Strike_R","Strike_R","Strike_R+1","Defend_R","Defend_R","Defend_R+1","Bash"],"relics":["Burning Blood","NeowsBlessing","Ornamental Fan","Pocketwatch","Self Forming Clay","Omamori","Golden Idol"],"acts_visited":["Exordium"],"potions_floor_usage":[8],"damage_taken":[{"damage":0,"enemies":"Cultist","floor":1,"turns":1},{"damage":0,"enemies":"Small Slimes","floor":3,"turns":1},{"damage":0,"enemies":"Jaw Worm","floor":5,"turns":1},{"damage":34,"enemies":"Gremlin Nob","floor":6,"turns":5},{"damage":0,"enemies":"Large Slime","floor":7,"turns":5},{"damage":48,"enemies":"3 Sentries","floor":8,"turns":13},{"damage":14,"enemies":"Gremlin Nob","floor":10,"turns":5},{"damage":10,"enemies":"Looter","floor":13,"turns":2},{"damage":32,"enemies":"Hexaghost","floor":16,"turns":8}],"seed_played":"3024024075179060300","potions_obtained":[{"floor":6,"key":"Regen Potion"},{"floor":10,"key":"Ancient Potion"},{"floor":13,"key":"Explosive Potion"}],"is_trial":false,"path_per_floor":["M","$","M","?","M","E","M","E","T","E","?","?","M","$","R","B"],"character_chosen":"IRONCLAD","items_purchased":[],"campfire_rested":1,"item_purchase_floors":[],"current_hp_per_floor":[80,80,80,85,85,57,63,36,36,28,28,12,8,8,31,0,0],"gold":180,"neow_bonus":"THREE_ENEMY_KILL","is_daily":false,"chose_seed":false,"campfire_upgraded":0,"win_rate":0.0,"timestamp":1609382006,"path_taken":["M","$","?","?","M","E","M","E","T","E","?","?","M","$","R","BOSS"],"items_purchased_type":[],"build_version":"2020-12-22","purchased_purges":2,"victory":false,"max_hp_per_floor":[80,80,80,85,85,85,85,85,85,85,79,79,79,79,79,79,79],"relic_stats":{"counters":[9,41],"Ornamental Fan":[28],"Self Forming Clay":[42],"Golden Idol":4,"obtain_stats":[{"NeowsBlessing":0,"Ornamental Fan":6,"Self Forming Clay":9,"Golden Idol":11,"Omamori":10,"Burning Blood":0,"Pocketwatch":8},{"NeowsBlessing":0,"Ornamental Fan":4,"Self Forming Clay":6,"Golden Idol":7,"Omamori":7,"Burning Blood":0,"Pocketwatch":6},{"NeowsBlessing":0,"Ornamental Fan":8,"Self Forming Clay":26,"Golden Idol":31,"Omamori":31,"Burning Blood":0,"Pocketwatch":26}],"Burning Blood":30,"Pocketwatch":[36]},"card_choices":[{"not_picked":["Havoc","Flame Barrier","Cleave"],"picked":"SKIP","floor":1},{"not_picked":["Anger","Reckless Charge","Body Slam"],"picked":"SKIP","floor":3},{"not_picked":["Dual Wield","Armaments","True Grit"],"picked":"SKIP","floor":5},{"not_picked":["Thunderclap","Hemokinesis","Warcry"],"picked":"SKIP","floor":6},{"not_picked":["Armaments","Carnage","Double Tap"],"picked":"SKIP","floor":7},{"not_picked":["Anger","Rampage","Iron Wave"],"picked":"SKIP","floor":8},{"not_picked":["Shrug It Off","Thunderclap","Anger"],"picked":"SKIP","floor":10},{"not_picked":["Twin Strike","Shrug It Off","Headbutt"],"picked":"SKIP","floor":13}],"player_experience":861131,"relics_obtained":[{"floor":6,"key":"Ornamental Fan"},{"floor":8,"key":"Pocketwatch"},{"floor":9,"key":"Self Forming Clay"},{"floor":10,"key":"Omamori"}],"event_choices":[{"damage_healed":0,"gold_gain":0,"player_choice":"Donut","damage_taken":0,"max_hp_gain":5,"max_hp_loss":0,"event_name":"Big Fish","floor":4,"gold_loss":0},{"damage_healed":0,"gold_gain":0,"player_choice":"Lose Max HP","damage_taken":0,"relics_obtained":["Golden Idol"],"max_hp_gain":0,"max_hp_loss":6,"event_name":"Golden Idol","floor":11,"gold_loss":0},{"damage_healed":0,"gold_gain":0,"player_choice":"Entered Light","damage_taken":16,"max_hp_gain":0,"max_hp_loss":0,"event_name":"Shining Light","floor":12,"gold_loss":0,"cards_upgraded":["Strike_R","Defend_R"]}],"is_beta":false,"boss_relics":[],"items_purged_floors":[2,14],"is_endless":false,"potions_floor_spawned":[6,10,13],"killed_by":"Hexaghost","ascension_level":0}}