{"host":"k61zkrqx5zdi0yzo","time":1609382213,"event":{"mods":["AchievementEnabler","BaseMod","Colored Map","Highlight Path","Minty Spire (QoL Compilation)","Permanent Neow","Quick Restart","Rare Cards Sparkle","StSLib","SuperFastMode"],"gold_per_floor":[112,123,133,147,166,177,177,29,56,67,96,96,113,131,131,233,233,250,264,284,284,284,284,296,311,311,330,345,32,32,46,46,142,142,152,152,152,203,203,237,256,256,326,156,171,188,200,75,75,75],"floor_reached":51,"playtime":3180,"items_purged":["Strike_G","Chrysalis","Well Laid Plans+1"],"score":689,"play_id":"a3a4bfe6-32bc-46b7-b766-4aaee4fd6330","local_time":"20201231113653","is_ascension_mode":false,"campfire_choices":[{"data":"Blur","floor":7,"key":"SMITH"},{"data":"Flying Knee","floor":15,"key":"SMITH"},{"data":"Venomology","floor":23,"key":"SMITH"},{"data":"Terror","floor":30,"key":"SMITH"},{"data":"Finisher","floor":32,"key":"SMITH"},{"data":"Infinite Blades","floor":42,"key":"SMITH"},{"floor":49,"key":"REST"}],"circlet_count":0,"master_deck":["Strike_G","Strike_G","Strike_G","Defend_G+1","Defend_G","Defend_G","Survivor","Neutralize","Blur+1","Dagger Spray","Quick Slash","Slice","Deflect","Quick Slash","Flying Knee+1","Venomology+1","Blade Dance","Terror+1","Blade Dance+1","Finisher+1","Deflect+1","Infinite Blades+1","Footwork","Blade Dance"],"relics":["Ring of the Snake","Vajra","Centennial Puzzle","Meat on the Bone","Anchor","WristBlade","Mercury Hourglass","Toolbox","SlaversCollar","War Paint","Bronze Scales","InkBottle"],"acts_visited":["Exordium","TheCity","TheBeyond"],"potions_floor_usage":[11,16,18,19,20,20,24,27,28,28,31,33,33,35,40,40,45,50,50,50,50],"damage_taken":[{"damage":0,"enemies":"Cultist","floor":1,"turns":3},{"damage":0,"enemies":"Jaw Worm","floor":2,"turns":7},{"damage":0,"enemies":"2 Louse","floor":3,"turns":3},{"damage":6,"enemies":"Red Slaver","floor":4,"turns":4},{"damage":7,"enemies":"3 Louse","floor":5,"turns":2},{"damage":6,"enemies":"2 Fungi Beasts","floor":6,"turns":3},{"damage":1,"enemies":"Blue Slaver","floor":10,"turns":3},{"damage":0,"enemies":"Gremlin Nob","floor":11,"turns":4},{"damage":2,"enemies":"Large Slime","floor":13,"turns":3},{"damage":0,"enemies":"Exordium Thugs","floor":14,"turns":3},{"damage":16,"enemies":"Hexaghost","floor":16,"turns":13},{"damage":1,"enemies":"Spheric Guardian","floor":18,"turns":4},{"damage":0,"enemies":"Chosen","floor":19,"turns":4},{"damage":6,"enemies":"Centurion and Healer","floor":20,"turns":4},{"damage":1,"enemies":"Snecko","floor":24,"turns":3},{"damage":20,"enemies":"Sentry and Sphere","floor":25,"turns":4},{"damage":6,"enemies":"Centurion and Healer","floor":27,"turns":4},{"damage":0,"enemies":"Snecko","floor":28,"turns":3},{"damage":0,"enemies":"Snake Plant","floor":31,"turns":2},{"damage":36,"enemies":"Champ","floor":33,"turns":7},{"damage":4,"enemies":"3 Darklings","floor":35,"turns":3},{"damage":6,"enemies":"Nemesis","floor":40,"turns":3},{"damage":0,"enemies":"Orb Walker","floor":41,"turns":1},{"damage":10,"enemies":"4 Shapes","floor":45,"turns":3},{"damage":17,"enemies":"Writhing Mass","floor":46,"turns":3},{"damage":12,"enemies":"Sphere and 2 Shapes","floor":47,"turns":3},{"damage":53,"enemies":"Time Eater","floor":50,"turns":8}],"seed_played":"7631667960810819159","potions_obtained":[{"floor":1,"key":"Poison Potion"},{"floor":2,"key":"SpeedPotion"},{"floor":3,"key":"AttackPotion"},{"floor":11,"key":"Block Potion"},{"floor":19,"key":"Regen Potion"},{"floor":27,"key":"SkillPotion"},{"floor":28,"key":"Explosive Potion"},{"floor":33,"key":"Weak Potion"},{"floor":41,"key":"SteroidPotion"},{"floor":45,"key":"SpeedPotion"}],"is_trial":false,"path_per_floor":["M","M","M","M","M","M","R","$","T","M","E","?","M","M","R","B",null,"M","M","M","?","?","R","M","M","T","M","M","$","R","M","R","B",null,"M","?","?","T","?","E","M","R","T","$","M","M","M","$","R","B",null],"character_chosen":"THE_SILENT","items_purchased":["Vajra","Blade Dance","Finisher","Toolbox","Footwork"],"campfire_rested":1,"item_purchase_floors":[8,29,29,29,44],"current_hp_per_floor":[63,63,63,57,50,44,44,44,44,43,43,43,41,41,41,37,63,62,62,56,56,56,56,55,35,35,41,41,41,41,41,41,17,63,59,59,59,59,59,53,53,53,53,53,43,38,38,38,56,15],"gold":75,"neow_bonus":"REMOVE_TWO","is_daily":false,"chose_seed":false,"campfire_upgraded":6,"win_rate":0.0,"timestamp":1609382213,"path_taken":["M","M","?","M","M","M","R","$","T","M","E","?","?","M","R","BOSS","M","M","?","?","?","R","M","M","T","M","?","$","R","M","R","BOSS","M","?","?","?","?","E","?","R","T","$","M","M","M","$","R","BOSS"],"items_purchased_type":["Relic","Card","Card","Relic","Card"],"build_version":"2020-12-22","purchased_purges":3,"victory":true,"max_hp_per_floor":[63,63,63,63,63,63,63,63,63,63,63,63,63,63,63,63,63,63,63,63,63,63,63,63,63,63,63,63,63,63,63,63,63,63,63,63,60,60,60,60,60,60,60,60,60,60,60,60,60,60],"card_choices":[{"not_picked":["Sucker Punch","Deadly Poison"],"picked":"Blur","floor":1},{"not_picked":["Deflect","Bane"],"picked":"Dagger Spray","floor":2},{"not_picked":["Endless Agony","Deflect"],"picked":"Quick Slash","floor":3},{"not_picked":["Quick Slash","Bullet Time"],"picked":"Slice","floor":4},{"not_picked":["Outmaneuver","Dodge and Roll"],"picked":"Deflect","floor":5},{"not_picked":["PiercingWail","Deadly Poison"],"picked":"Quick Slash","floor":6},{"not_picked":["Bane","Quick Slash","Poisoned Stab"],"picked":"SKIP","floor":10},{"not_picked":["Outmaneuver","Dagger Throw"],"picked":"Flying Knee","floor":11},{"not_picked":["Prepared","Unload","Dagger Throw"],"picked":"SKIP","floor":13},{"not_picked":["Backstab","Blade Dance","Quick Slash"],"picked":"SKIP","floor":14},{"not_picked":["Night Terror","Wraith Form v2"],"picked":"Venomology","floor":16},{"not_picked":["PiercingWail+1","Skewer+1","Dagger Throw"],"picked":"SKIP","floor":18},{"not_picked":["Dash","Dodge and Roll","Outmaneuver"],"picked":"SKIP","floor":19},{"not_picked":["PiercingWail","Heel Hook"],"picked":"Blade Dance","floor":20},{"not_picked":["PiercingWail","Poisoned Stab+1","Noxious Fumes"],"picked":"SKIP","floor":24},{"not_picked":["Dagger Spray","Corpse Explosion","Catalyst"],"picked":"SKIP","floor":25},{"not_picked":["Predator","Sucker Punch","Distraction+1"],"picked":"SKIP","floor":27},{"not_picked":["Distraction+1","Dagger Spray+1"],"picked":"Terror","floor":28},{"not_picked":["Endless Agony","Expertise","Well Laid Plans"],"picked":"SKIP","floor":31},{"not_picked":["Eviscerate+1","Expertise+1"],"picked":"Deflect+1","floor":35},{"not_picked":["Enlightenment","Sadistic Nature"],"picked":"Chrysalis","floor":36},{"not_picked":["Calculated Gamble+1","Prepared+1"],"picked":"Infinite Blades","floor":40},{"not_picked":["Outmaneuver+1","Bane+1"],"picked":"Well Laid Plans+1","floor":41},{"not_picked":["Tools of the Trade","Deadly Poison"],"picked":"Blade Dance","floor":45},{"not_picked":["Heel Hook+1","Flying Knee+1","Distraction"],"picked":"SKIP","floor":46},{"not_picked":["Choke+1","Dash","Flying Knee+1"],"picked":"SKIP","floor":47}],"player_experience":2479,"relics_obtained":[{"floor":9,"key":"Centennial Puzzle"},{"floor":11,"key":"Meat on the Bone"},{"floor":26,"key":"Mercury Hourglass"},{"floor":38,"key":"War Paint"},{"floor":40,"key":"Bronze Scales"},{"floor":43,"key":"InkBottle"}],"event_choices":[{"damage_healed":0,"gold_gain":0,"player_choice":"Gave Potion","damage_taken":0,"relics_obtained":["Anchor"],"max_hp_gain":0,"max_hp_loss":0,"event_name":"WeMeetAgain","floor":12,"gold_loss":0},{"damage_healed":0,"gold_gain":0,"player_choice":"Ignored","damage_taken":0,"max_hp_gain":0,"max_hp_loss":0,"event_name":"Vampires","floor":21,"gold_loss":0},{"damage_healed":0,"gold_gain":0,"player_choice":"Bought 0 Potions","damage_taken":0,"max_hp_gain":0,"max_hp_loss":0,"event_name":"The Woman in Blue","floor":22,"gold_loss":0},{"damage_healed":0,"gold_gain":0,"player_choice":"Memory 1","damage_taken":0,"max_hp_gain":0,"max_hp_loss":0,"event_name":"SensoryStone","floor":36,"gold_loss":0},{"damage_healed":0,"gold_gain":0,"player_choice":"Max HP","damage_taken":0,"max_hp_gain":0,"max_hp_loss":3,"event_name":"Winding Halls","floor":37,"gold_loss":0},{"cards_removed":["Defend_G"],"damage_healed":0,"gold_gain":0,"player_choice":"Offered Basic","damage_taken":0,"max_hp_gain":0,"max_hp_loss":0,"event_name":"Bonfire Elementals","floor":39,"gold_loss":0}],"is_beta":false,"boss_relics":[{"not_picked":["Sozu","Black Star"],"picked":"WristBlade"},{"not_picked":["Runic Dome","Coffee Dripper"],"picked":"SlaversCollar"}],"items_purged_floors":[29,44,48],"is_endless":false,"potions_floor_spawned":[1,2,3,11,19,27,28,33,41,45,47],"ascension_level":0}}