{"host":"tq7pufgtqftqw8yr","time":1609423474,"event":{"mods":["BaseMod","Downfall","Minty Spire (QoL Compilation)","StSLib"],"gold_per_floor":[99,116,128,128,143,68,94,124,299,299,312,338,338,355,373,373,373,373],"floor_reached":16,"playtime":1490,"items_purged":[],"score":123,"play_id":"eabedcaa-0425-4a82-a1cf-b73a66f3f8dc","local_time":"20201231220434","is_ascension_mode":true,"campfire_choices":[{"floor":1,"key":"RECALL"},{"data":"Slimebound:SelfFormingGoo","floor":6,"key":"SMITH"},{"floor":10,"key":"REST"},{"floor":13,"key":"REST"}],"circlet_count":0,"master_deck":["Slimebound:Strike_Slimebound","Slimebound:Strike_Slimebound","Slimebound:Tackle","Slimebound:Defend_Slimebound","Slimebound:Defend_Slimebound","Slimebound:Defend_Slimebound","Slimebound:Defend_Slimebound","Slimebound:Split","Slimebound:CorrosiveSpit","Slimebound:SelfFormingGoo+1","Slimebound:HauntingLick","Slimebound:Schlurp","Slimebound:Repurpose","Slimebound:MegaLick","Doubt","Slimebound:LeechEnergy","Slimebound:RejuvenatingLick","Slimebound:SplitMire"],"relics":["Slimebound:AbsorbEndCombat","downfall:HeartBlessingRed","Ancient Tea Set","Smiling Mask","Boot"],"acts_visited":["Exordium"],"potions_floor_usage":[8,12],"damage_taken":[{"damage":4,"enemies":"Cultist","floor":2,"turns":3},{"damage":8,"enemies":"Small Slimes","floor":3,"turns":4},{"damage":12,"enemies":"Jaw Worm","floor":5,"turns":4},{"damage":47,"enemies":"Gremlin Nob","floor":8,"turns":5},{"damage":7,"enemies":"Gremlin Gang","floor":11,"turns":6},{"damage":32,"enemies":"3 Sentries","floor":12,"turns":9},{"damage":11,"enemies":"3 Louse","floor":14,"turns":4},{"damage":18,"enemies":"2 Fungi Beasts","floor":15,"turns":4},{"damage":78,"enemies":"downfall:Watcher","floor":16,"turns":12}],"seed_played":"1905921994191508796","potions_obtained":[{"floor":2,"key":"ColorlessPotion"},{"floor":8,"key":"Fire Potion"},{"floor":12,"key":"Energy Potion"},{"floor":14,"key":"Strength Potion"}],"is_trial":false,"path_per_floor":["R","M","M","?","M","R","T","E","?","R","M","E","R","M","M","B"],"character_chosen":"SLIMEBOUND","items_purchased":[],"campfire_rested":2,"item_purchase_floors":[],"current_hp_per_floor":[60,60,60,60,56,56,56,21,21,39,44,30,48,47,41,0,0,0],"gold":373,"neow_bonus":"ONE_RANDOM_RARE_CARD","is_daily":false,"chose_seed":false,"campfire_upgraded":1,"win_rate":0.0,"timestamp":1609423474,"path_taken":["R","M","M","?","M","R","T","E","?","R","?","E","R","?","M","BOSS"],"items_purchased_type":[],"build_version":"2020-12-22","purchased_purges":0,"victory":false,"max_hp_per_floor":[60,60,60,60,60,60,60,60,60,60,60,60,60,60,60,60,60,60],"card_choices":[{"not_picked":["Slimebound:Grow","Slimebound:PressTheAttack"],"picked":"Slimebound:HauntingLick","floor":2},{"not_picked":["Slimebound:ProtectTheBoss","Slimebound:GoopSpray"],"picked":"Slimebound:Schlurp","floor":3},{"not_picked":["Slimebound:SplitAcid","Slimebound:PressTheAttack"],"picked":"Slimebound:Repurpose","floor":5},{"not_picked":["Slimebound:SlimeSpikes","Slimebound:Recollect"],"picked":"Slimebound:MegaLick","floor":8},{"not_picked":["Slimebound:Nibble","Slimebound:ViciousTackle"],"picked":"Slimebound:LeechEnergy","floor":11},{"not_picked":["Slimebound:ViciousTackle","Slimebound:ItLooksTasty"],"picked":"Slimebound:RejuvenatingLick","floor":12},{"not_picked":["Slimebound:PressTheAttack","Slimebound:SplitAcid"],"picked":"Slimebound:SplitMire","floor":14},{"not_picked":["Slimebound:Recollect","Slimebound:LeechEnergy","Slimebound:RollThrough"],"picked":"SKIP","floor":15}],"player_experience":787828,"relics_obtained":[{"floor":7,"key":"Ancient Tea Set"},{"floor":8,"key":"Smiling Mask"},{"floor":12,"key":"Boot"}],"event_choices":[],"is_beta":false,"boss_relics":[],"items_purged_floors":[],"is_endless":false,"potions_floor_spawned":[2,8,12,14],"killed_by":"downfall:Watcher","ascension_level":2}}