{"host":"illcitrm55wwsa0m","time":1609442433,"event":{"mods":["AchievementEnabler","BaseMod","Colored Map","Minty Spire (QoL Compilation)","Quick Restart"],"gold_per_floor":[112,125,144,155,167,167,19,19,46,66,105,125,125,139,139,139,139],"floor_reached":16,"playtime":1117,"items_purged":["Strike_R"],"score":111,"play_id":"29999f50-b2e1-40e6-9064-724c2b326658","local_time":"20201231202033","is_ascension_mode":true,"campfire_choices":[{"floor":6,"key":"REST"},{"data":"Whirlwind","floor":13,"key":"SMITH"},{"floor":15,"key":"REST"}],"circlet_count":0,"master_deck":["Strike_R","Strike_R","Strike_R","Strike_R","Defend_R","Defend_R","Defend_R","Defend_R","Bash","True Grit","Spot Weakness","Ghostly Armor","Iron Wave","Flame Barrier","Whirlwind+1","Pommel Strike","Body Slam"],"relics":["Burning Blood","Tiny Chest","Golden Idol","Blood Vial"],"acts_visited":["Exordium"],"potions_floor_usage":[11,11,11,11,14,14,16],"damage_taken":[{"damage":0,"enemies":"Small Slimes","floor":1,"turns":3},{"damage":12,"enemies":"2 Louse","floor":2,"turns":3},{"damage":10,"enemies":"Jaw Worm","floor":3,"turns":7},{"damage":19,"enemies":"Lots of Slimes","floor":4,"turns":6},{"damage":43,"enemies":"Exordium Thugs","floor":5,"turns":8},{"damage":2,"enemies":"Blue Slaver","floor":10,"turns":4},{"damage":12,"enemies":"Gremlin Nob","floor":11,"turns":4},{"damage":4,"enemies":"2 Fungi Beasts","floor":12,"turns":4},{"damage":0,"enemies":"Lots of Slimes","floor":14,"turns":2},{"damage":61,"enemies":"The Guardian","floor":16,"turns":12}],"seed_played":"-6269355927891807101","potions_obtained":[{"floor":1,"key":"Ancient Potion"},{"floor":2,"key":"EntropicBrew"},{"floor":5,"key":"AttackPotion"},{"floor":12,"key":"PowerPotion"}],"is_trial":false,"path_per_floor":["M","M","M","M","M","R","$","?","T","M","E","M","R","M","R","B"],"character_chosen":"IRONCLAD","items_purchased":["Flame Barrier"],"campfire_rested":2,"item_purchase_floors":[7],"current_hp_per_floor":[80,74,70,57,20,44,44,24,24,28,22,26,26,34,58,0,0],"gold":139,"neow_bonus":"RANDOM_COMMON_RELIC","is_daily":false,"chose_seed":false,"campfire_upgraded":1,"win_rate":0.0,"timestamp":1609442433,"path_taken":["M","M","M","M","M","R","$","?","T","M","E","M","R","M","R","BOSS"],"items_purchased_type":["Card"],"build_version":"2020-12-22","purchased_purges":1,"victory":false,"max_hp_per_floor":[80,80,80,80,80,80,80,80,80,80,80,80,80,80,80,80,80],"card_choices":[{"not_picked":["Bloodletting","Anger"],"picked":"True Grit","floor":1},{"not_picked":["Uppercut","Carnage"],"picked":"Spot Weakness","floor":2},{"not_picked":["Feel No Pain","Clothesline","Power Through"],"picked":"SKIP","floor":3},{"not_picked":["Burning Pact","Dual Wield"],"picked":"Ghostly Armor","floor":4},{"not_picked":["Blood for Blood","Perfected Strike"],"picked":"Iron Wave","floor":5},{"not_picked":["Intimidate","Dropkick"],"picked":"Whirlwind","floor":10},{"not_picked":["Sword Boomerang","Havoc"],"picked":"Pommel Strike","floor":11},{"not_picked":["Blood for Blood","Rage"],"picked":"Body Slam","floor":12},{"not_picked":["Immolate","Intimidate","Rupture"],"picked":"SKIP","floor":14}],"player_experience":99441,"relics_obtained":[{"floor":11,"key":"Blood Vial"}],"event_choices":[{"damage_healed":0,"gold_gain":0,"player_choice":"Take Damage","damage_taken":20,"relics_obtained":["Golden Idol"],"max_hp_gain":0,"max_hp_loss":0,"event_name":"Golden Idol","floor":8,"gold_loss":0}],"is_beta":false,"boss_relics":[],"items_purged_floors":[7],"is_endless":false,"potions_floor_spawned":[1,2,5,10,12],"killed_by":"The Guardian","ascension_level":1}}