{"host":"82vjcvwyw2j7afb1","time":1609438933,"event":{"mods":["BaseMod","Colored Map","DeckTracker","Keyboard Shortcuts","Minty Spire (QoL Compilation)","Permanent Neow","Quick Restart","StSLib","SuperFastMode","everything is the same but u backflip on backflip"],"gold_per_floor":[110,130,130,149,167,167,185,185,197,238,263,34,34,51,51,154,154,174,190,190,209,209,209,209,209,209,209,219,247,162,187,187,289,289,299,2,13,13,30,57,57,138,138,171,184,184,62,94,94,94],"floor_reached":51,"playtime":2419,"items_purged":["Dagger Throw","Outmaneuver+1"],"score":980,"play_id":"2ff9a390-31d2-4003-8534-29c8c10a9da7","local_time":"20210101032213","daily_mods":["Draft","Heirloom"],"is_ascension_mode":false,"campfire_choices":[{"data":"Cloak And Dagger","floor":6.0,"key":"SMITH"},{"data":"Cloak And Dagger","floor":13.0,"key":"SMITH"},{"floor":15.0,"key":"REST"},{"data":"Infinite Blades","floor":23.0,"key":"SMITH"},{"data":"Terror","floor":25.0,"key":"SMITH"},{"data":"Cloak And Dagger","floor":27.0,"key":"SMITH"},{"data":"Concentrate","floor":32.0,"key":"SMITH"},{"data":"Escape Plan","floor":41.0,"key":"SMITH"},{"data":"Well Laid Plans","floor":46.0,"key":"SMITH"},{"floor":49,"key":"REST"}],"circlet_count":0,"master_deck":["Blade Dance+1","Escape Plan+1","Acrobatics+1","Prepared+1","PiercingWail+1","Finisher+1","Backflip+1","Blade Dance+1","Tactician+1","Accuracy+1","Terror+1","Cloak And Dagger+1","Concentrate+1","Cloak And Dagger+1","Backstab+1","Infinite Blades+1","Cloak And Dagger+1","Choke+1","Reflex+1","Escape Plan+1","Storm of Steel+1","Accuracy+1","Escape Plan+1","Backstab+1","Well Laid Plans+1"],"relics":["Ring of the Snake","Turnip","MawBank","Singing Bowl","InkBottle","Bottled Tornado","Empty Cage","Gremlin Horn","HornCleat","Meat on the Bone","Red Mask","Sozu","Membership Card","Oddly Smooth Stone","Mark of the Bloom","Bird Faced Urn","StrikeDummy","White Beast Statue","Bronze Scales","Ancient Tea Set","Frozen Egg 2"],"acts_visited":["Exordium","TheCity","TheBeyond"],"potions_floor_usage":[],"damage_taken":[{"damage":0.0,"enemies":"2 Louse","floor":1.0,"turns":1.0},{"damage":5.0,"enemies":"Small Slimes","floor":2.0,"turns":2.0},{"damage":6.0,"enemies":"Jaw Worm","floor":4.0,"turns":2.0},{"damage":1.0,"enemies":"Exordium Wildlife","floor":5.0,"turns":3.0},{"damage":7.0,"enemies":"Looter","floor":7.0,"turns":2.0},{"damage":6.0,"enemies":"3 Sentries","floor":10.0,"turns":4.0},{"damage":3.0,"enemies":"2 Fungi Beasts","floor":11.0,"turns":2.0},{"damage":0.0,"enemies":"Large Slime","floor":14.0,"turns":2.0},{"damage":1.0,"enemies":"Hexaghost","floor":16.0,"turns":4.0},{"damage":0.0,"enemies":"Spheric Guardian","floor":18.0,"turns":2.0},{"damage":4.0,"enemies":"Chosen","floor":19.0,"turns":3.0},{"damage":2.0,"enemies":"3 Cultists","floor":21.0,"turns":3.0},{"damage":4.0,"enemies":"Cultist and Chosen","floor":28.0,"turns":3.0},{"damage":6.0,"enemies":"Book of Stabbing","floor":29.0,"turns":3.0},{"damage":0.0,"enemies":"Masked Bandits","floor":31.0,"turns":2.0},{"damage":0.0,"enemies":"Automaton","floor":33.0,"turns":4.0},{"damage":5.0,"enemies":"Orb Walker","floor":35.0,"turns":2.0},{"damage":0.0,"enemies":"3 Shapes","floor":37.0,"turns":3.0},{"damage":0.0,"enemies":"Maw","floor":39.0,"turns":2.0},{"damage":0.0,"enemies":"Reptomancer","floor":40.0,"turns":2.0},{"damage":0.0,"enemies":"Nemesis","floor":44.0,"turns":1.0},{"damage":0.0,"enemies":"3 Darklings","floor":45.0,"turns":2.0},{"damage":0,"enemies":"Reptomancer","floor":48,"turns":2},{"damage":0,"enemies":"Donu and Deca","floor":50,"turns":3}],"seed_played":"7213008768339579677","potions_obtained":[{"floor":1.0,"key":"FairyPotion"},{"floor":2.0,"key":"Dexterity Potion"},{"floor":14.0,"key":"Dexterity Potion"},{"floor":16.0,"key":"Ancient Potion"},{"floor":19.0,"key":"BlessingOfTheForge"},{"floor":29.0,"key":"Dexterity Potion"},{"floor":33.0,"key":"Regen Potion"}],"is_trial":true,"path_per_floor":["M","M","?","M","M","R","M","?","T","E","M","$","R","M","R","B",null,"M","M","?","M","?","R","?","R","T","R","M","E","?","?","R","B",null,"M","$","M","?","M","E","R","T","T","E","M","R","$","E","R","B",null],"character_chosen":"THE_SILENT","items_purchased":["Bottled Tornado","Membership Card","Oddly Smooth Stone","Accuracy","Ancient Tea Set"],"campfire_rested":2,"item_purchase_floors":[12,36,36,36,47],"current_hp_per_floor":[70,65,65,59,58,58,51,51,51,45,44,44,44,44,65,66,74,76,72,72,70,70,70,70,70,70,70,68,62,62,64,64,64,80,77,77,79,79,79,79,79,79,79,79,79,79,79,79,79,79],"gold":94,"neow_bonus":"","is_daily":false,"chose_seed":false,"campfire_upgraded":8,"win_rate":0.0,"timestamp":1609438933,"path_taken":["M","M","?","M","M","R","M","?","T","E","M","?","R","M","R","BOSS","M","M","?","M","?","R","?","R","T","R","M","E","?","?","R","BOSS","M","$","M","?","M","E","R","?","T","E","?","R","?","E","R","BOSS"],"items_purchased_type":["Relic","Relic","Relic","Card","Relic"],"build_version":"2020-12-22","purchased_purges":2,"victory":true,"max_hp_per_floor":[70,70,70,70,70,70,70,70,70,70,72,72,72,72,72,74,74,76,76,76,76,76,76,76,76,76,76,78,78,78,80,80,80,80,82,82,84,84,86,86,86,86,86,86,86,86,86,88,88,88],"card_choices":[{"not_picked":["All Out Attack","PiercingWail"],"picked":"Blade Dance","floor":0.0},{"not_picked":["Catalyst","Expertise"],"picked":"Escape Plan","floor":0.0},{"not_picked":["PiercingWail","Flying Knee"],"picked":"Acrobatics","floor":0.0},{"not_picked":["Poisoned Stab","Deadly Poison"],"picked":"Quick Slash","floor":0.0},{"not_picked":["Footwork","Outmaneuver"],"picked":"Prepared","floor":0.0},{"not_picked":["Eviscerate","Predator"],"picked":"PiercingWail","floor":0.0},{"not_picked":["Bane","Flying Knee"],"picked":"Finisher","floor":0.0},{"not_picked":["Slice","PiercingWail"],"picked":"Quick Slash","floor":0.0},{"not_picked":["Sucker Punch","Escape Plan"],"picked":"Backflip","floor":0.0},{"not_picked":["Reflex","Outmaneuver"],"picked":"Dagger Throw","floor":0.0},{"not_picked":["Sucker Punch","Eviscerate"],"picked":"Blade Dance","floor":0.0},{"not_picked":["Endless Agony","Quick Slash"],"picked":"Tactician","floor":0.0},{"not_picked":["Poisoned Stab","Slice"],"picked":"Outmaneuver","floor":0.0},{"not_picked":["Deadly Poison","Well Laid Plans"],"picked":"Accuracy","floor":0.0},{"not_picked":["Slice","Dagger Spray"],"picked":"Terror","floor":0.0},{"not_picked":["Endless Agony","Noxious Fumes"],"picked":"Dagger Throw","floor":1.0},{"not_picked":["Eviscerate","Skewer","Dagger Throw"],"picked":"SKIP","floor":2.0},{"not_picked":["Sucker Punch","Flechettes"],"picked":"Cloak And Dagger","floor":4.0},{"not_picked":["Eviscerate","Crippling Poison"],"picked":"Concentrate","floor":5.0},{"not_picked":["Catalyst","Acrobatics"],"picked":"Cloak And Dagger","floor":7.0},{"not_picked":["Blur","Expertise"],"picked":"Backstab","floor":10.0},{"not_picked":["Outmaneuver","Riddle With Holes","Slice"],"picked":"Singing Bowl","floor":11.0},{"not_picked":["Blade Dance","Terror"],"picked":"Infinite Blades","floor":14.0},{"not_picked":["Venomology","Unload","Burst"],"picked":"Singing Bowl","floor":16.0},{"not_picked":["Acrobatics+1","Deflect","Slice+1"],"picked":"Singing Bowl","floor":18.0},{"not_picked":["Backstab","Terror"],"picked":"Cloak And Dagger","floor":19.0},{"not_picked":["Deadly Poison","Setup"],"picked":"Choke","floor":21.0},{"not_picked":["All Out Attack+1","Tools of the Trade","Bane"],"picked":"Singing Bowl","floor":28.0},{"not_picked":["Slice","Infinite Blades"],"picked":"Escape Plan","floor":29.0},{"not_picked":["Dagger Spray","Bane+1","Sucker Punch"],"picked":"Singing Bowl","floor":31.0},{"not_picked":["Die Die Die","A Thousand Cuts"],"picked":"Storm of Steel","floor":33.0},{"not_picked":["Choke+1","Backflip+1","Underhanded Strike"],"picked":"Singing Bowl","floor":35.0},{"not_picked":["Bane+1","Flying Knee","Eviscerate+1"],"picked":"Singing Bowl","floor":37.0},{"not_picked":["Deflect+1","Poisoned Stab","Dagger Throw+1"],"picked":"Singing Bowl","floor":39.0},{"not_picked":["A Thousand Cuts","Sucker Punch"],"picked":"Escape Plan","floor":40.0},{"not_picked":["Bouncing Flask+1","Flechettes+1"],"picked":"Backstab+1","floor":44.0},{"not_picked":["Bane+1","Blade Dance+1"],"picked":"Well Laid Plans","floor":45.0},{"not_picked":["Outmaneuver+1","All Out Attack+1","Masterful Stab"],"picked":"Singing Bowl","floor":48}],"player_experience":37529,"relics_obtained":[{"floor":9.0,"key":"Singing Bowl"},{"floor":10.0,"key":"InkBottle"},{"floor":26.0,"key":"Gremlin Horn"},{"floor":29.0,"key":"HornCleat"},{"floor":31.0,"key":"Red Mask"},{"floor":40.0,"key":"Bird Faced Urn"},{"floor":42.0,"key":"StrikeDummy"},{"floor":43.0,"key":"White Beast Statue"},{"floor":44.0,"key":"Bronze Scales"},{"floor":48,"key":"Frozen Egg 2"}],"event_choices":[{"damage_healed":0.0,"max_hp_gain":0.0,"max_hp_loss":0.0,"gold_gain":0.0,"event_name":"Living Wall","player_choice":"Grow","floor":3.0,"gold_loss":0.0,"damage_taken":0.0,"cards_upgraded":["Accuracy"]},{"damage_healed":0.0,"max_hp_gain":0.0,"max_hp_loss":0.0,"gold_gain":0.0,"event_name":"Dead Adventurer","player_choice":"Searched \u00272\u0027 times","floor":8.0,"gold_loss":0.0,"damage_taken":0.0,"relics_obtained":["MawBank"]},{"cards_removed":["Dagger Throw"],"damage_healed":0.0,"max_hp_gain":0.0,"max_hp_loss":0.0,"gold_gain":0.0,"event_name":"Back to Basics","player_choice":"Elegance","floor":20.0,"gold_loss":0.0,"damage_taken":0.0},{"damage_healed":0.0,"max_hp_gain":0.0,"max_hp_loss":0.0,"gold_gain":0.0,"event_name":"Ghosts","player_choice":"Ignored","floor":22.0,"gold_loss":0.0,"damage_taken":0.0},{"damage_healed":0.0,"max_hp_gain":0.0,"max_hp_loss":0.0,"gold_gain":0.0,"event_name":"The Library","player_choice":"Read","floor":24.0,"gold_loss":0.0,"damage_taken":0.0,"cards_obtained":["Reflex"]},{"damage_healed":0.0,"max_hp_gain":0.0,"max_hp_loss":0.0,"gold_gain":0.0,"event_name":"Addict","player_choice":"Obtained Relic","floor":30.0,"gold_loss":85.0,"damage_taken":0.0,"relics_obtained":["Meat on the Bone"]},{"damage_healed":0.0,"max_hp_gain":0.0,"max_hp_loss":0.0,"gold_gain":0.0,"event_name":"Masked Bandits","player_choice":"Fought Bandits","floor":31.0,"gold_loss":0.0,"damage_taken":0.0},{"damage_healed":0.0,"max_hp_gain":0.0,"max_hp_loss":0.0,"gold_gain":0.0,"event_name":"MindBloom","player_choice":"Upgrade","floor":38.0,"gold_loss":0.0,"damage_taken":0.0,"cards_upgraded":["Blade Dance","Escape Plan","Acrobatics","Prepared","PiercingWail","Finisher","Backflip","Blade Dance","Tactician","Outmaneuver","Backstab","Choke","Reflex","Escape Plan","Storm of Steel","Accuracy"],"relics_obtained":["Mark of the Bloom"]}],"is_beta":false,"boss_relics":[{"not_picked":["Velvet Choker","Runic Dome"],"picked":"Empty Cage"},{"not_picked":["Black Star","SacredBark"],"picked":"Sozu"}],"items_purged_floors":[36,47],"is_endless":false,"potions_floor_spawned":[1,2,14,16,19,29,33,44,45,48],"ascension_level":0}}