{"host":"hjw1ay65n7jm40lc","time":1609391683,"event":{"mods":["AchievementEnabler","BaseMod","Block Reminder","Colored Map","Colored Powertips","Downfall","Googly Eyes","Highlight Path","Minty Spire (QoL Compilation)","Quick Restart","Relic Stats","StSLib"],"gold_per_floor":[99,109,122,138,44,77,77,95,126,126,126,276,131,144,161,232,232,232,246,259,259,359,379,402,419,438,438,438,438],"floor_reached":27,"playtime":2147,"items_purged":["Doubt"],"score":431,"play_id":"add945db-9cf0-47bc-b4fd-b301bee9d44a","local_time":"20201231001443","is_ascension_mode":true,"campfire_choices":[{"data":"Guardian:TwinSlam","floor":1,"key":"SMITH"},{"data":"Guardian:MultiBeam","floor":10,"key":"SMITH"},{"data":"Guardian:FuturePlans","floor":18,"key":"SMITH"}],"circlet_count":0,"master_deck":["AscendersBane","Guardian:Strike_Guardian","Guardian:Defend_Guardian","Guardian:Defend_Guardian","Guardian:Defend_Guardian","Guardian:Defend_Guardian","Guardian:CurlUp","Guardian:TwinSlam+1","Guardian:PiercingHide","Guardian:DonusPower","Guardian:PolyBeam","Guardian:MultiBeam+1","Guardian:FastForward","Guardian:FuturePlans+1","Guardian:PrimingBeam","Guardian:TimeSifter","Guardian:Recover","Guardian:Orbwalk","Guardian:Reroute"],"relics":["Runic Dome","Ornamental Fan","Ginger","Bottled Flame","Empty Cage","FossilizedHelix","Pantograph","Lantern"],"acts_visited":["Exordium","TheCity"],"potions_floor_usage":[9,19,22,26],"damage_taken":[{"damage":2,"enemies":"Small Slimes","floor":2,"turns":3},{"damage":0,"enemies":"Jaw Worm","floor":3,"turns":4},{"damage":0,"enemies":"2 Louse","floor":4,"turns":3},{"damage":0,"enemies":"downfall:FleeingMerchant","floor":5,"turns":4},{"damage":23,"enemies":"Lagavulin","floor":6,"turns":6},{"damage":4,"enemies":"Blue Slaver","floor":8,"turns":3},{"damage":15,"enemies":"3 Sentries","floor":9,"turns":7},{"damage":2,"enemies":"downfall:FleeingMerchant","floor":13,"turns":4},{"damage":0,"enemies":"2 Fungi Beasts","floor":14,"turns":1},{"damage":0,"enemies":"3 Louse","floor":15,"turns":1},{"damage":17,"enemies":"downfall:Silent","floor":16,"turns":6},{"damage":0,"enemies":"3 Byrds","floor":19,"turns":3},{"damage":21,"enemies":"Shell Parasite","floor":20,"turns":4},{"damage":39,"enemies":"downfall:Defect","floor":22,"turns":6},{"damage":0,"enemies":"3 Cultists","floor":23,"turns":3},{"damage":0,"enemies":"Snecko","floor":25,"turns":3},{"damage":0,"enemies":"Snake Plant","floor":26,"turns":3},{"damage":21,"enemies":"Slavers","floor":27,"turns":1}],"seed_played":"-4854341692080418341","potions_obtained":[{"floor":2,"key":"AttackPotion"},{"floor":3,"key":"FairyPotion"},{"floor":20,"key":"Energy Potion"},{"floor":23,"key":"sneckomod:MuddlingPotion"},{"floor":25,"key":"Guardian:DefensiveModePotion"}],"is_trial":false,"path_per_floor":["R","M","M","M","$","E","T","M","E","R","?","?","$","M","M","B",null,"R","M","M","?","?","M","T","M","M","E"],"character_chosen":"GUARDIAN","items_purchased":["Guardian:MultiBeam","SteroidPotion"],"campfire_rested":0,"item_purchase_floors":[5,13],"current_hp_per_floor":[65,63,63,63,63,40,40,36,21,21,21,21,19,19,19,2,55,55,55,34,34,18,18,18,18,18,0,0,0],"gold":438,"neow_bonus":"BOSS_RELIC","is_daily":false,"chose_seed":false,"campfire_upgraded":3,"win_rate":0.0,"timestamp":1609391683,"path_taken":["R","M","M","M","$","E","T","M","E","R","?","?","?","M","M","BOSS","R","M","M","?","?","M","T","M","M","E"],"items_purchased_type":["Card","Potion"],"build_version":"2020-12-22","purchased_purges":1,"victory":false,"max_hp_per_floor":[72,72,72,72,72,72,72,72,72,72,72,72,72,72,72,72,72,72,72,72,72,72,72,72,72,72,72,72,72],"relic_stats":{"counters":[18,65],"Ornamental Fan":[28],"Pantograph":0,"Ginger":[9],"obtain_stats":[{"Runic Dome":0,"Bottled Flame":9,"Lantern":24,"Ornamental Fan":6,"Pantograph":22,"Guardian:ModeShifter":0,"Ginger":7,"Empty Cage":17,"FossilizedHelix":22},{"Runic Dome":0,"Bottled Flame":7,"Lantern":15,"Ornamental Fan":5,"Pantograph":14,"Guardian:ModeShifter":0,"Ginger":5,"Empty Cage":11,"FossilizedHelix":14},{"Runic Dome":0,"Bottled Flame":30,"Lantern":58,"Ornamental Fan":20,"Pantograph":55,"Guardian:ModeShifter":0,"Ginger":20,"Empty Cage":42,"FossilizedHelix":55}]},"card_choices":[{"not_picked":["Guardian:BronzeArmor","Guardian:Gem_Red"],"picked":"Guardian:PiercingHide","floor":2},{"not_picked":["Guardian:VentSteam","Guardian:Clone"],"picked":"Guardian:DonusPower","floor":3},{"not_picked":["Guardian:TemporalStrike","Guardian:Incinerate"],"picked":"Guardian:Gem_White","floor":4},{"not_picked":["Guardian:WalkerClaw","Guardian:TimeBomb"],"picked":"Guardian:PolyBeam","floor":5},{"not_picked":["Guardian:ChargeCore","Guardian:MultiBeam","Guardian:Gem_Red"],"picked":"SKIP","floor":6},{"not_picked":["Guardian:Suspension","Guardian:Gem_Cyan","Guardian:Gem_Red"],"picked":"SKIP","floor":8},{"not_picked":["Guardian:Gem_Lightblue","Guardian:ChargeCore"],"picked":"Guardian:FastForward","floor":9},{"not_picked":["Guardian:Suspension","Guardian:Gem_Lightblue"],"picked":"Guardian:FuturePlans","floor":13},{"not_picked":["Guardian:ChargeUp","Guardian:Gem_Yellow"],"picked":"Guardian:Gem_Blue","floor":14},{"not_picked":["Guardian:TemporalStrike","Guardian:Incinerate"],"picked":"Guardian:PrimingBeam","floor":15},{"not_picked":["Guardian:BaubleBeam","Guardian:HyperBeam_Guardian"],"picked":"Guardian:TimeSifter","floor":16},{"not_picked":["Guardian:Incinerate","Guardian:Gem_Green"],"picked":"Guardian:Recover","floor":19},{"not_picked":["Guardian:FloatingOrbs","Guardian:ChargeCore"],"picked":"Guardian:Orbwalk","floor":20},{"not_picked":["Guardian:WalkerClaw","Guardian:Gem_Yellow"],"picked":"Guardian:Reroute","floor":23},{"not_picked":["Guardian:RollAttack","Guardian:Gem_Purple","Guardian:TemporalStrike"],"picked":"SKIP","floor":25},{"not_picked":["Guardian:FastForward","Guardian:VentSteam","Guardian:ChargeCore"],"picked":"SKIP","floor":26}],"player_experience":648277,"relics_obtained":[{"floor":6,"key":"Ornamental Fan"},{"floor":7,"key":"Ginger"},{"floor":9,"key":"Bottled Flame"},{"floor":22,"key":"FossilizedHelix"},{"floor":22,"key":"Pantograph"},{"floor":24,"key":"Lantern"}],"event_choices":[],"is_beta":false,"boss_relics":[{"not_picked":["Tiny House","Philosopher\u0027s Stone"],"picked":"Empty Cage"}],"items_purged_floors":[13],"is_endless":false,"potions_floor_spawned":[2,3,6,8,14,20,23,25],"killed_by":"Slavers","ascension_level":18}}