{"host":"ibfpjm2kz059o009","time":1609437819,"event":{"mods":["AchievementEnabler","BaseMod","Block Reminder","Colored Powertips","DeckTracker","Googly Eyes","Key Reminder","Minty Spire (QoL Compilation)","Shop Mod","Unceasing Turn Reminder"],"gold_per_floor":[109,126,126,201,376,376,408,422,445,456,17,17,17,17,17,17,17],"floor_reached":16,"playtime":492,"items_purged":[],"score":108,"play_id":"d24d7f28-7961-4505-b47d-23c72a3050e9","local_time":"20201231130339","is_ascension_mode":true,"campfire_choices":[{"floor":6,"key":"REST"},{"floor":13,"key":"REST"},{"floor":15,"key":"RECALL"}],"circlet_count":0,"master_deck":["Strike_G","Strike_G","Strike_G","Strike_G","Strike_G","Defend_G","Defend_G","Defend_G","Defend_G","Defend_G+1","Survivor","Neutralize","Noxious Fumes","Poisoned Stab+1","Doubt","Bouncing Flask","Poisoned Stab","Dagger Spray","Deadly Poison","Riddle With Holes"],"relics":["Ring of the Snake","Juzu Bracelet","Regal Pillow","ClockworkSouvenir"],"acts_visited":["Exordium"],"potions_floor_usage":[],"damage_taken":[{"damage":2,"enemies":"Cultist","floor":1,"turns":5},{"damage":4,"enemies":"Small Slimes","floor":2,"turns":4},{"damage":43,"enemies":"3 Sentries","floor":7,"turns":7},{"damage":1,"enemies":"2 Louse","floor":8,"turns":3},{"damage":14,"enemies":"Looter","floor":10,"turns":3},{"damage":55,"enemies":"Slime Boss","floor":16,"turns":5}],"seed_played":"263174145335247791","potions_obtained":[{"floor":2,"key":"BlessingOfTheForge"},{"floor":7,"key":"FearPotion"}],"is_trial":false,"path_per_floor":["M","M","?","?","?","R","E","M","T","M","$","?","R","$","R","B"],"character_chosen":"THE_SILENT","items_purchased":["Regal Pillow","ClockworkSouvenir","Deadly Poison","Riddle With Holes"],"campfire_rested":2,"item_purchase_floors":[11,11,11,11],"current_hp_per_floor":[75,71,56,45,45,68,25,24,24,10,10,15,54,54,54,0,0],"gold":17,"neow_bonus":"TEN_PERCENT_HP_BONUS","is_daily":false,"chose_seed":false,"campfire_upgraded":0,"win_rate":0.0,"timestamp":1609437819,"path_taken":["M","?","?","?","?","R","E","M","T","M","$","?","R","$","R","BOSS"],"items_purchased_type":["Relic","Relic","Card","Card"],"build_version":"2020-12-22","purchased_purges":0,"victory":false,"max_hp_per_floor":[77,77,77,77,77,77,77,77,77,77,77,82,82,82,82,82,82],"card_choices":[{"not_picked":["Sucker Punch","Dodge and Roll"],"picked":"Noxious Fumes","floor":1},{"not_picked":["Blade Dance","Quick Slash"],"picked":"Poisoned Stab","floor":2},{"not_picked":["Bane","Skewer"],"picked":"Bouncing Flask","floor":7},{"not_picked":["Backflip","Accuracy"],"picked":"Poisoned Stab","floor":8},{"not_picked":["Dodge and Roll","Terror"],"picked":"Dagger Spray","floor":10}],"player_experience":597683,"relics_obtained":[{"floor":7,"key":"Juzu Bracelet"}],"event_choices":[{"damage_healed":0,"gold_gain":0,"player_choice":"Entered Light","damage_taken":15,"max_hp_gain":0,"max_hp_loss":0,"event_name":"Shining Light","floor":3,"gold_loss":0,"cards_upgraded":["Poisoned Stab","Defend_G"]},{"damage_healed":0,"gold_gain":75,"player_choice":"Gather Gold","damage_taken":11,"max_hp_gain":0,"max_hp_loss":0,"event_name":"World of Goop","floor":4,"gold_loss":0},{"damage_healed":0,"gold_gain":175,"player_choice":"AGREE","damage_taken":0,"max_hp_gain":0,"max_hp_loss":0,"event_name":"Liars Game","floor":5,"gold_loss":0,"cards_obtained":["Doubt"]},{"damage_healed":0,"gold_gain":0,"player_choice":"Donut","damage_taken":0,"max_hp_gain":5,"max_hp_loss":0,"event_name":"Big Fish","floor":12,"gold_loss":0}],"is_beta":false,"boss_relics":[],"items_purged_floors":[],"is_endless":false,"potions_floor_spawned":[2,7],"killed_by":"Slime Boss","ascension_level":2}}