{"host":"ggy1mjjy92c62u6a","time":1609415101,"event":{"mods":["10 clothes from DAL","ATMod(阿瑾Mod)","BaseMod","LazyManMod","Minty Spire (QoL Compilation)","NanayaShiki（七夜志贵）","Shop Mod","Spicy Shops","StSLib","TestMod","[功能]功能增强和修复MOD","【功能Mod】混沌之环修复补丁","【遗物卡牌】REMEMod"],"gold_per_floor":[116,116,116,135,135,162,190,219,219,253,309,205,236,264,264,362,362,381,315,315,284,253,253,281,315,315,365,365,391,424,452,452,561,561,573,622,687,698,709,744,784,822,833,869,952,1019,1385,1497,1508,1567],"floor_reached":51,"playtime":2151,"items_purged":["E7","U","R","M"],"score":2452,"play_id":"d616f1af-eeb9-45ab-bf7c-579b3ad7c711","local_time":"20201231194501","daily_mods":["SealedDeck","Heirloom","Flight","Elite Swarm"],"is_ascension_mode":true,"campfire_choices":[{"data":"F1","floor":15,"key":"SMITH"},{"data":"F1","floor":23,"key":"SMITH"},{"data":"E10","floor":28,"key":"SMITH"},{"data":"xibao","floor":32,"key":"SMITH"},{"data":"1","floor":49,"key":"LIFT"}],"circlet_count":0,"master_deck":["E12","W","xibao+1","N+1","F1+1","xibao","F1+1","aa","K","D1","X","E10+1","bb","E13","Q+1"],"relics":["youmenomizu","nanaya","REME_ComplimentaryCards","testmod-TestBox","testmod-CyclicPeriapt","AT_BellowingDragoncrestRing","Rsagi","dwlrmod:ProjectRecorder","testmod-IntensifyImprint","Happy Flower","Bottled Flame","DALC_EIGHT","AT_BellDemon","MerchantsRug","REME_HourglassOfDeath","testmod-Faith","testmod-RealStoneCalender","AT_Kusabimaru","Letter Opener","Gambling Chip","Dream Catcher","testmod-CardMagician","testmod-Charity","Bottled Lightning","TentaclePot:ReiMu","Juzu Bracelet","Lee\u0027s Waffle","Ancient Tea Set","Ornamental Fan","Nunchaku","AT_RedNoBalance","CeramicFish","testmod-InjuryResistance","testmod-Déjàvu","AT_RedTearstoneRing","testmod-OneHitWonder","Anchor","AT_DeathDance","Bottled Tornado","AT_ChloranthyRing","Toxic Egg 2","AT_TrinityForce","Potion Belt","Girya","MawBank","Mango","Centennial Puzzle","testmod-TheFather","testmod-Hope","testmod-Muramasa","testmod-IndustrialRevolution","War Paint","StrikeDummy","Meat on the Bone","AT_MibuBalloonWealth","Vajra","Mummified Hand","REME_HandOfSuture","Unceasing Top","Old Coin","Ginger","Molten Egg 2","Frozen Egg 2"],"acts_visited":["Exordium","TheCity","TheBeyond"],"potions_floor_usage":[11,33],"damage_taken":[{"damage":17,"enemies":"Small Slimes","floor":1,"turns":3},{"damage":0,"enemies":"Jaw Worm","floor":4,"turns":5},{"damage":4,"enemies":"Gremlin Nob","floor":6,"turns":4},{"damage":5,"enemies":"3 Sentries","floor":7,"turns":3},{"damage":0,"enemies":"Lagavulin","floor":8,"turns":2},{"damage":0,"enemies":"3 Sentries","floor":10,"turns":2},{"damage":12,"enemies":"Gremlin Nob","floor":11,"turns":4},{"damage":0,"enemies":"Lagavulin","floor":13,"turns":2},{"damage":0,"enemies":"3 Sentries","floor":14,"turns":1},{"damage":0,"enemies":"Slime Boss","floor":16,"turns":3},{"damage":0,"enemies":"Shell Parasite","floor":18,"turns":1},{"damage":0,"enemies":"REME_1_Revenger","floor":24,"turns":1},{"damage":0,"enemies":"Gremlin Leader","floor":25,"turns":1},{"damage":0,"enemies":"Slavers","floor":27,"turns":1},{"damage":0,"enemies":"Spheric Guardian","floor":29,"turns":1},{"damage":0,"enemies":"Gremlin Leader","floor":30,"turns":1},{"damage":0,"enemies":"Slavers","floor":31,"turns":1},{"damage":0,"enemies":"Automaton","floor":33,"turns":2},{"damage":0,"enemies":"Orb Walker","floor":35,"turns":1},{"damage":0,"enemies":"Mind Bloom Boss Battle","floor":36,"turns":1},{"damage":0,"enemies":"2 Orb Walkers","floor":37,"turns":1},{"damage":0,"enemies":"Giant Head","floor":40,"turns":1},{"damage":0,"enemies":"Reptomancer","floor":41,"turns":1},{"damage":0,"enemies":"Giant Head","floor":42,"turns":1},{"damage":0,"enemies":"Reptomancer","floor":44,"turns":1},{"damage":0,"enemies":"Giant Head","floor":46,"turns":1},{"damage":0,"enemies":"Nemesis","floor":47,"turns":1},{"damage":0,"enemies":"Reptomancer","floor":48,"turns":1},{"damage":0,"enemies":"Donu and Deca","floor":50,"turns":1}],"seed_played":"-79396141215704139","potions_obtained":[{"floor":1,"key":"CultistPotion"},{"floor":1,"key":"ZuzhouPotion:ReiMu"},{"floor":6,"key":"GrandPatriotsElixir:ReiMu"},{"floor":7,"key":"REME_GoldPotion"},{"floor":11,"key":"Energy Potion"},{"floor":33,"key":"testmod-SpacePotion"},{"floor":35,"key":"SkillPotion"},{"floor":44,"key":"Block Potion"}],"is_trial":true,"path_per_floor":["M","?","T","M","?","E","E","E","T","E","E","$","E","E","R","B",null,"M","$","?","$","$","R","E","E","T","E","R","M","E","E","R","B",null,"M","?","?","?","?","E","E","E","T","E","T","E","E","E","R","B",null],"character_chosen":"Nanaya","items_purchased":["MerchantsRug","REME_HourglassOfDeath","testmod-Faith","testmod-RealStoneCalender","testmod-Charity","Bottled Lightning","TentaclePot:ReiMu","Lee\u0027s Waffle","Ancient Tea Set"],"campfire_rested":0,"item_purchase_floors":[12,12,12,12,19,19,19,21,22],"current_hp_per_floor":[31,36,36,41,41,41,39,41,41,43,35,35,37,38,38,38,51,52,53,53,63,63,63,64,65,65,36,36,37,37,37,37,40,66,39,41,59,60,61,64,73,80,81,91,93,99,107,119,120,128],"gold":1578,"neow_bonus":"","is_daily":false,"chose_seed":false,"campfire_upgraded":4,"win_rate":0.0,"timestamp":1609415101,"path_taken":["M","?","?","M","?","E","E","E","T","E","E","$","E","E","R","BOSS","M","$","?","$","$","R","E","E","T","E","R","M","E","E","R","BOSS","M","?","?","?","?","E","E","E","T","E","?","E","E","E","R","BOSS"],"items_purchased_type":["Relic","Relic","Relic","Relic","Relic","Relic","Relic","Relic","Relic"],"build_version":"2020-12-22","purchased_purges":4,"victory":true,"max_hp_per_floor":[50,55,55,55,55,55,55,55,55,55,55,55,55,55,55,55,55,55,56,56,63,63,63,64,65,65,68,68,70,71,72,72,74,74,75,76,93,89,90,92,100,105,106,114,116,120,126,136,137,143],"card_choices":[{"not_picked":["B1","E6"],"picked":"F1","floor":1},{"not_picked":["M","E4","Q"],"picked":"SKIP","floor":4},{"not_picked":["J","B2","L"],"picked":"SKIP","floor":6},{"not_picked":["J","L","B3"],"picked":"SKIP","floor":7},{"not_picked":["L","B2"],"picked":"K","floor":8},{"not_picked":["E10","F","L"],"picked":"SKIP","floor":10},{"not_picked":["C1","H"],"picked":"D1","floor":11},{"not_picked":["J","B4","C1"],"picked":"SKIP","floor":13},{"not_picked":["RT","E13","bokinohana___"],"picked":"SKIP","floor":14},{"not_picked":["T","E5","B7"],"picked":"SKIP","floor":18},{"not_picked":["Gensokyo","J","F"],"picked":"SKIP","floor":24},{"not_picked":["K","H","B4"],"picked":"SKIP","floor":25},{"not_picked":["M1","H"],"picked":"E10","floor":27},{"not_picked":["E3","V","E7"],"picked":"SKIP","floor":29},{"not_picked":["M1","Gensokyo","H"],"picked":"SKIP","floor":30},{"not_picked":["E10","Gensokyo","C1"],"picked":"SKIP","floor":31},{"not_picked":["F","B3"],"picked":"E13","floor":33},{"not_picked":["E11+1","E5","E1"],"picked":"SKIP","floor":35},{"not_picked":["U+1","T+1"],"picked":"Q+1","floor":37},{"not_picked":["C1","J","L"],"picked":"SKIP","floor":40},{"not_picked":["M1","E9","C1"],"picked":"SKIP","floor":41},{"not_picked":["Gensokyo","E10","D1"],"picked":"SKIP","floor":42},{"not_picked":["Gensokyo","F","bokinohana___"],"picked":"SKIP","floor":44},{"not_picked":["H","jinfansuki","I+1"],"picked":"SKIP","floor":46},{"not_picked":["E10","E9","C1"],"picked":"SKIP","floor":47},{"not_picked":["F+1","Gensokyo+1","M1+1"],"picked":"SKIP","floor":48}],"player_experience":42766,"relics_obtained":[{"floor":3,"key":"AT_BellowingDragoncrestRing"},{"floor":6,"key":"Rsagi"},{"floor":6,"key":"dwlrmod:ProjectRecorder"},{"floor":7,"key":"testmod-IntensifyImprint"},{"floor":8,"key":"Happy Flower"},{"floor":9,"key":"Bottled Flame"},{"floor":10,"key":"DALC_EIGHT"},{"floor":11,"key":"AT_BellDemon"},{"floor":13,"key":"AT_Kusabimaru"},{"floor":13,"key":"Letter Opener"},{"floor":14,"key":"Gambling Chip"},{"floor":14,"key":"Dream Catcher"},{"floor":18,"key":"Dead Branch"},{"floor":24,"key":"Ornamental Fan"},{"floor":24,"key":"Nunchaku"},{"floor":25,"key":"AT_SilverBalance"},{"floor":25,"key":"CeramicFish"},{"floor":26,"key":"testmod-InjuryResistance"},{"floor":27,"key":"testmod-Déjàvu"},{"floor":27,"key":"AT_RedTearstoneRing"},{"floor":29,"key":"testmod-OneHitWonder"},{"floor":30,"key":"Anchor"},{"floor":30,"key":"AT_DeathDance"},{"floor":31,"key":"Bottled Tornado"},{"floor":31,"key":"AT_ChloranthyRing"},{"floor":33,"key":"Toxic Egg 2"},{"floor":35,"key":"Potion Belt"},{"floor":36,"key":"Girya"},{"floor":36,"key":"MawBank"},{"floor":37,"key":"Mango"},{"floor":37,"key":"Centennial Puzzle"},{"floor":40,"key":"testmod-TheFather"},{"floor":40,"key":"testmod-Hope"},{"floor":41,"key":"testmod-Muramasa"},{"floor":41,"key":"testmod-IndustrialRevolution"},{"floor":42,"key":"War Paint"},{"floor":42,"key":"StrikeDummy"},{"floor":43,"key":"Meat on the Bone"},{"floor":44,"key":"AT_MibuBalloonWealth"},{"floor":44,"key":"Vajra"},{"floor":45,"key":"Mummified Hand"},{"floor":46,"key":"REME_HandOfSuture"},{"floor":46,"key":"Unceasing Top"},{"floor":47,"key":"Old Coin"},{"floor":47,"key":"Ginger"},{"floor":48,"key":"Molten Egg 2"},{"floor":48,"key":"Frozen Egg 2"}],"event_choices":[{"damage_healed":0,"gold_gain":0,"player_choice":"Donut","damage_taken":0,"max_hp_gain":5,"max_hp_loss":0,"event_name":"Big Fish","floor":2,"gold_loss":0},{"damage_healed":0,"gold_gain":0,"player_choice":"Bought 0 Potions","damage_taken":0,"max_hp_gain":0,"max_hp_loss":0,"event_name":"The Woman in Blue","floor":5,"gold_loss":0},{"damage_healed":0,"gold_gain":0,"player_choice":"Swap Relic","damage_taken":0,"relics_obtained":["Juzu Bracelet"],"max_hp_gain":0,"max_hp_loss":0,"event_name":"给自己的盒子","floor":20,"relics_lost":["AT_ATBox"],"gold_loss":0},{"damage_healed":0,"gold_gain":0,"player_choice":"Fight","damage_taken":0,"max_hp_gain":0,"max_hp_loss":0,"event_name":"MindBloom","floor":36,"gold_loss":0},{"damage_healed":0,"gold_gain":0,"player_choice":"Fight","damage_taken":0,"max_hp_gain":0,"max_hp_loss":0,"event_name":"Mysterious Sphere","floor":37,"gold_loss":0},{"damage_healed":0,"gold_gain":0,"player_choice":"Max HP","damage_taken":0,"max_hp_gain":0,"max_hp_loss":5,"event_name":"Winding Halls","floor":38,"gold_loss":0},{"damage_healed":0,"gold_gain":0,"player_choice":"Ignored","damage_taken":0,"max_hp_gain":0,"max_hp_loss":0,"event_name":"Tomb of Lord Red Mask","floor":39,"gold_loss":0}],"is_beta":false,"boss_relics":[{"not_picked":["testmod-NegativeEmotionEnhancer","testmod-BloodSacrificeSpiritualization"],"picked":"testmod-CardMagician"},{"not_picked":["Velvet Choker","RedLine:ReiMu"],"picked":"AT_TrinityForce"}],"items_purged_floors":[12,12,12,12],"is_endless":false,"potions_floor_spawned":[1,1,6,6,7,8,10,10,11,14,16,18,24,25,27,29,30,31,33,35,41,44,47,48],"ascension_level":9}}