{"host":"my77oq6kb6j47rwl","time":1609389068,"event":{"mods":["BaseMod","Emptier Cage","Ironclad Rager","Minty Spire (QoL Compilation)","Quick Restart","Rare Cards Sparkle","StSLib"],"gold_per_floor":[12,26,39,49,67,67,95,95,95,105,105,205,215,231,231,336,336,353,366,223,240,67,97,117,117,117],"floor_reached":25,"playtime":2578,"items_purged":["Pain","Poisoned Stab"],"score":298,"play_id":"a95c2bcb-13b3-4677-bd90-0b85931d706a","local_time":"20201230233108","is_ascension_mode":true,"campfire_choices":[{"floor":6,"key":"REST"},{"floor":8,"key":"REST"},{"floor":11,"key":"REST"},{"data":"Burst","floor":15,"key":"SMITH"}],"circlet_count":0,"master_deck":["Survivor","Neutralize","Poisoned Stab","Poisoned Stab","Poisoned Stab","Poisoned Stab","Dodge and Roll","Dodge and Roll","Dodge and Roll","Dodge and Roll","Dodge and Roll","Caltrops","Flying Knee","Deadly Poison","Adrenaline","Burst+1","Backflip","Acrobatics","Cloak And Dagger","Malaise","Flying Knee","Poisoned Stab+1","Footwork","Malaise","Blur"],"relics":["Ring of the Snake","Nunchaku","Bird Faced Urn","Busted Crown","Bottled Lightning"],"acts_visited":["Exordium","TheCity"],"potions_floor_usage":[16,25,25,25],"damage_taken":[{"damage":3,"enemies":"Cultist","floor":1,"turns":3},{"damage":5,"enemies":"2 Louse","floor":2,"turns":3},{"damage":3,"enemies":"Jaw Worm","floor":3,"turns":4},{"damage":12,"enemies":"Exordium Wildlife","floor":4,"turns":3},{"damage":5,"enemies":"Blue Slaver","floor":5,"turns":4},{"damage":27,"enemies":"Lagavulin","floor":7,"turns":5},{"damage":7,"enemies":"2 Fungi Beasts","floor":10,"turns":3},{"damage":5,"enemies":"Exordium Wildlife","floor":13,"turns":5},{"damage":6,"enemies":"Large Slime","floor":14,"turns":5},{"damage":28,"enemies":"Slime Boss","floor":16,"turns":12},{"damage":1,"enemies":"Shell Parasite","floor":18,"turns":6},{"damage":10,"enemies":"3 Byrds","floor":19,"turns":4},{"damage":1,"enemies":"Snecko","floor":21,"turns":6},{"damage":7,"enemies":"Book of Stabbing","floor":23,"turns":7},{"damage":7,"enemies":"Centurion and Healer","floor":24,"turns":8},{"damage":43,"enemies":"Slavers","floor":25,"turns":4}],"seed_played":"6488361550257268230","potions_obtained":[{"floor":3,"key":"PowerPotion"},{"floor":5,"key":"Block Potion"},{"floor":7,"key":"EssenceOfSteel"},{"floor":16,"key":"Ancient Potion"}],"is_trial":false,"path_per_floor":["M","M","M","M","M","R","E","R","T","M","R","?","M","M","R","B",null,"M","M","$","M","$","E","M","E"],"character_chosen":"THE_SILENT","items_purchased":["Footwork","Malaise"],"campfire_rested":3,"item_purchase_floors":[20,22],"current_hp_per_floor":[42,37,34,22,17,35,8,26,26,19,37,37,34,30,30,4,48,47,39,39,40,40,37,34,0,0],"gold":117,"neow_bonus":"SILENT_ASSASSIN","is_daily":false,"chose_seed":false,"campfire_upgraded":1,"win_rate":0.0,"timestamp":1609389068,"path_taken":["M","M","M","?","M","R","E","R","T","?","R","?","?","M","R","BOSS","M","M","$","?","$","E","?","E"],"items_purchased_type":["Card","Card"],"build_version":"2020-12-22","purchased_purges":2,"victory":false,"max_hp_per_floor":[63,63,63,63,63,63,63,63,63,63,63,63,63,63,63,63,63,63,63,63,63,63,63,63,63,63],"card_choices":[{"not_picked":["Dagger Throw","Predator"],"picked":"Caltrops","floor":1},{"not_picked":["Cloak And Dagger","Poisoned Stab","Dagger Throw"],"picked":"SKIP","floor":2},{"not_picked":["Poisoned Stab","Quick Slash"],"picked":"Flying Knee","floor":3},{"not_picked":["Quick Slash","Dagger Spray"],"picked":"Deadly Poison","floor":4},{"not_picked":["Dash","Dagger Throw"],"picked":"Adrenaline","floor":5},{"not_picked":["Heel Hook","Eviscerate"],"picked":"Burst","floor":7},{"not_picked":["Dagger Throw","Acrobatics"],"picked":"Backflip","floor":10},{"not_picked":["Flechettes","Dagger Throw"],"picked":"Acrobatics","floor":13},{"not_picked":["Skewer","Leg Sweep"],"picked":"Cloak And Dagger","floor":14},{"not_picked":["Storm of Steel","Wraith Form v2"],"picked":"Malaise","floor":16},{"not_picked":[],"picked":"Flying Knee","floor":18},{"not_picked":[],"picked":"Poisoned Stab+1","floor":19},{"not_picked":["Deflect"],"picked":"SKIP","floor":21},{"not_picked":["Underhanded Strike"],"picked":"SKIP","floor":23},{"not_picked":[],"picked":"Blur","floor":24}],"player_experience":978180,"relics_obtained":[{"floor":7,"key":"Nunchaku"},{"floor":9,"key":"Bird Faced Urn"},{"floor":23,"key":"Bottled Lightning"}],"event_choices":[{"damage_healed":0,"gold_gain":100,"player_choice":"Gold","damage_taken":0,"max_hp_gain":0,"max_hp_loss":0,"event_name":"Wheel of Change","floor":12,"gold_loss":0}],"is_beta":false,"boss_relics":[{"not_picked":["Runic Pyramid","Empty Cage"],"picked":"Busted Crown"}],"items_purged_floors":[20,22],"is_endless":false,"potions_floor_spawned":[3,5,7,10,16,18,23],"killed_by":"Slavers","ascension_level":6}}