{"host":"59ckh7bj2z84pzgo","time":1609399163,"event":{"mods":["BaseMod","Better Vampires","Marked Mod","Minty Spire (QoL Compilation)","Replay The Spire","Spicy Shops","StSLib","TestMod","TheWitcher","°æ“≈ŒÔø®≈∆°øREMEMod","≤–¡Ù÷ÆŒÔ"],"gold_per_floor":[110,123,141,141,154,187,187,204,275,275,600,600,619,619,619,690,690,700,566,578,628,644,644,644,644],"floor_reached":24,"playtime":1873,"items_purged":[],"score":516,"play_id":"15632fc1-97f8-4737-80f0-4b808dc3a060","local_time":"20201231151923","is_ascension_mode":true,"campfire_choices":[{"data":"Undo","floor":7.0,"key":"SMITH"},{"floor":10.0,"key":"REST"},{"data":"Fission","floor":23,"key":"SMITH"}],"circlet_count":0,"master_deck":["AscendersBane","Core Surge+1","Streamline","Undo+1","Capacitor","Ball Lightning","Fission+1","Cold Snap","Biased Cognition","Crystallizer","Cold Snap","Redo+1"],"relics":["Cracked Core","REME_ComplimentaryCards","testmod-TestBox","Gambling Chip","testmod-KeyOfTheVoid","Replay:Wax Seal","Letter Opener","Old Coin","WarpedTongs","Ring of Chaos","Replay:Frozen Program"],"acts_visited":["Exordium","TheCity"],"potions_floor_usage":[20],"damage_taken":[{"damage":6.0,"enemies":"2 Louse","floor":1.0,"turns":2.0},{"damage":0.0,"enemies":"Small Slimes","floor":2.0,"turns":3.0},{"damage":1.0,"enemies":"Cultist","floor":3.0,"turns":3.0},{"damage":7.0,"enemies":"2 Fungi Beasts","floor":5.0,"turns":3.0},{"damage":31.0,"enemies":"Lagavulin","floor":6.0,"turns":5.0},{"damage":1.0,"enemies":"Looter","floor":8.0,"turns":3.0},{"damage":11.0,"enemies":"Gremlin Nob","floor":11.0,"turns":3.0},{"damage":0.0,"enemies":"Blue Slaver","floor":13.0,"turns":3.0},{"damage":3.0,"enemies":"Slime Boss","floor":16.0,"turns":4.0},{"damage":11,"enemies":"Shell Parasite","floor":18,"turns":5},{"damage":37,"enemies":"3 Byrds","floor":20,"turns":5},{"damage":9,"enemies":"Sentry and Sphere","floor":22,"turns":5},{"damage":0,"enemies":"Snake Plant","floor":24,"turns":1}],"seed_played":"7522331582646327383","potions_obtained":[{"floor":3.0,"key":"SpeedPotion"},{"floor":6.0,"key":"Strength Potion"},{"floor":11.0,"key":"Flashbang"},{"floor":16.0,"key":"AttackPotion"}],"is_trial":false,"path_per_floor":["M","M","M","?","M","E","R","M","T","R","E","?","M","?","R","B",null,"M","$","M","?","M","R","M"],"character_chosen":"DEFECT","items_purchased":["Replay:Frozen Program","Crystallizer"],"campfire_rested":1,"item_purchase_floors":[19,19],"current_hp_per_floor":[58,58,57,57,50,19,19,18,18,37,26,31,31,31,51,48,64,53,53,16,16,7,7,7,7],"gold":644,"neow_bonus":"ONE_RARE_RELIC","is_daily":false,"chose_seed":false,"campfire_upgraded":2,"win_rate":0.0,"timestamp":1609399163,"path_taken":["M","M","M","?","M","E","R","M","T","R","E","?","M","?","R","BOSS","M","$","M","?","M","R","M"],"items_purchased_type":["Relic","Card"],"build_version":"2020-12-22","purchased_purges":0,"victory":false,"max_hp_per_floor":[64,64,64,64,64,64,64,64,64,64,64,69,69,69,69,69,69,69,69,69,69,69,69,69,69],"card_choices":[{"not_picked":["Rebound","Stack"],"picked":"Streamline","floor":1.0},{"not_picked":["Sweeping Beam","Conserve Battery"],"picked":"Undo","floor":2.0},{"not_picked":["Hologram","BasicCrystalCard"],"picked":"REME_Whirling","floor":3.0},{"not_picked":["Melter","Thunder Strike"],"picked":"Sweeping Beam","floor":5.0},{"not_picked":["REME_DataAnalysis","Beam Cell"],"picked":"Capacitor","floor":6.0},{"not_picked":["Blizzard","Hologram"],"picked":"Ball Lightning","floor":8.0},{"not_picked":["Panic Button","Ball Lightning"],"picked":"Fission","floor":11.0},{"not_picked":["Redo","Barrage"],"picked":"Cold Snap","floor":13.0},{"not_picked":["Electrodynamics","Creative AI"],"picked":"Biased Cognition","floor":16.0},{"not_picked":["Streamline","ReplayTheSpireMod:GoodbyeWorld"],"picked":"Leap","floor":18},{"not_picked":["Stack","Hologram"],"picked":"Cold Snap","floor":20},{"not_picked":["Fission","ReplayTheSpireMod:Reroute Power+1"],"picked":"Redo+1","floor":22}],"player_experience":216605,"relics_obtained":[{"floor":6.0,"key":"Replay:Wax Seal"},{"floor":9.0,"key":"Letter Opener"},{"floor":11.0,"key":"Old Coin"}],"event_choices":[{"damage_healed":0.0,"max_hp_gain":5.0,"max_hp_loss":0.0,"gold_gain":0.0,"event_name":"Big Fish","player_choice":"Donut","floor":12.0,"gold_loss":0.0,"damage_taken":0.0},{"damage_healed":0.0,"max_hp_gain":0.0,"max_hp_loss":0.0,"gold_gain":0.0,"event_name":"Accursed Blacksmith","player_choice":"Rummage","floor":14.0,"gold_loss":0.0,"damage_taken":0.0,"relics_obtained":["WarpedTongs"],"cards_obtained":["Pain"]},{"damage_healed":0,"gold_gain":50,"player_choice":"Stole From Cult","damage_taken":0,"max_hp_gain":0,"max_hp_loss":0,"event_name":"Nest","floor":21,"gold_loss":0}],"is_beta":false,"boss_relics":[{"not_picked":["Sozu","Replay:Grab Bag"],"picked":"Ring of Chaos"}],"items_purged_floors":[],"is_endless":false,"potions_floor_spawned":[3,6,11,16,18],"killed_by":"Snake Plant","ascension_level":20}}