{"host":"6hzrz31j95f2y1pa","time":1609409445,"event":{"mods":["BaseMod","Colored Map","Downfall","Minty Spire (QoL Compilation)","StSLib"],"gold_per_floor":[99,117,117,129,145,171,171,188,218,12,12,32,43,69,89,89,89,89],"floor_reached":16,"playtime":637,"items_purged":[],"score":205,"play_id":"194a64f7-9bb2-4728-85c9-be80a3c219f6","local_time":"20201231051045","is_ascension_mode":true,"campfire_choices":[{"data":"hexamod:Float","floor":1,"key":"SMITH"},{"floor":11,"key":"REST"}],"circlet_count":0,"master_deck":["AscendersBane","hexamod:Strike+1","hexamod:Strike","hexamod:Strike","hexamod:Strike+1","hexamod:Defend","hexamod:Defend+1","hexamod:Defend","hexamod:Defend","hexamod:Sear","hexamod:Float+1","CurseOfTheBell","hexamod:Hexaguard+1","hexamod:AdvancingGuard+1","hexamod:Firestarter","hexamod:GhostShield+1","hexamod:HeatMetal+1","hexamod:BurningTouch+1","hexamod:SuperheatedStrike+1","hexamod:GhostShield+1","hexamod:Firestarter+1","hexamod:GhostLash+1","hexamod:Again+1","hexamod:SpectersWail+1"],"relics":["Calling Bell","Omamori","Toxic Egg 2","Torii","Molten Egg 2","Dream Catcher","Bottled Lightning","Membership Card","hexamod:MatchstickCase"],"acts_visited":["Exordium"],"potions_floor_usage":[9,9,16,16],"damage_taken":[{"damage":0,"enemies":"Small Slimes","floor":2,"turns":3},{"damage":2,"enemies":"Jaw Worm","floor":4,"turns":3},{"damage":0,"enemies":"2 Louse","floor":5,"turns":3},{"damage":14,"enemies":"3 Sentries","floor":6,"turns":10},{"damage":2,"enemies":"Red Slaver","floor":8,"turns":5},{"damage":10,"enemies":"Gremlin Nob","floor":9,"turns":4},{"damage":0,"enemies":"downfall:FleeingMerchant","floor":10,"turns":4},{"damage":0,"enemies":"Blue Slaver","floor":12,"turns":3},{"damage":9,"enemies":"Exordium Wildlife","floor":13,"turns":4},{"damage":26,"enemies":"3 Sentries","floor":14,"turns":6},{"damage":0,"enemies":"3 Louse","floor":15,"turns":2},{"damage":21,"enemies":"downfall:Defect","floor":16,"turns":5}],"seed_played":"-8321293999182112554","potions_obtained":[{"floor":2,"key":"ColorlessPotion"},{"floor":5,"key":"sneckomod:MuddlingPotion"},{"floor":6,"key":"Fire Potion"},{"floor":13,"key":"Weak Potion"},{"floor":14,"key":"Block Potion"}],"is_trial":false,"path_per_floor":["R","M","?","M","M","E","T","M","E","$","R","M","M","E","M","B"],"character_chosen":"THE_SPIRIT","items_purchased":["Membership Card","hexamod:SuperheatedStrike+1"],"campfire_rested":1,"item_purchase_floors":[10,10],"current_hp_per_floor":[63,63,63,61,61,47,47,45,35,35,56,56,47,21,21,0,0,0],"gold":89,"neow_bonus":"BOSS_RELIC","is_daily":false,"chose_seed":false,"campfire_upgraded":1,"win_rate":0.0,"timestamp":1609409445,"path_taken":["R","M","?","M","M","E","T","M","E","$","R","M","M","E","M","BOSS"],"items_purchased_type":["Relic","Card"],"build_version":"2020-12-22","purchased_purges":0,"victory":false,"max_hp_per_floor":[70,70,70,70,70,70,70,70,70,70,70,70,70,70,70,70,70,70],"card_choices":[{"not_picked":["hexamod:GhostflameBarrier+1","hexamod:ShieldOfDarkness+1"],"picked":"hexamod:Hexaguard+1","floor":2},{"not_picked":["hexamod:SpectersWail","hexamod:GhostLash"],"picked":"hexamod:AdvancingGuard+1","floor":4},{"not_picked":["hexamod:PhantomFireball","hexamod:RecurringNightmare+1"],"picked":"hexamod:Firestarter","floor":5},{"not_picked":["hexamod:HauntingEcho+1","hexamod:WildfireWeapon"],"picked":"hexamod:GhostShield+1","floor":6},{"not_picked":["hexamod:NightmareGuise+1","hexamod:InspiringFlames+1"],"picked":"hexamod:HeatMetal+1","floor":8},{"not_picked":["hexamod:EtherealExpedition+1","hexamod:HauntingEcho+1"],"picked":"hexamod:BurningTouch+1","floor":9},{"not_picked":["hexamod:RainOfEmbers+1","hexamod:UnleashSpirits+1","hexamod:InspiringFlames+1"],"picked":"SKIP","floor":10},{"not_picked":["hexamod:PhantomCloak","hexamod:NightmareGuise+1"],"picked":"hexamod:GhostShield+1","floor":11},{"not_picked":["hexamod:SkipABeat+1","hexamod:GhostflameBarrier+1"],"picked":"hexamod:Firestarter+1","floor":12},{"not_picked":["hexamod:BacktrackSmack+1","hexamod:ExtraCrispy"],"picked":"hexamod:GhostLash+1","floor":13},{"not_picked":["hexamod:InspiringFlames+1","hexamod:NecessarySacrifice+1"],"picked":"hexamod:Again+1","floor":14},{"not_picked":["hexamod:FifthSeal","hexamod:Haunt+1"],"picked":"hexamod:SpectersWail+1","floor":15}],"player_experience":1265725,"relics_obtained":[{"floor":0,"key":"Omamori"},{"floor":0,"key":"Toxic Egg 2"},{"floor":0,"key":"Torii"},{"floor":6,"key":"Molten Egg 2"},{"floor":7,"key":"Dream Catcher"},{"floor":9,"key":"Bottled Lightning"},{"floor":14,"key":"hexamod:MatchstickCase"}],"event_choices":[],"is_beta":false,"boss_relics":[],"items_purged_floors":[],"is_endless":false,"potions_floor_spawned":[2,5,6,13,14,15],"killed_by":"downfall:Defect","ascension_level":13}}