{"host":"tfkz8stxzb1up54p","time":1609416692,"event":{"mods":["AchievementEnabler","BaseMod","Block Reminder","Colored Powertips","Curses Come First","Disable Question Mark Monsters","Emptier Cage","Evolution","Gold Saver","Gremlin Skip","Highlight Path","Minty Spire (QoL Compilation)","Permanent Neow","StSLib"],"gold_per_floor":[1103,1122,665,940,957,982,1000,273,348,374,374,82,114,114,114,217,217,227,212,228,38,54,66,92,92,92,92,112,112,137,156,156,256,256,268,279,1278,770,770,797,797,797,824,824,824,838,838,853,853,853],"floor_reached":51,"playtime":4363,"items_purged":["Strike_R","Regret","Normality"],"score":1153,"play_id":"66f586dc-4b7a-4e65-9ee6-8b621f2e77fe","local_time":"20201231121132","is_ascension_mode":true,"campfire_choices":[{"data":"Apotheosis","floor":11,"key":"SMITH"},{"data":"Demon Form","floor":15,"key":"SMITH"},{"data":"Barricade","floor":25,"key":"SMITH"},{"floor":32,"key":"REST"},{"data":"Disarm","floor":41,"key":"SMITH"},{"floor":47,"key":"REST"},{"floor":49,"key":"REST"}],"circlet_count":0,"master_deck":["AscendersBane","Strike_R","Strike_R","Strike_R","Strike_R","Defend_R","Defend_R","Defend_R","Defend_R","Bash","Flame Barrier","Clothesline","Twin Strike","Body Slam","Body Slam","Apotheosis+1","Flame Barrier","Demon Form+1","Limit Break","Body Slam+1","Inflame","Anger","Barricade+1","Body Slam+1","Cleave","Disarm+1","Berserk+1","Battle Trance","Normality","Combust+1","Panache+1","Enlightenment","Violence","Heavy Blade"],"relics":["Burning Blood","EVO:Axolotl","Ancient Tea Set","MealTicket","Ginger","Oddly Smooth Stone","Toy Ornithopter","DollysMirror","Question Card","Odd Mushroom","Strawberry","Anchor","Nunchaku","StoneCalendar","Sozu","Pen Nib","Frozen Egg 2","Champion Belt","Art of War","SlaversCollar","Du-Vu Doll","Lizard Tail","Lantern"],"acts_visited":["Exordium","TheCity","TheBeyond"],"potions_floor_usage":[2,5,5,7,10,45],"damage_taken":[{"damage":11,"enemies":"Jaw Worm","floor":1,"turns":5},{"damage":1,"enemies":"Cultist","floor":2,"turns":4},{"damage":3,"enemies":"Small Slimes","floor":5,"turns":4},{"damage":66,"enemies":"Lagavulin","floor":6,"turns":10},{"damage":13,"enemies":"Looter","floor":7,"turns":4},{"damage":13,"enemies":"The Mushroom Lair","floor":10,"turns":4},{"damage":12,"enemies":"Gremlin Nob","floor":13,"turns":4},{"damage":12,"enemies":"The Guardian","floor":16,"turns":7},{"damage":0,"enemies":"Chosen","floor":18,"turns":4},{"damage":1,"enemies":"2 Thieves","floor":19,"turns":4},{"damage":0,"enemies":"Snecko","floor":20,"turns":5},{"damage":0,"enemies":"Snake Plant","floor":22,"turns":2},{"damage":12,"enemies":"3 Cultists","floor":23,"turns":4},{"damage":22,"enemies":"Book of Stabbing","floor":24,"turns":5},{"damage":22,"enemies":"Chosen and Byrds","floor":28,"turns":7},{"damage":31,"enemies":"Slavers","floor":30,"turns":5},{"damage":5,"enemies":"Shelled Parasite and Fungi","floor":31,"turns":4},{"damage":8,"enemies":"Champ","floor":33,"turns":8},{"damage":6,"enemies":"Orb Walker","floor":35,"turns":2},{"damage":0,"enemies":"3 Shapes","floor":36,"turns":5},{"damage":33,"enemies":"Reptomancer","floor":40,"turns":5},{"damage":7,"enemies":"Jaw Worm Horde","floor":45,"turns":4},{"damage":16,"enemies":"Sphere and 2 Shapes","floor":46,"turns":6},{"damage":11,"enemies":"Maw","floor":48,"turns":6},{"damage":65,"enemies":"Time Eater","floor":50,"turns":7}],"seed_played":"-2998257029582409143","potions_obtained":[{"floor":1,"key":"GamblersBrew"},{"floor":6,"key":"SkillPotion"},{"floor":7,"key":"ColorlessPotion"},{"floor":10,"key":"SmokeBomb"}],"is_trial":false,"path_per_floor":["M","M","$","?","M","E","M","$","T","?","R","$","E","T","R","B",null,"M","M","M","$","M","M","E","R","T","$","M","?","E","M","R","B",null,"M","M","?","$","?","E","R","?","T","?","M","M","R","M","R","B",null],"character_chosen":"IRONCLAD","items_purchased":["Fruit Juice","Fruit Juice","MealTicket","Twin Strike","Apotheosis","Oddly Smooth Stone","Toy Ornithopter","DollysMirror","Strawberry","Anchor","Pen Nib","Inflame","Du-Vu Doll","Combust+1"],"campfire_rested":3,"item_purchase_floors":[3,3,3,3,8,8,8,8,12,12,21,21,38,38],"current_hp_per_floor":[67,72,72,72,85,25,18,33,33,31,31,53,47,47,47,41,83,89,94,97,97,97,91,75,75,75,90,74,68,43,44,73,71,91,91,97,97,97,97,70,70,70,70,60,64,54,83,78,97,38],"gold":853,"neow_bonus":"RANDOM_COMMON_RELIC","is_daily":false,"chose_seed":false,"campfire_upgraded":4,"win_rate":0.0,"timestamp":1609416692,"path_taken":["M","M","$","?","M","E","M","?","T","?","R","$","E","?","R","BOSS","M","M","?","$","M","M","E","R","T","$","M","?","E","?","R","BOSS","M","M","?","$","?","E","R","?","T","?","M","M","R","M","R","BOSS"],"items_purchased_type":["Potion","Potion","Relic","Card","Card","Relic","Relic","Relic","Relic","Relic","Relic","Card","Relic","Card"],"build_version":"2020-12-22","purchased_purges":3,"victory":true,"max_hp_per_floor":[80,80,80,80,90,90,90,90,90,90,90,97,97,97,97,97,97,97,97,97,97,97,97,97,97,97,97,97,97,97,97,97,97,97,97,97,97,97,97,97,97,97,97,97,97,97,97,97,97,97],"card_choices":[{"not_picked":["Pummel","Havoc"],"picked":"Flame Barrier","floor":1},{"not_picked":["Sword Boomerang","Thunderclap"],"picked":"Clothesline","floor":2},{"not_picked":["Heavy Blade","Pommel Strike"],"picked":"Body Slam","floor":5},{"not_picked":["Headbutt","Bloodletting","Fiend Fire"],"picked":"SKIP","floor":6},{"not_picked":["Sword Boomerang","Body Slam","Havoc"],"picked":"SKIP","floor":7},{"not_picked":["Sword Boomerang","Havoc"],"picked":"Body Slam","floor":7},{"not_picked":["Rupture","Perfected Strike","Demon Form","Iron Wave"],"picked":"SKIP","floor":13},{"not_picked":["Rupture","Perfected Strike","Iron Wave"],"picked":"Demon Form","floor":13},{"not_picked":["Impervious","Berserk","Feed"],"picked":"Limit Break","floor":16},{"not_picked":["Sentinel","Burning Pact","Headbutt","Warcry"],"picked":"SKIP","floor":18},{"not_picked":["Clothesline+1","Seeing Red","Thunderclap"],"picked":"Battle Trance+1","floor":19},{"not_picked":["Fire Breathing","Dual Wield","Ghostly Armor"],"picked":"Body Slam+1","floor":20},{"not_picked":["Entrench+1","Metallicize","Clash+1"],"picked":"Anger","floor":22},{"not_picked":["Thunderclap","Second Wind","Flex+1"],"picked":"Barricade","floor":23},{"not_picked":["Fire Breathing+1","Sword Boomerang","Pommel Strike"],"picked":"Body Slam+1","floor":24},{"not_picked":["Wild Strike","Armaments","Iron Wave+1"],"picked":"Cleave","floor":28},{"not_picked":["Headbutt+1","Sever Soul+1","Perfected Strike","Dropkick"],"picked":"SKIP","floor":30},{"not_picked":["Demon Form+1","Cleave","Clash+1"],"picked":"Disarm","floor":31},{"not_picked":["Feed","Offering","Limit Break"],"picked":"Berserk+1","floor":33},{"not_picked":["Sword Boomerang","Havoc+1","Flex","Wild Strike"],"picked":"SKIP","floor":35},{"not_picked":["Iron Wave+1","Dual Wield+1","Headbutt+1"],"picked":"Battle Trance","floor":36},{"not_picked":["Wild Strike","Battle Trance","Armaments","Evolve+1"],"picked":"SKIP","floor":40},{"not_picked":["Trip","Finesse","Dark Shackles"],"picked":"Panache+1","floor":44},{"not_picked":["Finesse","Bandage Up","Good Instincts"],"picked":"Enlightenment","floor":44},{"not_picked":["Enlightenment","Flash of Steel","The Bomb"],"picked":"Violence","floor":44},{"not_picked":["Clothesline+1","Evolve+1","Intimidate","Iron Wave"],"picked":"SKIP","floor":46},{"not_picked":["Flex+1","Havoc+1","Carnage+1"],"picked":"Heavy Blade","floor":48}],"player_experience":1272756,"relics_obtained":[{"floor":6,"key":"Ginger"},{"floor":9,"key":"Question Card"},{"floor":10,"key":"Odd Mushroom"},{"floor":13,"key":"Nunchaku"},{"floor":14,"key":"StoneCalendar"},{"floor":24,"key":"Frozen Egg 2"},{"floor":26,"key":"Champion Belt"},{"floor":30,"key":"Art of War"},{"floor":40,"key":"Lizard Tail"},{"floor":43,"key":"Lantern"}],"event_choices":[{"damage_healed":0,"gold_gain":275,"player_choice":"Desecrate","damage_taken":0,"max_hp_gain":0,"max_hp_loss":0,"event_name":"Golden Shrine","floor":4,"gold_loss":0,"cards_obtained":["Regret"]},{"damage_healed":0,"gold_gain":0,"player_choice":"Fought Mushrooms","damage_taken":0,"max_hp_gain":0,"max_hp_loss":0,"event_name":"Mushrooms","floor":10,"gold_loss":0},{"damage_healed":0,"gold_gain":0,"player_choice":"","damage_taken":6,"max_hp_gain":0,"max_hp_loss":0,"event_name":"Knowing Skull","floor":29,"potions_obtained":[],"gold_loss":0,"cards_obtained":[]},{"damage_healed":0,"gold_gain":999,"player_choice":"Gold","damage_taken":0,"max_hp_gain":0,"max_hp_loss":0,"event_name":"MindBloom","floor":37,"gold_loss":0,"cards_obtained":["Normality","Normality"]},{"damage_healed":0,"gold_gain":0,"player_choice":"Ignored","damage_taken":0,"max_hp_gain":0,"max_hp_loss":0,"event_name":"Tomb of Lord Red Mask","floor":39,"gold_loss":0},{"cards_removed":["Battle Trance"],"damage_healed":0,"gold_gain":0,"player_choice":"Removed Skill","damage_taken":0,"max_hp_gain":0,"max_hp_loss":0,"event_name":"Falling","floor":42,"gold_loss":0},{"damage_healed":0,"gold_gain":0,"player_choice":"Memory 3","damage_taken":10,"max_hp_gain":0,"max_hp_loss":0,"event_name":"SensoryStone","floor":44,"gold_loss":0}],"is_beta":false,"boss_relics":[{"not_picked":["Snecko Eye","Coffee Dripper"],"picked":"Sozu"},{"not_picked":["Runic Cube","Velvet Choker"],"picked":"SlaversCollar"}],"items_purged_floors":[3,8,38],"is_endless":false,"potions_floor_spawned":[1,6,7,10,19,23,30,31,36,48],"ascension_level":10}}