{"host":"963ykkbusvcbqwtq","time":1609423478,"event":{"mods":["2.2 Compatiblity","AchievementEnabler","Arknights The Spire","BaseMod","Colored Map","GifTheSpireLib","GungeonMod","Lobotomy","Luminous","Minty Spire (QoL Compilation)","StSLib","SuperFastMode","The Bug Knight"],"gold_per_floor":[10116,8990,8990,9001,8266,8266,8266],"floor_reached":6,"playtime":438,"items_purged":["DemoMod:Strike_Huntress","DemoMod:Strike_Huntress"],"score":112,"play_id":"2e7b05d5-db70-46c8-8f8a-3af1e46c1c6c","local_time":"20201231230438","is_ascension_mode":true,"campfire_choices":[],"circlet_count":0,"master_deck":["DemoMod:Strike_Huntress","DemoMod:Defend_Huntress","DemoMod:Defend_Huntress","DemoMod:Defend_Huntress","DemoMod:Defend_Huntress","DemoMod:Roll","DemoMod:ManualReload","DemoMod:RustySidearm","DemoMod:CrossBow","DemoMod:TripleGun","DemoMod:DoubleVision","DemoMod:ConditionalReflex","DemoMod:HungryBullets"],"relics":["DemoMod:Dog","CogitoBucket","RabbitCall","HollowMod:QueensCombRelic","Sundial","DemoMod:GnawedKey","Frozen Eye","PreservedInsect","Girya","OrangePellets"],"acts_visited":["Exordium"],"potions_floor_usage":[],"damage_taken":[{"damage":0,"enemies":"Small Slimes","floor":1,"turns":3},{"damage":4,"enemies":"Cultist","floor":4,"turns":4},{"damage":79,"enemies":"Gremlin Nob","floor":6,"turns":5}],"seed_played":"4659028246726463217","potions_obtained":[],"is_trial":false,"path_per_floor":["M","$","?","M","$","E"],"character_chosen":"HUNTRESS","items_purchased":["HollowMod:QueensCombRelic","Sundial","DemoMod:GnawedKey","Frozen Eye","DemoMod:TripleGun","DemoMod:DoubleVision","DemoMod:HungryBullets","PreservedInsect","Girya","OrangePellets"],"campfire_rested":0,"item_purchase_floors":[2,2,2,2,2,2,5,5,5,5],"current_hp_per_floor":[70,46,46,42,42,0,0],"gold":8266,"neow_bonus":"","is_daily":false,"chose_seed":false,"campfire_upgraded":0,"win_rate":0.0,"timestamp":1609423478,"path_taken":["M","$","?","M","$","E"],"items_purchased_type":["Relic","Relic","Relic","Relic","Card","Card","Card","Relic","Relic","Relic"],"build_version":"2020-12-22","purchased_purges":2,"victory":false,"max_hp_per_floor":[70,46,46,46,46,46,46],"card_choices":[{"not_picked":["DemoMod:EasyReloadBullets","DemoMod:LifeOrb","DemoMod:FortunesFavor"],"picked":"SKIP","floor":1},{"not_picked":["DemoMod:TeaPot","DemoMod:SAA"],"picked":"DemoMod:ConditionalReflex","floor":4}],"player_experience":232749,"relics_obtained":[],"event_choices":[{"damage_healed":0,"gold_gain":0,"player_choice":"0 cards matched","damage_taken":0,"max_hp_gain":0,"max_hp_loss":0,"event_name":"Match and Keep!","floor":3,"gold_loss":0,"cards_obtained":[]}],"is_beta":false,"boss_relics":[],"items_purged_floors":[2,5],"is_endless":false,"potions_floor_spawned":[],"killed_by":"Gremlin Nob","ascension_level":2}}