{"host":"1zfbckszmdcrhnfi","time":1609391836,"event":{"mods":["AchievementEnabler","BaseMod","Colored Map","Downfall","Marisa£®ÏF”Í°°ƒß¿Ì…≥£©","Minty Spire (QoL Compilation)","Replay The Spire","Shop Mod","StSLib","The Cursed","The Servant 0.9.4"],"gold_per_floor":[114,131,131,142,161,189,203,222,222,222,222,96,96,110,110,110,110],"floor_reached":16,"playtime":740,"items_purged":["Defend_G"],"score":104,"play_id":"85cd2bb8-71ec-45d2-bce7-e54239353c2a","local_time":"20201231131716","is_ascension_mode":false,"campfire_choices":[{"floor":11,"key":"REST"},{"floor":15,"key":"REST"}],"circlet_count":0,"master_deck":["Strike_G","Strike_G","Strike_G","Strike_G","Defend_G","Defend_G","Defend_G","Defend_G","Survivor","Neutralize+1","Outmaneuver","Dagger Spray","Eviscerate","Caltrops","Endless Agony","Prepared+1","Backstab"],"relics":["Painkiller Herb","Replay:Bottled Steam","Singing Bowl"],"acts_visited":["Exordium"],"potions_floor_usage":[16,16],"damage_taken":[{"damage":0.0,"enemies":"Small Slimes","floor":1.0,"turns":4.0},{"damage":3.0,"enemies":"Cultist","floor":2.0,"turns":5.0},{"damage":0.0,"enemies":"2 Louse","floor":4.0,"turns":4.0},{"damage":7.0,"enemies":"Large Slime","floor":5.0,"turns":8.0},{"damage":36,"enemies":"3 Sentries","floor":6,"turns":11},{"damage":4,"enemies":"Blue Slaver","floor":7,"turns":2},{"damage":10,"enemies":"Exordium Thugs","floor":8,"turns":4},{"damage":1,"enemies":"Large Slime","floor":14,"turns":4},{"damage":61,"enemies":"Fading Forest","floor":16,"turns":11}],"seed_played":"3190992448004720525","potions_obtained":[{"floor":2.0,"key":"Fire Potion"},{"floor":7,"key":"SpeedPotion"},{"floor":8,"key":"Reflective Coating"}],"is_trial":false,"path_per_floor":["?","?","?","?","?","E","?","?","T","?","T","T","?","?","T","B"],"character_chosen":"THE_SILENT","items_purchased":["Endless Agony"],"campfire_rested":2,"item_purchase_floors":[12],"current_hp_per_floor":[70,67,67,67,60,24,20,10,10,10,31,31,31,30,51,0,0],"gold":110,"neow_bonus":"BOSS_RELIC","is_daily":false,"chose_seed":false,"campfire_upgraded":0,"win_rate":0.0,"timestamp":1609391836,"path_taken":["?","?","?","?","?","E","?","?","T","?","T","T","?","?","T","BOSS"],"items_purchased_type":["Card"],"build_version":"2020-12-22","purchased_purges":1,"victory":false,"max_hp_per_floor":[70,70,70,70,70,70,70,70,70,70,70,70,70,70,70,70,70],"card_choices":[{"not_picked":["Cloak And Dagger","Fluid Movement","PiercingWail"],"picked":"SKIP","floor":1.0},{"not_picked":["Quick Slash","Cloak And Dagger"],"picked":"Outmaneuver","floor":2.0},{"not_picked":["Catalyst","Masterful Stab"],"picked":"Dagger Spray","floor":4.0},{"not_picked":["PiercingWail","Quick Slash"],"picked":"Eviscerate","floor":5.0},{"not_picked":["Infinite Blades","Backflip"],"picked":"Caltrops","floor":6},{"not_picked":["PiercingWail","Quick Slash","Riddle With Holes"],"picked":"SKIP","floor":7},{"not_picked":["Flying Knee","Heel Hook","Flechettes"],"picked":"SKIP","floor":8},{"not_picked":["ReplayTheSpireMod:Exploit Weakness","Infinite Blades"],"picked":"Backstab","floor":14}],"player_experience":150766,"relics_obtained":[{"floor":6,"key":"Replay:Bottled Steam"},{"floor":9,"key":"Singing Bowl"}],"event_choices":[{"damage_healed":0.0,"max_hp_gain":0.0,"max_hp_loss":0.0,"gold_gain":0.0,"event_name":"Accursed Blacksmith","player_choice":"Forge","floor":3.0,"gold_loss":0.0,"damage_taken":0.0,"cards_upgraded":["Neutralize"]},{"cards_removed":["Strike_G"],"damage_healed":0,"gold_gain":0,"player_choice":"Forget","damage_taken":0,"max_hp_gain":0,"max_hp_loss":0,"event_name":"Living Wall","floor":10,"gold_loss":0}],"is_beta":false,"boss_relics":[],"items_purged_floors":[12],"is_endless":false,"potions_floor_spawned":[2,7,8],"killed_by":"Fading Forest","ascension_level":0}}