{"host":"q3i87yx2dgqr54co","time":1609376128,"event":{"mods":["BaseMod","Block Reminder","Colored Map","Colored Powertips","DeckTracker","Highlight Path","Minty Spire (QoL Compilation)","Permanent Neow","Potionbrewer","Quick Restart","Relic Sorter","Relic Stats","StSLib","The Bug Knight","The Gatherer","The Sage"],"gold_per_floor":[115,131,151,161,336,336,364,364,364,364,364,364],"floor_reached":10,"playtime":989,"items_purged":[],"score":68,"play_id":"cad3992e-da01-4f83-b9c7-74024e1cf775","local_time":"20201230195528","is_ascension_mode":false,"metric_token":1041,"campfire_choices":[{"data":"Gatherer:FlowerWhip","floor":6,"key":"SMITH"},{"data":"Gatherer:SealedBomb","floor":8,"key":"SMITH"}],"circlet_count":0,"master_deck":["Gatherer:Strike_Gatherer","Gatherer:Strike_Gatherer","Gatherer:Strike_Gatherer","Gatherer:Strike_Gatherer","Gatherer:Strike_Gatherer","Gatherer:Defend_Gatherer","Gatherer:Defend_Gatherer","Gatherer:Defend_Gatherer","Gatherer:Defend_Gatherer","Gatherer:Defend_Gatherer","Gatherer:Centralize","Gatherer:FlowerWhip+1","Good Instincts","Gatherer:TacticalStrike","Gatherer:BigPouch","Gatherer:Liquidism","Doubt","Gatherer:SealedBomb+1"],"relics":["Gatherer:AlchemyBag","HollowMod:StagPassRelic"],"acts_visited":["Exordium"],"potions_floor_usage":[7],"damage_taken":[{"damage":0,"enemies":"2 Louse","floor":1,"turns":2},{"damage":0,"enemies":"Cultist","floor":2,"turns":3},{"damage":0,"enemies":"Small Slimes","floor":3,"turns":3},{"damage":1,"enemies":"Blue Slaver","floor":4,"turns":4},{"damage":25,"enemies":"3 Sentries","floor":7,"turns":10},{"damage":64,"enemies":"Gremlin Nob","floor":10,"turns":6}],"seed_played":"-131520112170837193","potions_obtained":[{"floor":3,"key":"Regen Potion"}],"is_trial":false,"path_per_floor":["M","M","M","M","?","R","E","R","T","E"],"character_chosen":"THE_GATHERER","items_purchased":[],"campfire_rested":0,"item_purchase_floors":[],"current_hp_per_floor":[72,72,72,71,71,71,61,61,61,0,0,0],"gold":364,"neow_bonus":"RANDOM_COLORLESS","is_daily":false,"chose_seed":false,"campfire_upgraded":2,"win_rate":0.0,"timestamp":1609376128,"path_taken":["M","M","M","M","?","R","E","R","T","E"],"items_purchased_type":[],"build_version":"2020-12-22","purchased_purges":0,"victory":false,"max_hp_per_floor":[72,72,72,72,72,72,72,72,72,72,72,72],"relic_stats":{"counters":[6,28],"obtain_stats":[{"HollowMod:StagPassRelic":7,"Gatherer:AlchemyBag":0},{"HollowMod:StagPassRelic":5,"Gatherer:AlchemyBag":0},{"HollowMod:StagPassRelic":22,"Gatherer:AlchemyBag":0}]},"card_choices":[{"not_picked":["Purity","Enlightenment"],"picked":"Good Instincts","floor":0},{"not_picked":["Gatherer:Convert","Gatherer:Frenzy"],"picked":"Gatherer:TacticalStrike","floor":1},{"not_picked":["Gatherer:WoolGloves","Gatherer:CarefulStrike"],"picked":"Gatherer:BigPouch","floor":2},{"not_picked":["Gatherer:ScrollOfWall","Gatherer:FlowerFalling"],"picked":"Gatherer:Liquidism","floor":3},{"not_picked":["Gatherer:MiningStrike","Gatherer:FlowerPower","Gatherer:EchoOfNature"],"picked":"SKIP","floor":4},{"not_picked":["Gatherer:FlowerFalling","Gatherer:Nutrients"],"picked":"Gatherer:SealedBomb","floor":7}],"player_experience":113126,"relics_obtained":[{"floor":7,"key":"HollowMod:StagPassRelic"}],"event_choices":[{"damage_healed":0,"gold_gain":175,"player_choice":"AGREE","damage_taken":0,"max_hp_gain":0,"max_hp_loss":0,"event_name":"Liars Game","floor":5,"gold_loss":0,"cards_obtained":["Doubt"]}],"is_beta":false,"boss_relics":[],"items_purged_floors":[],"is_endless":false,"potions_floor_spawned":[3],"killed_by":"Gremlin Nob","ascension_level":0}}