{"host":"w3x3n9s6mrz4xpf0","time":1609412613,"event":{"mods":["BaseMod","Minty Spire (QoL Compilation)","StSLib","SuperFastMode"],"gold_per_floor":[113,113,130,130,145,145,145,164,164,164,89,164,181,216,216,312,312,326,339,391,36,53,82,82,96,96,96,123,135,161,161,161,257,257,267,6,56,56,75,107,107,107,107,5,30,47,47,81,81,81],"floor_reached":51,"playtime":2120,"items_purged":["Strike_G","Strike_G"],"score":1154,"play_id":"f3679447-95de-4e06-a1d5-194c250024f2","local_time":"20201231200333","is_ascension_mode":true,"campfire_choices":[{"data":"Crippling Poison","floor":7.0,"key":"SMITH"},{"data":"All Out Attack","floor":10.0,"key":"SMITH"},{"data":"Glass Knife","floor":15.0,"key":"SMITH"},{"data":"After Image","floor":24.0,"key":"SMITH"},{"data":"Crippling Poison","floor":27.0,"key":"SMITH"},{"data":"Night Terror","floor":32.0,"key":"SMITH"},{"data":"Envenom","floor":41.0,"key":"SMITH"},{"data":"Footwork","floor":47.0,"key":"SMITH"},{"data":"Neutralize","floor":49.0,"key":"SMITH"}],"circlet_count":0,"master_deck":["Strike_G","Defend_G","Defend_G","Defend_G","Defend_G","Defend_G","Survivor","Neutralize+1","All Out Attack+1","Crippling Poison+1","Slice","Glass Knife+1","Masterful Stab","After Image+1","Crippling Poison+1","Footwork+1","Footwork+1","Night Terror+1","Poisoned Stab+1","After Image+1","Envenom+1","Apotheosis+1","Acrobatics+1","Dodge and Roll+1"],"relics":["Ring of the Snake","Eternal Feather","TungstenRod","SacredBark","Anchor","Meat on the Bone","Strawberry","Bottled Lightning","Letter Opener","Toxic Egg 2","Coffee Dripper","WingedGreaves","Lizard Tail","Pen Nib","Regal Pillow","Paper Crane"],"acts_visited":["Exordium","TheCity","TheBeyond"],"potions_floor_usage":[50,50],"damage_taken":[{"damage":1.0,"enemies":"Jaw Worm","floor":1.0,"turns":4.0},{"damage":0.0,"enemies":"2 Louse","floor":3.0,"turns":3.0},{"damage":0.0,"enemies":"Cultist","floor":5.0,"turns":4.0},{"damage":1.0,"enemies":"Gremlin Gang","floor":8.0,"turns":2.0},{"damage":4.0,"enemies":"Large Slime","floor":13.0,"turns":7.0},{"damage":14.0,"enemies":"3 Sentries","floor":14.0,"turns":5.0},{"damage":18.0,"enemies":"Slime Boss","floor":16.0,"turns":10.0},{"damage":0.0,"enemies":"Chosen","floor":18.0,"turns":3.0},{"damage":21.0,"enemies":"2 Thieves","floor":19.0,"turns":4.0},{"damage":21.0,"enemies":"Shelled Parasite and Fungi","floor":22.0,"turns":6.0},{"damage":2.0,"enemies":"Book of Stabbing","floor":23.0,"turns":4.0},{"damage":12.0,"enemies":"3 Cultists","floor":25.0,"turns":5.0},{"damage":14.0,"enemies":"Slavers","floor":28.0,"turns":6.0},{"damage":0.0,"enemies":"Chosen and Byrds","floor":29.0,"turns":4.0},{"damage":15.0,"enemies":"Book of Stabbing","floor":30.0,"turns":8.0},{"damage":48.0,"enemies":"Automaton","floor":33.0,"turns":17.0},{"damage":0.0,"enemies":"3 Shapes","floor":35.0,"turns":6.0},{"damage":46.0,"enemies":"2 Orb Walkers","floor":37.0,"turns":6.0},{"damage":9.0,"enemies":"Orb Walker","floor":39.0,"turns":5.0},{"damage":11.0,"enemies":"Reptomancer","floor":40.0,"turns":7.0},{"damage":0.0,"enemies":"Giant Head","floor":42.0,"turns":1.0},{"damage":46.0,"enemies":"Nemesis","floor":45.0,"turns":11.0},{"damage":8.0,"enemies":"Jaw Worm Horde","floor":46.0,"turns":4.0},{"damage":31.0,"enemies":"Reptomancer","floor":48.0,"turns":8.0},{"damage":25,"enemies":"Time Eater","floor":50,"turns":19}],"seed_played":"4396717245614740058","potions_obtained":[{"floor":1.0,"key":"Energy Potion"},{"floor":5.0,"key":"EntropicBrew"},{"floor":22.0,"key":"SkillPotion"},{"floor":23.0,"key":"BlessingOfTheForge"},{"floor":30.0,"key":"SteroidPotion"},{"floor":48.0,"key":"AttackPotion"}],"is_trial":false,"path_per_floor":["M","?","M","?","M","?","R","M","T","R","$","?","M","E","R","B",null,"M","M","T","$","M","E","R","M","T","R","E","M","E","?","R","B",null,"M","$","?","?","M","E","R","E","T","$","E","M","R","E","R","B",null],"character_chosen":"THE_SILENT","items_purchased":["Meat on the Bone","Fruit Juice","Apotheosis+1","Poison Potion","FearPotion"],"campfire_rested":0,"item_purchase_floors":[21,36,36,44,44],"current_hp_per_floor":[62,62,62,67,67,67,67,66,66,72,72,61,57,43,49,46,68,68,47,47,47,38,55,64,52,52,61,47,47,44,44,56,20,67,67,77,43,43,46,47,59,59,59,59,25,29,41,22,34,21],"gold":81,"neow_bonus":"REMOVE_CARD","is_daily":false,"chose_seed":false,"campfire_upgraded":9,"win_rate":0.0,"timestamp":1609412613,"path_taken":["M","?","M","?","M","?","R","M","T","R","$","?","?","E","R","BOSS","M","M","?","$","?","E","R","M","T","R","E","M","E","?","R","BOSS","M","$","?","?","M","E","R","E","T","$","E","M","R","E","R","BOSS"],"items_purchased_type":["Relic","Potion","Card","Potion","Potion"],"build_version":"2020-12-22","purchased_purges":2,"victory":true,"max_hp_per_floor":[70,70,70,75,75,75,75,75,75,75,75,75,75,75,75,75,75,75,75,75,75,75,82,82,82,82,82,82,82,82,82,82,82,82,82,92,92,87,87,87,87,87,87,87,87,87,87,87,87,87],"card_choices":[{"not_picked":["Blur","Dodge and Roll"],"picked":"All Out Attack","floor":1.0},{"not_picked":["Flying Knee","Escape Plan","Dodge and Roll"],"picked":"SKIP","floor":3.0},{"not_picked":["Blade Dance","Sucker Punch"],"picked":"Crippling Poison","floor":5.0},{"not_picked":["All Out Attack","Acrobatics","Dagger Throw"],"picked":"SKIP","floor":8.0},{"not_picked":["Cloak And Dagger","Sucker Punch"],"picked":"Glass Knife","floor":13.0},{"not_picked":["Flechettes","Expertise"],"picked":"Masterful Stab","floor":14.0},{"not_picked":["Doppelganger","Bullet Time"],"picked":"After Image","floor":16.0},{"not_picked":["Prepared","Infinite Blades"],"picked":"Crippling Poison","floor":18.0},{"not_picked":["Flechettes","Poisoned Stab","Backstab"],"picked":"SKIP","floor":19.0},{"not_picked":["Flying Knee","Terror"],"picked":"Footwork","floor":22.0},{"not_picked":["Slice","Underhanded Strike+1","Dash"],"picked":"SKIP","floor":23.0},{"not_picked":["Acrobatics","Dagger Throw"],"picked":"Footwork+1","floor":25.0},{"not_picked":["Bane","Flying Knee+1"],"picked":"Night Terror","floor":28.0},{"not_picked":["Underhanded Strike","Sucker Punch","Bane"],"picked":"SKIP","floor":29.0},{"not_picked":["Noxious Fumes","Quick Slash+1"],"picked":"Poisoned Stab+1","floor":30.0},{"not_picked":["Grand Finale","Phantasmal Killer+1"],"picked":"Envenom","floor":33.0},{"not_picked":["Accuracy","Outmaneuver+1","Underhanded Strike+1"],"picked":"SKIP","floor":35.0},{"not_picked":["Backstab+1","PiercingWail+1","Prepared+1"],"picked":"SKIP","floor":39.0},{"not_picked":["Caltrops+1","Dagger Spray+1","Glass Knife"],"picked":"SKIP","floor":40.0},{"not_picked":["Masterful Stab","Footwork","Blade Dance+1"],"picked":"SKIP","floor":45.0},{"not_picked":["Setup+1","Sucker Punch+1"],"picked":"Acrobatics+1","floor":46.0},{"not_picked":["Acrobatics+1","Infinite Blades"],"picked":"Dodge and Roll+1","floor":48.0}],"player_experience":79230,"relics_obtained":[{"floor":9.0,"key":"Eternal Feather"},{"floor":14.0,"key":"TungstenRod"},{"floor":20.0,"key":"Anchor"},{"floor":23.0,"key":"Strawberry"},{"floor":26.0,"key":"Bottled Lightning"},{"floor":28.0,"key":"Letter Opener"},{"floor":30.0,"key":"Toxic Egg 2"},{"floor":37.0,"key":"WingedGreaves"},{"floor":40.0,"key":"Lizard Tail"},{"floor":43.0,"key":"Pen Nib"},{"floor":45.0,"key":"Regal Pillow"},{"floor":48.0,"key":"Paper Crane"}],"event_choices":[{"damage_healed":0.0,"max_hp_gain":0.0,"max_hp_loss":0.0,"gold_gain":0.0,"event_name":"Liars Game","player_choice":"Ignored","floor":2.0,"gold_loss":0.0,"damage_taken":0.0},{"damage_healed":0.0,"max_hp_gain":5.0,"max_hp_loss":0.0,"gold_gain":0.0,"event_name":"Big Fish","player_choice":"Donut","floor":4.0,"gold_loss":0.0,"damage_taken":0.0},{"damage_healed":0.0,"max_hp_gain":0.0,"max_hp_loss":0.0,"gold_gain":0.0,"cards_transformed":["Strike_G"],"event_name":"Living Wall","player_choice":"Change","floor":6.0,"gold_loss":0.0,"damage_taken":0.0,"cards_obtained":["Slice"]},{"damage_healed":0.0,"max_hp_gain":0.0,"max_hp_loss":0.0,"gold_gain":75.0,"event_name":"World of Goop","player_choice":"Gather Gold","floor":12.0,"gold_loss":0.0,"damage_taken":11.0},{"damage_healed":0.0,"max_hp_gain":0.0,"max_hp_loss":0.0,"gold_gain":0.0,"event_name":"Duplicator","player_choice":"Copied","floor":31.0,"gold_loss":0.0,"damage_taken":0.0,"cards_obtained":["After Image"]},{"damage_healed":0.0,"max_hp_gain":0.0,"max_hp_loss":0.0,"gold_gain":0.0,"event_name":"Mysterious Sphere","player_choice":"Fight","floor":37.0,"gold_loss":0.0,"damage_taken":0.0},{"damage_healed":0.0,"max_hp_gain":0.0,"max_hp_loss":5.0,"gold_gain":0.0,"event_name":"Winding Halls","player_choice":"Max HP","floor":38.0,"gold_loss":0.0,"damage_taken":0.0}],"is_beta":false,"boss_relics":[{"not_picked":["Runic Pyramid","Pandora\u0027s Box"],"picked":"SacredBark"},{"not_picked":["WristBlade","Ring of the Serpent"],"picked":"Coffee Dripper"}],"items_purged_floors":[11,21],"is_endless":false,"potions_floor_spawned":[1,5,22,23,30,42,48],"ascension_level":8}}