{"host":"3c27c697js19kaoo","time":1609400480,"event":{"mods":["ATMod(阿瑾Mod)","Aspiration","BaseMod","CapriCore","Dota2Spire","Hermit","Minty Spire (QoL Compilation)","Quick Restart","Remilia（蕾米莉亚）","Replay The Spire","Robot Space Explorer","RumiaBox-露米娅的神秘盒子","Spicy Shops","StSLib","The Alterego","The Cursed","The Runesmith","The Servant 0.9.4","vexMod","【功能Mod】混沌之环修复补丁","【遗物卡牌】REMEMod"],"gold_per_floor":[214,389,389,467,467,467,545,608,635,41,57,57,127,139,139,240,240,255,309,328,427,441,469,488,413,440,440,440,440,60,60,72,88,88,189,855,913,541,541,541,516,590,590,590,643,715,773,832,858,914,914,914],"floor_reached":53,"playtime":1950,"items_purged":["Injury"],"score":888,"play_id":"8b2bef97-8020-47d6-86de-87059054afee","local_time":"20201231154120","is_ascension_mode":true,"campfire_choices":[{"data":"AT_EmpoweredMortalDraw","floor":6.0,"key":"SMITH"},{"data":"RobotSpaceExplorer:ChargingLaser","floor":15.0,"key":"SMITH"},{"floor":31,"key":"REST"},{"data":"Barricade","floor":43,"key":"SMITH"}],"circlet_count":0,"master_deck":["Strike_R","Strike_R","Strike_R","Strike_R","Strike_R","Defend_R","Defend_R","Defend_R","Defend_R","Bash","AT_EmpoweredMortalDraw+1","RobotSpaceExplorer:ChargingLaser+1","Iron Wave+1","Inflame","Mayhem+1","Infernal Blade","Iron Wave+1","Brutality","Thunderclap+1","Barricade+1","Anger+1","Replay:Undeath\u0027s Touch+1","AT_IchimonjiDouble+1","Madness","Madness","AT_Dispersion+1"],"relics":["Burning Blood","REME_ComplimentaryCards","AT_ATBox","ReplayTheSpireMod:Ring of Challenge","ReplayTheSpireMod:Ring of Exchange","ReplayTheSpireMod:Shallot","Molten Egg 2","aspiration:ChemicalBlood","Blue Doll","Gremlin Horn","Replay:Bottled Steam","GodSword7","Membership Card","Dota2Spire:BattleFury","Replay:Wax Seal","Dota2Spire:PhaseBoots","aspiration:Stabinomicon","Shuriken","HornCleat","Dota2Spire:PowerTreads","vexMod:RockOfEvil","Bag of Preparation","AT_ChloranthyRing","CaptainsWheel","ReplayTheSpireMod:Ninjato","Nunchaku","Dota2Spire:DrumOfEndurance","Dota2Spire:ArmletOfMordiggian","Art of War","LastBattle"],"acts_visited":["Exordium","TheCity","TheBeyond"],"potions_floor_usage":[37,42,42,47,47],"damage_taken":[{"damage":0.0,"enemies":"2 Louse","floor":1.0,"turns":2.0},{"damage":20.0,"enemies":"3 Sentries","floor":7.0,"turns":4.0},{"damage":5.0,"enemies":"Jaw Worm","floor":8.0,"turns":3.0},{"damage":0.0,"enemies":"Cultist","floor":11.0,"turns":3.0},{"damage":20.0,"enemies":"Gremlin Nob","floor":13.0,"turns":3.0},{"damage":10.0,"enemies":"Blue Slaver","floor":14.0,"turns":2.0},{"damage":38.0,"enemies":"Hexaghost","floor":16.0,"turns":10.0},{"damage":1.0,"enemies":"Spheric Guardian","floor":18.0,"turns":2.0},{"damage":1.0,"enemies":"Chosen","floor":20.0,"turns":4.0},{"damage":9.0,"enemies":"Centurion and Healer","floor":22.0,"turns":5.0},{"damage":21.0,"enemies":"Replay:Snechameleon","floor":23.0,"turns":5.0},{"damage":11,"enemies":"Cultist and Chosen","floor":24,"turns":3},{"damage":1,"enemies":"Sentry and Sphere","floor":32,"turns":2},{"damage":14,"enemies":"Snake Plant","floor":33,"turns":2},{"damage":3,"enemies":"Collector","floor":35,"turns":4},{"damage":2,"enemies":"3 Shapes","floor":37,"turns":3},{"damage":9,"enemies":"Nemesis","floor":42,"turns":5},{"damage":8,"enemies":"Reptomancer","floor":46,"turns":5},{"damage":24,"enemies":"3 Darklings","floor":47,"turns":3},{"damage":17,"enemies":"Writhing Mass","floor":48,"turns":3},{"damage":1,"enemies":"Giant Head","floor":49,"turns":3},{"damage":1,"enemies":"Sphere and 2 Shapes","floor":50,"turns":2},{"damage":1,"enemies":"Replay:Hell Engine","floor":52,"turns":4}],"seed_played":"1640481828954268325","potions_obtained":[{"floor":8.0,"key":"Dexterity Potion"},{"floor":14.0,"key":"DistilledChaos"},{"floor":20.0,"key":"Block Potion"},{"floor":22.0,"key":"Dota2Spire:Clarity"},{"floor":23.0,"key":"Regen Potion"},{"floor":46,"key":"DuplicationPotion"},{"floor":47,"key":"LifebloodPotion"}],"is_trial":false,"path_per_floor":["M","?","?","T","?","R","E","M","T","$","M","?","E","M","R","B",null,"M","?","M","?","M","E","M","?","T","?","PTL","PTL","$","R","M","M","R","B",null,"M","$","?","?","?","E","R","?","T","E","M","M","E","M","R","B",null],"character_chosen":"IRONCLAD","items_purchased":["Mayhem+1","Gremlin Horn","Replay:Bottled Steam","Shuriken","HornCleat","Dota2Spire:PowerTreads","Replay:Undeath\u0027s Touch+1","AT_ChloranthyRing","AT_IchimonjiDouble+1","CaptainsWheel","ReplayTheSpireMod:Ninjato"],"campfire_rested":1,"item_purchase_floors":[10,10,10,30,30,30,30,38,38,38,38],"current_hp_per_floor":[80,80,80,80,80,80,66,67,67,67,73,73,59,55,55,23,80,80,64,69,69,66,56,51,51,51,35,35,35,35,59,64,56,80,80,80,80,80,80,80,80,77,77,67,67,65,47,36,41,46,70,75],"gold":914,"neow_bonus":"HUNDRED_GOLD","is_daily":false,"chose_seed":false,"campfire_upgraded":3,"win_rate":0.0,"timestamp":1609400480,"path_taken":["M","?","?","?","?","R","E","M","T","$","?","?","E","M","R","BOSS","M","?","M","?","M","E","M","?","T","?","PTL","PTL","?","R","M","M","R","BOSS","M","$","?","?","?","E","R","?","T","E","M","?","E","M","R","BOSS"],"items_purchased_type":["Card","Relic","Relic","Relic","Relic","Relic","Card","Relic","Card","Relic","Relic"],"build_version":"2020-12-22","purchased_purges":1,"victory":true,"max_hp_per_floor":[80,80,80,80,80,80,80,80,80,80,80,80,80,80,80,80,80,80,80,80,80,80,80,80,80,80,80,80,80,80,80,80,80,80,80,80,80,80,80,80,80,80,80,80,80,80,80,80,80,80,80,80],"card_choices":[{"not_picked":["Pommel Strike","Clothesline"],"picked":"Iron Wave","floor":1.0},{"not_picked":["Evolve","Run Through+1","ReplayTheSpireMod:Corrosion Curse"],"picked":"SKIP","floor":7.0},{"not_picked":["Shrug It Off","Combust"],"picked":"Inflame","floor":8.0},{"not_picked":["Replay:Many Hands","Shrug It Off"],"picked":"Infernal Blade","floor":11.0},{"not_picked":["Combust","Twin Strike+1","Shrug It Off"],"picked":"SKIP","floor":13.0},{"not_picked":["ReplayTheSpireMod:Strike From Hell+1","AT_DiedThrough"],"picked":"Iron Wave+1","floor":14.0},{"not_picked":["REME_TheLastStrike+1","Impervious"],"picked":"Brutality","floor":16.0},{"not_picked":["ReplayTheSpireMod:Strike From Hell+1","Cleave+1"],"picked":"Thunderclap+1","floor":18.0},{"not_picked":["AT_IchimonjiDouble+1","Replay:Undeath\u0027s Touch+1"],"picked":"Barricade","floor":19.0},{"not_picked":["Entrench","Thunderclap+1","Burning Pact"],"picked":"SKIP","floor":20.0},{"not_picked":["Metallicize","AT_BodySlamDance+1"],"picked":"Anger+1","floor":22.0},{"not_picked":["Fiend Fire+1","Entrench","Disarm"],"picked":"SKIP","floor":23.0},{"not_picked":["Spot Weakness+1","Anger+1","Sword Boomerang+1"],"picked":"SKIP","floor":24},{"not_picked":["Shrug It Off","Wild Strike+1","REME_SingleHolding"],"picked":"SKIP","floor":32},{"not_picked":["Heavy Blade+1","Pommel Strike+1","Second Wind"],"picked":"SKIP","floor":33},{"not_picked":["Shrug It Off+1","Wild Strike+1","Shockwave+1"],"picked":"SKIP","floor":37},{"not_picked":["Sword Boomerang+1","Limit Break","Fiend Fire+1"],"picked":"SKIP","floor":42},{"not_picked":["Warcry","Battle Trance+1","Run Through+1"],"picked":"SKIP","floor":46},{"not_picked":["Run Through+1","Disarm","Intimidate+1"],"picked":"SKIP","floor":47},{"not_picked":["Clash+1","Shrug It Off","Replay:Undeath\u0027s Touch+1"],"picked":"SKIP","floor":48},{"not_picked":["Wild Strike+1","Anger+1"],"picked":"AT_Dispersion","floor":49},{"not_picked":["Wild Strike+1","Disarm+1","Pummel+1"],"picked":"SKIP","floor":50}],"player_experience":191291,"relics_obtained":[{"floor":3.0,"key":"ReplayTheSpireMod:Ring of Challenge"},{"floor":3.0,"key":"ReplayTheSpireMod:Ring of Exchange"},{"floor":4.0,"key":"ReplayTheSpireMod:Shallot"},{"floor":7.0,"key":"aspiration:ChemicalBlood"},{"floor":9.0,"key":"Blue Doll"},{"floor":13.0,"key":"GodSword7"},{"floor":19.0,"key":"Dota2Spire:BattleFury"},{"floor":23.0,"key":"Replay:Wax Seal"},{"floor":26,"key":"Dota2Spire:PhaseBoots"},{"floor":27,"key":"aspiration:Stabinomicon"},{"floor":37,"key":"Bag of Preparation"},{"floor":42,"key":"Nunchaku"},{"floor":45,"key":"Dota2Spire:DrumOfEndurance"},{"floor":46,"key":"Dota2Spire:ArmletOfMordiggian"},{"floor":47,"key":"Art of War"},{"floor":49,"key":"LastBattle"}],"event_choices":[{"damage_healed":0.0,"max_hp_gain":0.0,"max_hp_loss":0.0,"gold_gain":175.0,"event_name":"Liars Game","player_choice":"AGREE","floor":2.0,"gold_loss":0.0,"damage_taken":0.0,"cards_obtained":["Doubt"]},{"cards_removed":["Doubt"],"damage_healed":0.0,"max_hp_gain":0.0,"max_hp_loss":0.0,"gold_gain":0.0,"event_name":"Purifier","player_choice":"Purged","floor":12.0,"gold_loss":0.0,"damage_taken":0.0},{"damage_healed":0.0,"max_hp_gain":0.0,"max_hp_loss":0.0,"gold_gain":99.0,"event_name":"Nest","player_choice":"Stole From Cult","floor":21.0,"gold_loss":0.0,"damage_taken":0.0},{"cards_removed":["Doubt"],"damage_healed":0,"gold_gain":0,"player_choice":"Gave Gold","damage_taken":0,"max_hp_gain":0,"max_hp_loss":0,"event_name":"Beggar","floor":25,"gold_loss":75},{"damage_healed":0,"gold_gain":0,"player_choice":"Obtained Book","damage_taken":16,"max_hp_gain":0,"max_hp_loss":0,"event_name":"Cursed Tome","floor":27,"gold_loss":0},{"damage_healed":0,"gold_gain":0,"player_choice":"Memory 1","damage_taken":0,"max_hp_gain":0,"max_hp_loss":0,"event_name":"SensoryStone","floor":39,"gold_loss":0},{"damage_healed":0,"gold_gain":0,"player_choice":"Ignored","damage_taken":0,"max_hp_gain":0,"max_hp_loss":0,"event_name":"Tomb of Lord Red Mask","floor":40,"gold_loss":0},{"damage_healed":0,"gold_gain":0,"player_choice":"Embrace Madness","damage_taken":10,"max_hp_gain":0,"max_hp_loss":0,"event_name":"Winding Halls","floor":44,"gold_loss":0,"cards_obtained":["Madness","Madness"]}],"is_beta":false,"boss_relics":[{"not_picked":["aspiration:SecretTechniqueScroll","Lee\u0027s Waffle"],"picked":"Membership Card"},{"not_picked":["Sling","vexMod:MysteryBossChallenge"],"picked":"vexMod:RockOfEvil"}],"items_purged_floors":[30],"is_endless":false,"potions_floor_spawned":[8,14,20,22,32,46,47,49],"ascension_level":2}}