{"host":"0azimyi6n3ugndj4","time":1609441469,"event":{"mods":["2.2 Compatiblity","BaseMod","Bestiary","Conspire","Curses Come First","Defuse TimeMaze Blight","Hyrulean Relics","Infinite Spire","Minty Spire (QoL Compilation)","Relic Stats","Replay The Spire","StSLib","SuperFastMode","Uncapped","¡¼?Úª?ø«¡½REMEMod"],"gold_per_floor":[132,32,32,32,182,15,48,148,148,148,181,256,256,256,256],"floor_reached":14,"playtime":294,"items_purged":[],"score":327,"play_id":"b63176c5-c525-45ca-b6f6-a02bd568dcf0","local_time":"20210101040429","daily_mods":["SealedDeck","Hoarder","Insanity","Chimera","Specialized","Vintage","ControlledChaos","Allstar","Diverse","Colorless Cards","Heirloom","Time Dilation","Flight","Elite Swarm","Lethality","Midas","Binary"],"is_ascension_mode":true,"campfire_choices":[{"floor":10,"key":"REST"}],"circlet_count":0,"master_deck":["Demon Form","Wraith Form v2","Echo Form","DevaForm","AscendersBane","Bash","Survivor","Zap","Eruption","Strike_R","Strike_G","Strike_B","Defend_R","Defend_G","Defend_P","Heel Hook","SashWhip","ClearTheMind","Shockwave","Flying Knee","Prostrate","Doom and Gloom","FlyingSleeves","Replay:Sssssssssshield","Swivel","Havoc","Deadly Poison","Consecrate","Second Wind","Twin Strike","Warcry","Cold Snap","Poisoned Stab","Double Energy","REME_Cut","Headbutt","Run Through","Perfected Strike","Replay:ManipulateFuture","Anger","Finisher","ReplayTheSpireMod:Speed Training","Defragment","Slice","Caltrops","Turbo","Prostrate","Caltrops","Riddle With Holes","Bane","FlyingSleeves","Backstab","FollowUp","Stack","Twin Strike","Ghostly Armor","Beam Cell","Capacitor","PiercingWail","ReplayTheSpireMod:Uncanny Aura","Dash","Flex","ReplayTheSpireMod:Strike From Hell","Adaptation","Iron Wave","Forethought","Forethought","Forethought","Forethought","Forethought","Forethought","Forethought","Forethought","Forethought","Forethought","Forethought","Forethought","Forethought","Forethought","Forethought","Chill","Chill","Chill","Armaments","Armaments","Armaments","Flying Knee","Flying Knee","Flying Knee","BasicCrystalCard","BasicCrystalCard","BasicCrystalCard","Blur","Blur","Blur","Cold Snap","Cold Snap","Cold Snap","REME_FearOfPain","REME_FearOfPain","REME_FearOfPain","Bane","Bane","Bane","Gash","Gash","Gash","Leap","Leap","Leap","Demon Form","Demon Form","Demon Form","Ghostly","Ghostly","Ghostly","Doubt","Doubt","Doubt"],"relics":["Snecko Eye","Busted Crown","REME_ComplimentaryCards","Basket Of Snakes","Bottled Lightning","zeldaRelics:CouragePiece","Chemical X","Lantern","Mirror","Odd Mushroom","zeldaRelics:BlueTunic"],"acts_visited":["Exordium"],"potions_floor_usage":[13],"damage_taken":[{"damage":10,"enemies":"Cultist","floor":1,"turns":4},{"damage":0,"enemies":"Jaw Worm","floor":7,"turns":1},{"damage":0,"enemies":"2 Louse","floor":11,"turns":2},{"damage":22,"enemies":"The Mushroom Lair","floor":12,"turns":3},{"damage":71,"enemies":"The Mushroom Lair","floor":13,"turns":6},{"damage":0,"enemies":"Lagavulin","floor":14,"turns":2}],"seed_played":"6827559261658780275","potions_obtained":[{"floor":1,"key":"conspire:TimeTravelPotion"}],"is_trial":true,"path_per_floor":["M","?","T","$","?","$","M","?","T","R","M","?","?","E"],"character_chosen":"THE_SILENT","items_purchased":["Chemical X"],"campfire_rested":1,"item_purchase_floors":[6],"current_hp_per_floor":[49,49,49,49,49,49,49,49,49,66,66,44,12,12,12],"gold":256,"neow_bonus":"","is_daily":false,"chose_seed":false,"campfire_upgraded":0,"win_rate":0.0,"timestamp":1609441469,"path_taken":["M","?","?","$","?","?","?","?","T","R","?","?","?","E"],"items_purchased_type":["Relic"],"build_version":"2020-12-22","purchased_purges":0,"victory":false,"max_hp_per_floor":[66,66,66,66,66,66,66,66,66,66,66,66,66,66,66],"relic_stats":{"Busted Crown":6,"counters":[6,18],"Snecko Eye":[34,34,22,35],"Chemical X":[1],"obtain_stats":[{"zeldaRelics:BlueTunic":13,"Lantern":7,"Busted Crown":0,"Basket Of Snakes":0,"Snecko Eye":0,"zeldaRelics:CouragePiece":3,"Bottled Lightning":1,"Chemical X":6,"Odd Mushroom":12,"Mirror":11,"REME_ComplimentaryCards":0},{"zeldaRelics:BlueTunic":5,"Lantern":2,"Busted Crown":0,"Basket Of Snakes":0,"Snecko Eye":0,"zeldaRelics:CouragePiece":1,"Bottled Lightning":1,"Chemical X":1,"Odd Mushroom":4,"Mirror":3,"REME_ComplimentaryCards":0},{"zeldaRelics:BlueTunic":16,"Lantern":5,"Busted Crown":0,"Basket Of Snakes":0,"Snecko Eye":0,"zeldaRelics:CouragePiece":4,"Bottled Lightning":4,"Chemical X":4,"Odd Mushroom":10,"Mirror":7,"REME_ComplimentaryCards":0}]},"card_choices":[],"player_experience":1480445,"relics_obtained":[{"floor":1,"key":"Bottled Lightning"},{"floor":3,"key":"zeldaRelics:CouragePiece"},{"floor":7,"key":"Lantern"},{"floor":9,"key":"zeldaRelics:CouragePiece"},{"floor":11,"key":"Mirror"},{"floor":12,"key":"Odd Mushroom"},{"floor":13,"key":"zeldaRelics:BlueTunic"}],"event_choices":[{"damage_healed":0,"gold_gain":0,"player_choice":"Argue","damage_taken":0,"max_hp_gain":0,"max_hp_loss":0,"event_name":"conspire:LoneGhost","floor":2,"gold_loss":0},{"damage_healed":0,"gold_gain":150,"player_choice":"AGREE","damage_taken":0,"max_hp_gain":0,"max_hp_loss":0,"event_name":"Liars Game","floor":5,"gold_loss":0,"cards_obtained":["Doubt"]},{"damage_healed":0,"gold_gain":100,"player_choice":"Gold","damage_taken":0,"max_hp_gain":0,"max_hp_loss":0,"event_name":"Wheel of Change","floor":8,"gold_loss":0},{"damage_healed":0,"gold_gain":0,"player_choice":"Fought Mushrooms","damage_taken":0,"max_hp_gain":0,"max_hp_loss":0,"event_name":"Mushrooms","floor":12,"gold_loss":0}],"is_beta":false,"boss_relics":[],"items_purged_floors":[],"is_endless":false,"potions_floor_spawned":[1],"killed_by":"Lagavulin","ascension_level":20}}