{"host":"kfxo18y74thmd7h4","time":1609410281,"event":{"mods":["Act Like it!","Ascension Reborn","BaseMod","Colored Powertips","Downfall","Googly Eyes","GungeonMod","Highlight Path","Mimic Mod","Minty Spire (QoL Compilation)","Quick Restart","READ ME - Snecko Mod","Replay The Spire","StSLib","The Bladedancer","[IsaacMod]ÒÔÈö¼âËþ"],"gold_per_floor":[115,115,133,149,173,206,206,221,244,244,244,329,329,329,629,647,647,766,766,766,766],"floor_reached":20,"playtime":755,"items_purged":[],"score":182,"play_id":"719780d1-6610-4188-a22c-293aa2c29020","local_time":"20201231182441","is_ascension_mode":true,"campfire_choices":[{"data":"DemoMod:SkilledReload","floor":11.0,"key":"SMITH"},{"floor":17.0,"key":"REST"}],"circlet_count":0,"master_deck":["DemoMod:Defend_Huntress","DemoMod:Defend_Huntress","DemoMod:Defend_Huntress","DemoMod:Roll","DemoMod:ManualReload","DemoMod:CrossBow","DemoMod:StickyCrossBow","DemoMod:Desperate","DemoMod:SkilledReload+1","DemoMod:DoubleVision","DemoMod:PotionOfGunFriendShip","DemoMod:DirectionalPad","DemoMod:BSG","DemoMod:FullFirepower","Clumsy"],"relics":["DemoMod:Dog","HushsDoor","Void","Golden Idol","DoctorsRemote","Ancient Tea Set","DemoMod:SilverBullets","Kintsugi"],"acts_visited":["Exordium","TheCity"],"potions_floor_usage":[],"damage_taken":[{"damage":0.0,"enemies":"Cultist","floor":1.0,"turns":1.0},{"damage":0.0,"enemies":"Jaw Worm","floor":3.0,"turns":1.0},{"damage":0.0,"enemies":"2 Louse","floor":4.0,"turns":1.0},{"damage":2.0,"enemies":"Looter","floor":5.0,"turns":2.0},{"damage":18.0,"enemies":"Gremlin Nob","floor":6.0,"turns":5.0},{"damage":0.0,"enemies":"Large Slime","floor":8.0,"turns":4.0},{"damage":12.0,"enemies":"Lagavulin","floor":12.0,"turns":8.0},{"damage":5.0,"enemies":"Gremlin Gang","floor":16.0,"turns":6.0},{"damage":30.0,"enemies":"Hexaghost","floor":18.0,"turns":8.0},{"damage":166,"enemies":"Chosen","floor":20,"turns":5}],"seed_played":"-5303277079236064056","potions_obtained":[{"floor":3.0,"key":"PowerPotion"},{"floor":4.0,"key":"LiquidBronze"},{"floor":8.0,"key":"Weak Potion"},{"floor":16.0,"key":"Fire Potion"}],"is_trial":false,"path_per_floor":["M","?","M","M","M","E","?","M","T","?","R","E","PTL","PTL","?","M","R","B",null,"M"],"character_chosen":"HUNTRESS","items_purchased":[],"campfire_rested":1,"item_purchase_floors":[],"current_hp_per_floor":[70,53,53,53,51,33,21,21,21,26,26,14,14,14,14,9,31,1,75,0,0],"gold":766,"neow_bonus":"THREE_ENEMY_KILL","is_daily":false,"chose_seed":false,"campfire_upgraded":1,"win_rate":0.0,"timestamp":1609410281,"path_taken":["M","?","M","M","M","E","?","M","T","?","R","E","PTL","PTL","?","M","R","BOSS","M"],"items_purchased_type":[],"build_version":"2020-12-22","purchased_purges":0,"victory":false,"max_hp_per_floor":[70,70,70,70,70,70,70,70,70,75,75,75,75,75,75,75,75,75,75,75,75],"card_choices":[{"not_picked":[],"picked":"ChaosCard","floor":0.0},{"not_picked":["DemoMod:FastSwitch","DemoMod:AC15"],"picked":"DemoMod:StickyCrossBow","floor":1.0},{"not_picked":["DemoMod:EasyReloadBullets","DemoMod:MachoBrace","DemoMod:LifeOrb"],"picked":"SKIP","floor":3.0},{"not_picked":["DemoMod:HardPowerCard","DemoMod:Unmoved"],"picked":"DemoMod:Desperate","floor":4.0},{"not_picked":["DemoMod:JK47","DemoMod:ShadowBullets"],"picked":"DemoMod:SkilledReload","floor":4.0},{"not_picked":["DemoMod:ShadowBullets","DemoMod:StickyCrossBow"],"picked":"DemoMod:DoubleVision","floor":5.0},{"not_picked":["DemoMod:HighKaliber","DemoMod:GunstockTap","DemoMod:Camera"],"picked":"SKIP","floor":6.0},{"not_picked":["DemoMod:GunShield","DemoMod:HardPowerCard","DemoMod:RadGun"],"picked":"SKIP","floor":8.0},{"not_picked":["DemoMod:GunShield","DemoMod:HardPowerCard","DemoMod:RadGun"],"picked":"SKIP","floor":8.0},{"not_picked":["DemoMod:HungryBullets","DemoMod:JK47"],"picked":"DemoMod:PotionOfGunFriendShip","floor":12.0},{"not_picked":["DemoMod:ShadowBullets","DemoMod:AbyssalTentacle"],"picked":"DemoMod:DirectionalPad","floor":16.0},{"not_picked":["DemoMod:DarkMarker","DemoMod:FightSabre"],"picked":"DemoMod:BSG","floor":18.0},{"not_picked":["DemoMod:GunslingerForm","DemoMod:Elimentaler"],"picked":"DemoMod:FullFirepower","floor":18.0}],"player_experience":389691,"relics_obtained":[{"floor":6.0,"key":"DoctorsRemote"},{"floor":12.0,"key":"DemoMod:SilverBullets"}],"event_choices":[{"damage_healed":0.0,"max_hp_gain":0.0,"max_hp_loss":0.0,"gold_gain":0.0,"event_name":"Golden Idol","player_choice":"Take Damage","floor":2.0,"gold_loss":0.0,"damage_taken":17.0,"relics_obtained":["Golden Idol"]},{"damage_healed":0.0,"max_hp_gain":0.0,"max_hp_loss":0.0,"gold_gain":0.0,"event_name":"Scrap Ooze","player_choice":"Success","floor":7.0,"gold_loss":0.0,"damage_taken":12.0,"relics_obtained":["Ancient Tea Set"]},{"damage_healed":0.0,"max_hp_gain":5.0,"max_hp_loss":0.0,"gold_gain":0.0,"event_name":"Big Fish","player_choice":"Donut","floor":10.0,"gold_loss":0.0,"damage_taken":0.0}],"is_beta":false,"boss_relics":[{"not_picked":["Ectoplasm","Tiny House"],"picked":"Kintsugi"},{"not_picked":[]}],"items_purged_floors":[],"is_endless":false,"potions_floor_spawned":[3,4,8,16],"killed_by":"Chosen","ascension_level":0}}