{"host":"yer03dsd277nstsn","time":1609418200,"event":{"mods":["BaseMod","Colored Powertips","Minty Spire (QoL Compilation)"],"gold_per_floor":[113,113,128,128,138,165,165,184,184,200,210,227,245,258,258,358,358,374,391,391,316,326,326,326,341,364,364,379,399,399,399],"floor_reached":30,"playtime":1248,"items_purged":[],"score":349,"play_id":"fcd942f3-6a0b-4952-817b-e4f6351bbb60","local_time":"20201231063640","is_ascension_mode":true,"campfire_choices":[{"data":"Dualcast","floor":7,"key":"SMITH"},{"floor":15,"key":"REST"},{"floor":23,"key":"REST"},{"floor":27,"key":"REST"}],"circlet_count":0,"master_deck":["Zap+1","Dualcast+1","Ball Lightning","Hologram","Streamline","Cold Snap","Conserve Battery","Cold Snap","Cold Snap","Coolheaded","Cold Snap","Core Surge","Buffer","Hologram","Echo Form","Seek","Hologram","Blizzard","Reprogram","Reboot","Cold Snap","Rebound","Coolheaded+1"],"relics":["Cracked Core","Matryoshka","InkBottle","HornCleat","Pandora\u0027s Box","Shovel","Smiling Mask","Bag of Marbles"],"acts_visited":["Exordium","TheCity"],"potions_floor_usage":[25,25,25,29,30],"damage_taken":[{"damage":0,"enemies":"Jaw Worm","floor":1,"turns":3},{"damage":0,"enemies":"2 Louse","floor":3,"turns":3},{"damage":1,"enemies":"Cultist","floor":5,"turns":3},{"damage":31,"enemies":"Gremlin Nob","floor":6,"turns":4},{"damage":4,"enemies":"Red Slaver","floor":8,"turns":2},{"damage":0,"enemies":"Looter","floor":10,"turns":3},{"damage":3,"enemies":"Large Slime","floor":11,"turns":4},{"damage":1,"enemies":"2 Fungi Beasts","floor":12,"turns":3},{"damage":0,"enemies":"Exordium Wildlife","floor":13,"turns":2},{"damage":4,"enemies":"Large Slime","floor":14,"turns":4},{"damage":25,"enemies":"Slime Boss","floor":16,"turns":14},{"damage":0,"enemies":"Spheric Guardian","floor":18,"turns":3},{"damage":14,"enemies":"3 Byrds","floor":19,"turns":4},{"damage":33,"enemies":"Centurion and Healer","floor":22,"turns":8},{"damage":31,"enemies":"Snake Plant","floor":25,"turns":5},{"damage":26,"enemies":"Shelled Parasite and Fungi","floor":28,"turns":7},{"damage":0,"enemies":"Snecko","floor":29,"turns":4},{"damage":5,"enemies":"Gremlin Leader","floor":30,"turns":2}],"seed_played":"-217979098134545178","potions_obtained":[{"floor":3,"key":"LiquidBronze"},{"floor":11,"key":"LiquidBronze"},{"floor":13,"key":"Dexterity Potion"},{"floor":19,"key":"PotionOfCapacity"},{"floor":25,"key":"GamblersBrew"},{"floor":28,"key":"Weak Potion"}],"is_trial":false,"path_per_floor":["M","?","M","?","M","E","R","M","T","M","M","M","M","M","R","B",null,"M","M","?","?","M","R","?","M","T","R","M","M","E"],"character_chosen":"DEFECT","items_purchased":[],"campfire_rested":3,"item_purchase_floors":[],"current_hp_per_floor":[68,68,68,68,67,36,36,32,32,32,29,28,28,24,46,21,62,62,48,48,48,15,37,37,6,6,28,2,2,0,0],"gold":399,"neow_bonus":"UPGRADE_CARD","is_daily":false,"chose_seed":false,"campfire_upgraded":1,"win_rate":0.0,"timestamp":1609418200,"path_taken":["M","?","M","?","M","E","R","M","T","M","?","M","M","M","R","BOSS","M","M","?","?","M","R","?","M","T","R","M","M","E"],"items_purchased_type":[],"build_version":"2020-12-22","purchased_purges":0,"victory":false,"max_hp_per_floor":[75,75,75,75,75,75,75,75,75,75,75,75,75,75,75,75,75,75,75,75,75,75,75,75,75,75,75,75,75,75,75],"card_choices":[{"not_picked":["Barrage","Turbo"],"picked":"Ball Lightning","floor":1},{"not_picked":["Redo","Force Field"],"picked":"Hologram","floor":3},{"not_picked":["Steam","Conserve Battery"],"picked":"Streamline","floor":5},{"not_picked":["Gash","Hello World"],"picked":"Cold Snap","floor":6},{"not_picked":["Gash","Rip and Tear"],"picked":"Conserve Battery","floor":8},{"not_picked":["Hologram","Meteor Strike"],"picked":"Cold Snap","floor":10},{"not_picked":["Steam Power","Hologram","White Noise"],"picked":"SKIP","floor":11},{"not_picked":["Conserve Battery","Fusion"],"picked":"Cold Snap","floor":12},{"not_picked":["Conserve Battery","Turbo"],"picked":"Coolheaded","floor":13},{"not_picked":["Lockon","Reprogram"],"picked":"Cold Snap","floor":14},{"not_picked":["Fission","Rainbow"],"picked":"Core Surge","floor":16},{"not_picked":["Beam Cell","Compile Driver","Fusion"],"picked":"SKIP","floor":18},{"not_picked":["Beam Cell","Compile Driver","Fusion"],"picked":"SKIP","floor":18},{"not_picked":["Barrage","Ball Lightning"],"picked":"Cold Snap","floor":19},{"not_picked":["Steam","Tempest+1","Cold Snap"],"picked":"SKIP","floor":22},{"not_picked":["Streamline","Tempest"],"picked":"Rebound","floor":25},{"not_picked":["Hologram","Gash","Leap"],"picked":"SKIP","floor":28},{"not_picked":["Cold Snap","Conserve Battery+1"],"picked":"Coolheaded+1","floor":29}],"player_experience":413302,"relics_obtained":[{"floor":6,"key":"Matryoshka"},{"floor":9,"key":"InkBottle"},{"floor":9,"key":"HornCleat"},{"floor":26,"key":"Smiling Mask"},{"floor":26,"key":"Bag of Marbles"}],"event_choices":[{"damage_healed":0,"gold_gain":0,"player_choice":"Ignored","damage_taken":0,"max_hp_gain":0,"max_hp_loss":0,"event_name":"Shining Light","floor":2,"gold_loss":0},{"damage_healed":0,"gold_gain":0,"player_choice":"Bought 0 Potions","damage_taken":0,"max_hp_gain":0,"max_hp_loss":0,"event_name":"The Woman in Blue","floor":4,"gold_loss":0},{"damage_healed":0,"gold_gain":0,"player_choice":"Opened","damage_taken":0,"relics_obtained":["Shovel"],"max_hp_gain":0,"max_hp_loss":0,"event_name":"The Mausoleum","floor":20,"gold_loss":0,"cards_obtained":["Writhe"]},{"cards_removed":["Writhe"],"damage_healed":0,"gold_gain":0,"player_choice":"Gave Gold","damage_taken":0,"max_hp_gain":0,"max_hp_loss":0,"event_name":"Beggar","floor":21,"gold_loss":75},{"damage_healed":0,"gold_gain":0,"player_choice":"Ignored","damage_taken":0,"max_hp_gain":0,"max_hp_loss":0,"event_name":"Vampires","floor":24,"gold_loss":0}],"is_beta":false,"boss_relics":[{"not_picked":["FrozenCore","Runic Pyramid"],"picked":"Pandora\u0027s Box"}],"items_purged_floors":[],"is_endless":false,"potions_floor_spawned":[3,11,13,16,19,25,28],"killed_by":"Gremlin Leader","ascension_level":7}}