{"host":"w1xj5yb993x94b3l","time":1609423967,"event":{"mods":["AchievementEnabler","Act Like it!","Aspiration","BaseMod","Beaked The Cultist","BetterRewards","CCEM","Clockwork Mod","Colored Powertips","Conspire","Downfall","Energized Spire","Friendly Minions","GifTheSpireLib","Glutton Mod","Halation","Hubris","Infinite Spire","Lobotomy","LobotomyExtend","Mad Scientist","Marisa????????","Minty Spire (QoL Compilation)","Relic Sorter","Replay The Spire","Slumbering Mod","Spikes Relics","StSLib","Stuff the Spire","The Bladedancer","The Construct","The Disciple","The Jungle","The Mystic","The Runesmith","The Sage","The Servant 0.9.4","Trackpad","vexMod"],"gold_per_floor":[118,118,118,138,152,183,108,136,184,184,243,243,257,257,257,354,354,364,364,380,380,391,391,401,414,460,460,460,460,488,587,587,587,587],"floor_reached":33,"playtime":1966,"items_purged":["Pain"],"score":314,"play_id":"60f819b1-8c34-42c5-87ed-f07d37358312","local_time":"20201231151247","is_ascension_mode":true,"campfire_choices":[{"floor":12,"key":"REST"},{"floor":15,"key":"REST"},{"floor":23,"key":"REST"},{"floor":29,"key":"REST"},{"floor":32,"key":"REST"}],"circlet_count":0,"master_deck":["construct:Strike_Gold","construct:Strike_Gold","construct:Strike_Gold","construct:Strike_Gold","construct:Strike_Gold","construct:Defend_Gold","construct:Defend_Gold","construct:Defend_Gold","construct:Defend_Gold","construct:Defend_Gold","construct:AttackMode","construct:DefenseMode","vexMod:StairwayStrike","construct:OneWayMirror","construct:SyphonStrike","construct:GatlingGun","construct:CriticalHit","construct:ShiftGuard","construct:Versatility","construct:SiegeForm","construct:Enhance+1","construct:SweepLaser","construct:ClusterMines+1","construct:Anticipate","construct:Reinforce+1","infinitespire:SevenWalls","construct:ScrapCannon"],"relics":["construct:ClockworkPhoenix","construct:Challenge1","LetterFromLob","WarpedTongs","hubris:OldNail","RollingBoulder","trackpad:PetRock","aspiration:TomeofQuesting","halation:ForbiddenBikini","NlothsMask","vexMod:FocusSash","BranchBurnRelic"],"acts_visited":["Exordium","TheCity"],"potions_floor_usage":[6,8,22,24,28],"damage_taken":[{"damage":13,"enemies":"Small Slimes","floor":1,"turns":6},{"damage":3,"enemies":"2 Louse","floor":4,"turns":2},{"damage":2,"enemies":"Cultist","floor":5,"turns":4},{"damage":60,"enemies":"3 Sentries","floor":6,"turns":12},{"damage":6,"enemies":"theSlumbering:Adrasteia","floor":8,"turns":4},{"damage":7,"enemies":"Gremlin Nob","floor":11,"turns":3},{"damage":0,"enemies":"2 Fungi Beasts","floor":13,"turns":2},{"damage":7,"enemies":"Slime Boss","floor":16,"turns":8},{"damage":40,"enemies":"3 Byrds","floor":18,"turns":6},{"damage":24,"enemies":"Chosen","floor":20,"turns":6},{"damage":6,"enemies":"Snecko","floor":22,"turns":5},{"damage":22,"enemies":"Shelled Parasite and Fungi","floor":24,"turns":5},{"damage":1,"enemies":"Snake Plant","floor":25,"turns":3},{"damage":5,"enemies":"Colosseum Slavers","floor":28,"turns":3},{"damage":14,"enemies":"conspire:SneckoGhost","floor":30,"turns":8},{"damage":50,"enemies":"Champ","floor":33,"turns":12}],"seed_played":"6404494072368252439","potions_obtained":[{"floor":4,"key":"SteroidPotion"},{"floor":5,"key":"Regen Potion"},{"floor":8,"key":"Ancient Potion"},{"floor":22,"key":"ColorlessPotion"},{"floor":24,"key":"Doom Potion"},{"floor":25,"key":"Block Potion"}],"is_trial":false,"path_per_floor":["M","?","?","M","M","E","$","E","T","?","?","R","M","M","R","B",null,"M","?","M","$","M","R","M","M","T","AVR","?","R","E","?","R","B"],"character_chosen":"THE_CONSTRUCT_MOD","items_purchased":[],"campfire_rested":5,"item_purchase_floors":[],"current_hp_per_floor":[64,76,76,73,71,26,26,20,20,20,13,36,36,5,28,21,77,37,37,13,13,7,30,8,7,7,7,2,25,11,11,34,0,0],"gold":587,"neow_bonus":"RANDOM_COLORLESS_2","is_daily":false,"chose_seed":false,"campfire_upgraded":0,"win_rate":0.0,"timestamp":1609423967,"path_taken":["M","?","?","M","?","E","$","E","T","?","?","R","M","M","R","BOSS","M","?","M","?","?","R","M","M","T","AVR","?","R","E","?","R","BOSS"],"items_purchased_type":[],"build_version":"2020-12-22","purchased_purges":1,"victory":false,"max_hp_per_floor":[77,77,77,77,77,77,77,77,77,77,77,77,77,77,77,77,77,77,77,77,77,77,77,77,77,77,77,77,77,77,77,77,77,77],"card_choices":[{"not_picked":["Crow Ritual","StuffTheSpire:Recharge"],"picked":"vexMod:StairwayStrike","floor":0},{"not_picked":["construct:VentSteam","construct:ShiftStrike"],"picked":"construct:SyphonStrike","floor":1},{"not_picked":["construct:Dampening","construct:SaveState"],"picked":"construct:OneWayMirror","floor":4},{"not_picked":["construct:Backfire","construct:PointDefense"],"picked":"construct:SyphonStrike","floor":5},{"not_picked":["construct:Autoturret","construct:ModeShift"],"picked":"construct:GatlingGun","floor":6},{"not_picked":["construct:ModeShift","construct:Backfire"],"picked":"construct:CriticalHit","floor":8},{"not_picked":["construct:Accumulate","construct:ReactiveShield"],"picked":"construct:ShiftGuard","floor":11},{"not_picked":["construct:PowerUp","construct:ScrapCannon"],"picked":"construct:Versatility","floor":13},{"not_picked":["construct:ShiftingStance","construct:BatteryCore"],"picked":"construct:SiegeForm","floor":16},{"not_picked":["construct:Analyze","construct:SyphonStrike"],"picked":"construct:Enhance+1","floor":18},{"not_picked":["construct:HeavyBolt+1","construct:Boost"],"picked":"construct:SweepLaser","floor":20},{"not_picked":["construct:FocusedBeam","construct:OmegaCannon"],"picked":"construct:ClusterMines+1","floor":22},{"not_picked":["construct:HardReboot+1","construct:Analyze+1"],"picked":"construct:Anticipate","floor":24},{"not_picked":["construct:Autoturret","construct:Isolate"],"picked":"construct:Reinforce+1","floor":25},{"not_picked":["construct:Autoturret","construct:OmegaCannon"],"picked":"construct:ScrapCannon","floor":30}],"player_experience":227827,"relics_obtained":[{"floor":1,"key":"LetterFromLob"},{"floor":6,"key":"hubris:OldNail"},{"floor":8,"key":"RollingBoulder"},{"floor":9,"key":"trackpad:PetRock"},{"floor":11,"key":"aspiration:TomeofQuesting"},{"floor":30,"key":"Dead Branch"}],"event_choices":[{"damage_healed":0,"gold_gain":0,"player_choice":"Rummage","damage_taken":0,"relics_obtained":["WarpedTongs"],"max_hp_gain":0,"max_hp_loss":0,"event_name":"Accursed Blacksmith","floor":3,"gold_loss":0,"cards_obtained":["Pain"]},{"damage_healed":0,"gold_gain":0,"player_choice":"Leave","damage_taken":0,"max_hp_gain":0,"max_hp_loss":0,"event_name":"conspire:Investor","floor":10,"gold_loss":0},{"damage_healed":0,"gold_gain":0,"player_choice":"Searched \u00271\u0027 times","damage_taken":0,"max_hp_gain":0,"max_hp_loss":0,"event_name":"Dead Adventurer","floor":11,"gold_loss":0},{"damage_healed":0,"gold_gain":0,"player_choice":"Trade","damage_taken":0,"relics_obtained":["NlothsMask"],"max_hp_gain":0,"max_hp_loss":0,"event_name":"FaceTrader","floor":19,"gold_loss":0},{"damage_healed":0,"gold_gain":0,"player_choice":"Fight","damage_taken":0,"max_hp_gain":0,"max_hp_loss":0,"event_name":"Colosseum","floor":28,"gold_loss":0},{"damage_healed":0,"gold_gain":0,"player_choice":"Fled From Nobs","damage_taken":0,"max_hp_gain":0,"max_hp_loss":0,"event_name":"Colosseum","floor":28,"gold_loss":0},{"damage_healed":0,"gold_gain":99,"player_choice":"Stole From Cult","damage_taken":0,"max_hp_gain":0,"max_hp_loss":0,"event_name":"Nest","floor":31,"gold_loss":0}],"is_beta":false,"boss_relics":[{"not_picked":["halation:Yufonium","conspire:SlowCooker"],"picked":"halation:ForbiddenBikini"}],"items_purged_floors":[7],"is_endless":false,"potions_floor_spawned":[4,5,8,22,24,25],"killed_by":"Champ","ascension_level":3}}