{"host":"zh52cun1g5egmafn","time":1609434940,"event":{"mods":["AchievementEnabler","BaseMod","DeckTracker","Highlight Path","Minty Spire (QoL Compilation)"],"gold_per_floor":[112,127,141,119,134,134,149,149,149,174,194,222,239,239,239],"floor_reached":14,"playtime":957,"items_purged":[],"score":104,"play_id":"3a9abd42-e940-44d3-9c85-21f1f9dc7565","local_time":"20210101021540","is_ascension_mode":false,"campfire_choices":[{"data":"Hologram","floor":6.0,"key":"SMITH"},{"data":"Aggregate","floor":8.0,"key":"SMITH"}],"circlet_count":0,"master_deck":["Strike_B","Strike_B","Strike_B","Strike_B","Defend_B","Defend_B","Defend_B","Defend_B","Zap","Dualcast","Stack","Rebound","Hologram+1","Barrage","Coolheaded","Aggregate+1","Hologram","Beam Cell","Stack","Stack"],"relics":["Sozu","Thread and Needle","TungstenRod","Ginger"],"acts_visited":["Exordium"],"potions_floor_usage":[],"damage_taken":[{"damage":1.0,"enemies":"Cultist","floor":1.0,"turns":3.0},{"damage":2.0,"enemies":"2 Louse","floor":2.0,"turns":3.0},{"damage":8.0,"enemies":"Jaw Worm","floor":3.0,"turns":3.0},{"damage":8.0,"enemies":"3 Louse","floor":5.0,"turns":4.0},{"damage":8.0,"enemies":"Red Slaver","floor":7.0,"turns":3.0},{"damage":3.0,"enemies":"3 Sentries","floor":10.0,"turns":11.0},{"damage":3.0,"enemies":"Lots of Slimes","floor":11.0,"turns":6.0},{"damage":5.0,"enemies":"Lagavulin","floor":12.0,"turns":10.0},{"damage":0.0,"enemies":"Blue Slaver","floor":13.0,"turns":4.0},{"damage":46,"enemies":"Gremlin Nob","floor":14,"turns":5}],"seed_played":"5518939273050850245","potions_obtained":[],"is_trial":false,"path_per_floor":["M","M","M","$","M","R","M","R","T","E","M","E","M","E"],"character_chosen":"DEFECT","items_purchased":["Barrage"],"campfire_rested":0,"item_purchase_floors":[4],"current_hp_per_floor":[74,72,64,64,56,56,48,48,48,45,42,37,37,0,0],"gold":239,"neow_bonus":"BOSS_RELIC","is_daily":false,"chose_seed":false,"campfire_upgraded":2,"win_rate":0.0,"timestamp":1609434940,"path_taken":["M","?","M","$","M","R","M","R","T","E","M","E","M","E"],"items_purchased_type":["Card"],"build_version":"2020-12-22","purchased_purges":0,"victory":false,"max_hp_per_floor":[75,75,75,75,75,75,75,75,75,75,75,75,75,75,75],"card_choices":[{"not_picked":["Gash","Sweeping Beam"],"picked":"Stack","floor":1.0},{"not_picked":["Leap","Storm"],"picked":"Rebound","floor":2.0},{"not_picked":["Turbo","Barrage"],"picked":"Hologram","floor":3.0},{"not_picked":["Ball Lightning","Redo"],"picked":"Coolheaded","floor":5.0},{"not_picked":["Creative AI","Steam Power"],"picked":"Aggregate","floor":7.0},{"not_picked":["Barrage","Coolheaded"],"picked":"Hologram","floor":10.0},{"not_picked":["Storm","Leap"],"picked":"Beam Cell","floor":11.0},{"not_picked":["Conserve Battery","Hologram"],"picked":"Stack","floor":12.0},{"not_picked":["Rip and Tear","Streamline"],"picked":"Stack","floor":13.0}],"player_experience":123011,"relics_obtained":[{"floor":9.0,"key":"Thread and Needle"},{"floor":10.0,"key":"TungstenRod"},{"floor":12.0,"key":"Ginger"}],"event_choices":[],"is_beta":false,"boss_relics":[],"items_purged_floors":[],"is_endless":false,"potions_floor_spawned":[7,10,11,12],"killed_by":"Gremlin Nob","ascension_level":0}}