{"host":"vs449n3fto5g3ggm","time":1609449443,"event":{"mods":["BaseMod","Better Note","Better Third Choice","Better Vampires","Hermit","Highlight Path","JesterMod","Minty Spire (QoL Compilation)","Rare Cards Sparkle","Relic Stats","Robot Space Explorer","Somnambulant","Spicy Shops","StSLib","The Blackbeard","The Cursed","The Disciple","The Dragon Tamer","The Hierophant","The Servant 0.9.4","The Witch","TheFirefly"],"gold_per_floor":[112,129,129,90,90,122,122,47,70,80,80,94,44,44,44,146,146,162,178,277,296,309,309,335,335,335,335,335,174,27,55,55,55,55,55],"floor_reached":33,"playtime":2430,"items_purged":["DTMod:Strike","DTMod:TargetDefense"],"score":286,"play_id":"2f76e27d-bdfd-406f-836f-2169bc8006aa","local_time":"20201231131723","is_ascension_mode":false,"metric_token":1427,"campfire_choices":[{"data":"DTMod:Adaptation","floor":7,"key":"SMITH"},{"data":"DTMod:CrossStep","floor":11,"key":"SMITH"},{"data":"DTMod:MasterPlan","floor":15,"key":"SMITH"},{"data":"DTMod:SealedStrike","floor":23,"key":"SMITH"},{"data":"DTMod:SealedStrike+1","floor":25,"key":"SMITH"},{"data":"DTMod:SealedStrike+2","floor":28,"key":"SMITH"},{"data":"DTMod:SealedStrike+3","floor":32,"key":"SMITH"}],"dtmod_dragon_data":[0,50,2,-1,4,0],"circlet_count":0,"master_deck":["DTMod:Strike","DTMod:Strike","DTMod:DoubleHit+1","DTMod:TargetDefense+1","DTMod:TargetDefense","DTMod:TargetDefense","DTMod:SwitchingTactic","DTMod:CrossStep+1","DTMod:QuickFly+1","FTL+1","DTMod:Adaptation+1","DTMod:HeatWave","DTMod:MasterPlan+1","DTMod:RunningTactic","TheCursedMod:CircleOfBlood","DTMod:SealedStrike+4","DTMod:FlameSlash","DTMod:BuildUp+1","Clumsy"],"relics":["DTMod:PactStone","Art of War","Bag of Preparation","Philosopher\u0027s Stone","Red Mask","InkBottle","MutagenicStrength","Whetstone","Lantern","Ornamental Fan"],"acts_visited":["Exordium","TheCity"],"potions_floor_usage":[6,33,33],"damage_taken":[{"damage":0,"enemies":"2 Louse","floor":1,"turns":2},{"damage":1,"enemies":"Jaw Worm","floor":2,"turns":5},{"damage":8,"enemies":"Lagavulin","floor":6,"turns":6},{"damage":0,"enemies":"Small Slimes","floor":10,"turns":2},{"damage":0,"enemies":"3 Louse","floor":12,"turns":3},{"damage":9,"enemies":"Slime Boss","floor":16,"turns":10},{"damage":0,"enemies":"Chosen","floor":18,"turns":4},{"damage":3,"enemies":"Shell Parasite","floor":19,"turns":5},{"damage":0,"enemies":"Sentry and Sphere","floor":21,"turns":4},{"damage":0,"enemies":"3 Cultists","floor":22,"turns":4},{"damage":7,"enemies":"Masked Bandits","floor":24,"turns":5},{"damage":0,"enemies":"Book of Stabbing","floor":31,"turns":5},{"damage":71,"enemies":"Collector","floor":33,"turns":6}],"seed_played":"-4471895203508546402","potions_obtained":[{"floor":1,"key":"Weak Potion"},{"floor":2,"key":"Weak Potion"},{"floor":18,"key":"FearPotion"},{"floor":21,"key":"CultistPotion"}],"is_trial":false,"path_per_floor":["M","M","?","$","?","E","R","$","T","M","R","M","?","?","R","B",null,"M","M","?","M","M","R","?","R","T","?","R","$","$","E","R","B"],"character_chosen":"THE_DT","items_purchased":["DTMod:Adaptation","Whetstone","Lantern"],"campfire_rested":0,"item_purchase_floors":[4,29,30],"current_hp_per_floor":[49,48,43,43,33,25,25,25,25,25,25,25,25,25,25,20,49,49,46,46,49,49,49,42,42,42,42,42,42,42,48,48,0,0,0],"gold":55,"neow_bonus":"TEN_PERCENT_HP_BONUS","is_daily":false,"chose_seed":false,"campfire_upgraded":7,"win_rate":0.0,"timestamp":1609449443,"path_taken":["M","M","?","?","?","E","R","$","T","M","R","M","?","?","R","BOSS","M","M","?","M","M","R","?","R","T","?","R","?","$","E","R","BOSS"],"items_purchased_type":["Card","Relic","Relic"],"build_version":"2020-12-22","purchased_purges":2,"victory":false,"max_hp_per_floor":[49,49,49,49,49,49,49,49,49,49,49,49,49,49,49,49,49,49,49,49,49,49,49,49,49,49,49,49,49,49,49,49,49,49,49],"relic_stats":{"counters":[13,61],"Ornamental Fan":[20],"Art of War":[0],"Bag of Preparation":[20],"Whetstone":["FTL","DTMod:QuickFly"],"obtain_stats":[{"Lantern":30,"DTMod:PactStone":0,"Ornamental Fan":31,"MutagenicStrength":27,"Philosopher\u0027s Stone":17,"Art of War":6,"Bag of Preparation":9,"Red Mask":24,"Whetstone":29,"InkBottle":26},{"Lantern":11,"DTMod:PactStone":0,"Ornamental Fan":12,"MutagenicStrength":11,"Philosopher\u0027s Stone":6,"Art of War":3,"Bag of Preparation":3,"Red Mask":11,"Whetstone":11,"InkBottle":11},{"Lantern":50,"DTMod:PactStone":0,"Ornamental Fan":55,"MutagenicStrength":50,"Philosopher\u0027s Stone":28,"Art of War":13,"Bag of Preparation":13,"Red Mask":50,"Whetstone":50,"InkBottle":50}],"InkBottle":[6]},"card_choices":[{"not_picked":["DTMod:ShieldDrain","DTMod:ComboAttack"],"picked":"DTMod:CrossStep","floor":1},{"not_picked":["DTMod:Training","DTMod:Threaten"],"picked":"DTMod:QuickFly","floor":2},{"not_picked":["DTMod:BurningEnergy","DTMod:MagicField"],"picked":"DTMod:HeatWave","floor":6},{"not_picked":["DTMod:LowKick","DTMod:CalculatedDefense"],"picked":"DTMod:MasterPlan","floor":10},{"not_picked":["DTMod:CleansingStrike","DTMod:Training"],"picked":"DTMod:RunningTactic","floor":12},{"not_picked":["DTMod:LightShield","DTMod:FierySynthesis"],"picked":"DTMod:SealedStrike","floor":16},{"not_picked":["DTMod:BuildUp+1","DTMod:PurifyingFlame"],"picked":"DTMod:FlameSlash","floor":18},{"not_picked":["DTMod:BlazingStrike","DTMod:RunningTactic"],"picked":"DTMod:BuildUp+1","floor":19},{"not_picked":["DTMod:FlameSlash","DTMod:Threaten","DTMod:Training"],"picked":"SKIP","floor":21},{"not_picked":["DTMod:CrossStep","DTMod:CleansingStrike","DTMod:StarRain"],"picked":"SKIP","floor":22},{"not_picked":["DTMod:FlameSlash","DTMod:ResonanceForm","DTMod:GhostSkin"],"picked":"SKIP","floor":31}],"player_experience":157999,"relics_obtained":[{"floor":6,"key":"Art of War"},{"floor":9,"key":"Bag of Preparation"},{"floor":24,"key":"Red Mask"},{"floor":26,"key":"InkBottle"},{"floor":31,"key":"Ornamental Fan"}],"event_choices":[{"damage_healed":0,"gold_gain":0,"player_choice":"Card ","damage_taken":5,"max_hp_gain":0,"max_hp_loss":0,"event_name":"betterThird:BetterScrap","floor":3,"gold_loss":0,"cards_obtained":["FTL"]},{"damage_healed":43,"gold_gain":0,"player_choice":"Upgrade","damage_taken":10,"max_hp_gain":0,"max_hp_loss":49,"event_name":"betterThird:BetterShining","floor":5,"gold_loss":0,"cards_upgraded":["DTMod:TargetDefense","DTMod:DoubleHit"]},{"cards_removed":["DTMod:Strike"],"damage_healed":0,"gold_gain":0,"player_choice":"Card Removal","damage_taken":0,"max_hp_gain":0,"max_hp_loss":0,"event_name":"The Cleric","floor":13,"gold_loss":50},{"damage_healed":0,"gold_gain":0,"player_choice":"Take","damage_taken":0,"max_hp_gain":0,"max_hp_loss":0,"event_name":"betterNote:BetterNote","floor":14,"gold_loss":0,"cards_obtained":["TheCursedMod:CircleOfBlood"]},{"damage_healed":0,"gold_gain":99,"player_choice":"Steal","damage_taken":0,"max_hp_gain":0,"max_hp_loss":0,"event_name":"betterThird:BetterNest","floor":20,"gold_loss":0},{"damage_healed":0,"gold_gain":0,"player_choice":"Fought Bandits","damage_taken":0,"max_hp_gain":0,"max_hp_loss":0,"event_name":"Masked Bandits","floor":24,"gold_loss":0},{"damage_healed":0,"gold_gain":0,"player_choice":"Inject Mutagens","damage_taken":0,"relics_obtained":["MutagenicStrength"],"max_hp_gain":0,"max_hp_loss":0,"event_name":"Drug Dealer","floor":27,"gold_loss":0}],"is_beta":false,"boss_relics":[{"not_picked":["Ectoplasm","Busted Crown"],"picked":"Philosopher\u0027s Stone"}],"items_purged_floors":[8,29],"is_endless":false,"potions_floor_spawned":[1,2,18,21,24],"killed_by":"Collector","ascension_level":0}}