{"host":"jksa5rawk3m4gilz","time":1609434778,"event":{"mods":["BaseMod","Colored Map","Highlight Path","Minty Spire (QoL Compilation)","Quick Restart"],"gold_per_floor":[114,114,114,44,59,86,86,102,102,134,150,184,194,14,14,89,89,103,103,120,131,146,146,164,164,164],"floor_reached":25,"playtime":1333,"items_purged":[],"score":425,"play_id":"18a539b7-6e0a-4e06-8041-5713534352bc","local_time":"20201231181258","is_ascension_mode":true,"campfire_choices":[{"data":"Reinforced Body","floor":7,"key":"SMITH"},{"floor":15,"key":"REST"},{"floor":23,"key":"REST"}],"circlet_count":0,"master_deck":["AscendersBane","Strike_B","Strike_B","Strike_B","Strike_B","Defend_B","Defend_B","Defend_B","Defend_B","Zap","Dualcast","Cold Snap","Capacitor","Reinforced Body+1","Capacitor","Fusion","Redo","Recycle","Apotheosis","Electrodynamics","Cold Snap+1","Rainbow"],"relics":["FrozenCore","NeowsBlessing","HornCleat","Bottled Flame","Mercury Hourglass","Calipers","Nloth\u0027s Gift"],"acts_visited":["Exordium","TheCity"],"potions_floor_usage":[11,12,13],"damage_taken":[{"damage":0,"enemies":"Jaw Worm","floor":1,"turns":1},{"damage":0,"enemies":"Small Slimes","floor":5,"turns":1},{"damage":0,"enemies":"Gremlin Nob","floor":6,"turns":1},{"damage":0,"enemies":"Cultist","floor":8,"turns":3},{"damage":26,"enemies":"Lagavulin","floor":10,"turns":6},{"damage":0,"enemies":"3 Louse","floor":11,"turns":1},{"damage":10,"enemies":"3 Sentries","floor":12,"turns":6},{"damage":2,"enemies":"Exordium Thugs","floor":13,"turns":5},{"damage":23,"enemies":"The Guardian","floor":16,"turns":14},{"damage":3,"enemies":"Shell Parasite","floor":18,"turns":10},{"damage":15,"enemies":"Chosen","floor":20,"turns":8},{"damage":11,"enemies":"Snecko","floor":21,"turns":8},{"damage":14,"enemies":"Snake Plant","floor":22,"turns":6},{"damage":18,"enemies":"Shelled Parasite and Fungi","floor":24,"turns":9},{"damage":24,"enemies":"Book of Stabbing","floor":25,"turns":3}],"seed_played":"8854445477044234957","potions_obtained":[{"floor":6,"key":"LiquidMemories"},{"floor":10,"key":"Explosive Potion"},{"floor":11,"key":"EntropicBrew"},{"floor":12,"key":"Block Potion"},{"floor":13,"key":"Dexterity Potion"}],"is_trial":false,"path_per_floor":["M","?","?","$","M","E","R","M","T","E","M","E","M","$","R","B",null,"M","?","M","M","M","R","M","E"],"character_chosen":"DEFECT","items_purchased":["Capacitor","Apotheosis"],"campfire_rested":2,"item_purchase_floors":[4,14],"current_hp_per_floor":[64,57,62,62,62,62,62,62,62,36,36,26,24,24,46,23,63,60,60,45,34,20,42,24,0,0],"gold":164,"neow_bonus":"THREE_ENEMY_KILL","is_daily":false,"chose_seed":false,"campfire_upgraded":1,"win_rate":0.0,"timestamp":1609434778,"path_taken":["M","?","?","$","M","E","R","M","T","E","M","E","?","$","R","BOSS","M","?","?","M","M","R","M","E"],"items_purchased_type":["Card","Card"],"build_version":"2020-12-22","purchased_purges":0,"victory":false,"max_hp_per_floor":[71,71,76,76,76,76,76,76,76,76,76,76,76,76,76,76,76,76,76,76,76,76,76,76,76,76],"card_choices":[{"not_picked":["Turbo","Leap"],"picked":"Cold Snap","floor":1},{"not_picked":["Coolheaded","Gash","Leap"],"picked":"SKIP","floor":5},{"not_picked":["Loop","Consume"],"picked":"Reinforced Body","floor":6},{"not_picked":["Beam Cell","Turbo","Steam"],"picked":"SKIP","floor":8},{"not_picked":["Hologram","Steam Power"],"picked":"Capacitor","floor":10},{"not_picked":["Sweeping Beam","Ball Lightning"],"picked":"Fusion","floor":11},{"not_picked":["Go for the Eyes","Storm"],"picked":"Redo","floor":12},{"not_picked":["White Noise","Gash"],"picked":"Recycle","floor":13},{"not_picked":["All For One","Fission"],"picked":"Electrodynamics","floor":16},{"not_picked":["Scrape+1","Steam","Leap"],"picked":"SKIP","floor":18},{"not_picked":["Coolheaded","Doom and Gloom"],"picked":"Cold Snap+1","floor":20},{"not_picked":["Barrage","Leap"],"picked":"Rainbow","floor":21},{"not_picked":["Double Energy","Steam Power","Consume"],"picked":"SKIP","floor":22},{"not_picked":["Conserve Battery","White Noise","Gash"],"picked":"SKIP","floor":24}],"player_experience":2102307,"relics_obtained":[{"floor":6,"key":"Bottled Flame"},{"floor":9,"key":"Mercury Hourglass"},{"floor":10,"key":"Calipers"},{"floor":12,"key":"Blue Candle"}],"event_choices":[{"damage_healed":0,"gold_gain":0,"player_choice":"Success","damage_taken":7,"relics_obtained":["HornCleat"],"max_hp_gain":0,"max_hp_loss":0,"event_name":"Scrap Ooze","floor":2,"gold_loss":0},{"damage_healed":0,"gold_gain":0,"player_choice":"Donut","damage_taken":0,"max_hp_gain":5,"max_hp_loss":0,"event_name":"Big Fish","floor":3,"gold_loss":0},{"damage_healed":0,"gold_gain":0,"player_choice":"Traded Relic","damage_taken":0,"relics_obtained":["Nloth\u0027s Gift"],"max_hp_gain":0,"max_hp_loss":0,"event_name":"N\u0027loth","floor":19,"relics_lost":["Blue Candle"],"gold_loss":0}],"is_beta":false,"boss_relics":[{"not_picked":["Fusion Hammer","Black Star"],"picked":"FrozenCore"}],"items_purged_floors":[],"is_endless":false,"potions_floor_spawned":[6,10,11,12,13,21],"killed_by":"Book of Stabbing","ascension_level":14}}