{"host":"37dk0reb6x0du8wx","time":1609397635,"event":{"mods":["BaseMod","Colored Map","DeckTracker","Minty Spire (QoL Compilation)","Quick Restart","StSLib","SuperFastMode","The Dragon Tamer"],"gold_per_floor":[109,122,138,152,152,152,227,227,305,305,330,345,69,69,69,167,167,180,130,130,130,0,34,34,62,62,95,95,495,506,506,506,605,605,622,622,633,683,700,700,720,720,720,745,745,435,435,435,435,435,435],"floor_reached":50,"playtime":1954,"items_purged":["Strike_G","Strike_G","Strike_G"],"score":673,"play_id":"252b624c-c967-42cf-be2c-71837ceaacbe","local_time":"20201231155355","is_ascension_mode":true,"campfire_choices":[{"data":"Blade Dance","floor":6,"key":"SMITH"},{"floor":10,"key":"REST"},{"floor":15,"key":"REST"},{"floor":24,"key":"REST"},{"data":"Accuracy","floor":28,"key":"SMITH"},{"floor":32,"key":"REST"},{"floor":40,"key":"REST"},{"floor":42,"key":"REST"},{"floor":47,"key":"REST"},{"data":"Accuracy","floor":49,"key":"SMITH"}],"circlet_count":0,"master_deck":["Strike_G","Strike_G","Defend_G","Defend_G","Defend_G","Defend_G","Defend_G","Survivor","Neutralize+1","Blade Dance+1","Deflect+1","Accuracy+1","Crippling Poison","Infinite Blades","Jack Of All Trades","Poisoned Stab","Writhe","Storm of Steel","Accuracy+1","RitualDagger","Blade Dance","Storm of Steel","Deadly Poison+1","Accuracy+1"],"relics":["Ring of the Snake","Smiling Mask","Nunchaku","Ornamental Fan","Letter Opener","Membership Card","Runic Pyramid","Happy Flower","Enchiridion","Matryoshka","Juzu Bracelet","Dream Catcher","Boot","Pear","Ancient Tea Set","Old Coin","Eternal Feather","Busted Crown","WingedGreaves","Bag of Preparation","Art of War","Bottled Flame","DollysMirror","Snake Skull","Strawberry"],"acts_visited":["Exordium","TheCity","TheBeyond"],"potions_floor_usage":[4,16,16,41,41,50,50,50],"damage_taken":[{"damage":4,"enemies":"Cultist","floor":1,"turns":4},{"damage":2,"enemies":"Small Slimes","floor":2,"turns":4},{"damage":0,"enemies":"Jaw Worm","floor":3,"turns":3},{"damage":6,"enemies":"3 Louse","floor":4,"turns":5},{"damage":17,"enemies":"3 Sentries","floor":11,"turns":11},{"damage":0,"enemies":"Large Slime","floor":12,"turns":4},{"damage":27,"enemies":"Slime Boss","floor":16,"turns":11},{"damage":21,"enemies":"2 Thieves","floor":18,"turns":5},{"damage":11,"enemies":"Book of Stabbing","floor":23,"turns":6},{"damage":8,"enemies":"Gremlin Leader","floor":25,"turns":6},{"damage":14,"enemies":"Slavers","floor":27,"turns":4},{"damage":8,"enemies":"Colosseum Slavers","floor":29,"turns":4},{"damage":10,"enemies":"Colosseum Nobs","floor":29,"turns":3},{"damage":2,"enemies":"Shell Parasite","floor":30,"turns":3},{"damage":41,"enemies":"Automaton","floor":33,"turns":7},{"damage":35,"enemies":"3 Darklings","floor":35,"turns":6},{"damage":0,"enemies":"3 Shapes","floor":37,"turns":2},{"damage":28,"enemies":"Mind Bloom Boss Battle","floor":38,"turns":5},{"damage":9,"enemies":"Transient","floor":39,"turns":5},{"damage":45,"enemies":"Writhing Mass","floor":41,"turns":6},{"damage":29,"enemies":"Nemesis","floor":44,"turns":5},{"damage":93,"enemies":"Awakened One","floor":50,"turns":10}],"seed_played":"4181440451201890369","potions_obtained":[{"floor":1,"key":"Fruit Juice"},{"floor":2,"key":"Ancient Potion"},{"floor":3,"key":"CunningPotion"},{"floor":11,"key":"Weak Potion"},{"floor":18,"key":"PowerPotion"},{"floor":23,"key":"Poison Potion"},{"floor":35,"key":"Explosive Potion"},{"floor":44,"key":"Dexterity Potion"}],"is_trial":false,"path_per_floor":["M","M","M","M","?","R","?","?","T","R","E","M","$","?","R","B",null,"M","$","?","?","$","E","R","E","T","E","R","?","M","?","R","B",null,"M","?","M","?","M","R","M","R","T","E","?","$","R","?","R","B"],"character_chosen":"THE_SILENT","items_purchased":["Infinite Blades","Membership Card","Matryoshka","DollysMirror","Snake Skull","Strawberry","Regen Potion"],"campfire_rested":7,"item_purchase_floors":[13,13,22,46,46,46,46],"current_hp_per_floor":[66,64,64,63,48,48,37,30,30,52,35,35,35,35,57,30,75,54,54,54,38,38,27,49,41,51,37,37,19,17,11,48,7,85,50,50,50,22,13,50,5,42,42,13,13,20,58,58,70,0,0],"gold":435,"neow_bonus":"RANDOM_COMMON_RELIC","is_daily":false,"chose_seed":false,"campfire_upgraded":3,"win_rate":0.0,"timestamp":1609397635,"path_taken":["M","?","M","M","?","R","?","?","T","R","E","M","$","?","R","BOSS","M","?","?","?","?","E","R","E","T","E","R","?","M","?","R","BOSS","M","?","M","?","M","R","M","R","T","E","?","?","R","?","R","BOSS"],"items_purchased_type":["Card","Relic","Relic","Relic","Relic","Relic","Potion"],"build_version":"2020-12-22","purchased_purges":3,"victory":false,"max_hp_per_floor":[70,70,70,75,75,75,75,75,75,75,75,75,75,75,75,75,75,75,75,75,75,75,75,75,75,85,85,85,85,85,85,85,85,85,85,85,85,85,85,85,85,85,85,85,81,88,88,88,88,88,88],"card_choices":[{"not_picked":["Well Laid Plans","Bane"],"picked":"Blade Dance","floor":1},{"not_picked":["Setup","Dash","Quick Slash"],"picked":"SKIP","floor":2},{"not_picked":["Masterful Stab","Escape Plan","A Thousand Cuts"],"picked":"SKIP","floor":3},{"not_picked":["PiercingWail","Flechettes"],"picked":"Deflect","floor":4},{"not_picked":["Bane","Backstab"],"picked":"Accuracy","floor":11},{"not_picked":["Backstab","Prepared"],"picked":"Crippling Poison","floor":12},{"not_picked":["Dodge and Roll","Deflect+1"],"picked":"Poisoned Stab","floor":18},{"not_picked":["Dodge and Roll","Distraction","Dagger Throw+1"],"picked":"SKIP","floor":23},{"not_picked":["Finisher","Blur"],"picked":"Storm of Steel","floor":25},{"not_picked":["Dagger Spray","Blur+1"],"picked":"Accuracy","floor":27},{"not_picked":["Catalyst+1","Quick Slash","Eviscerate"],"picked":"SKIP","floor":30},{"not_picked":["Outmaneuver","Poisoned Stab"],"picked":"Blade Dance","floor":32},{"not_picked":["Night Terror","After Image"],"picked":"Storm of Steel","floor":33},{"not_picked":[],"picked":"Deadly Poison+1","floor":35},{"not_picked":["Poisoned Stab+1"],"picked":"SKIP","floor":37},{"not_picked":["Poisoned Stab+1"],"picked":"SKIP","floor":37},{"not_picked":["Prepared"],"picked":"SKIP","floor":39},{"not_picked":["Calculated Gamble"],"picked":"SKIP","floor":41},{"not_picked":["Flechettes+1"],"picked":"SKIP","floor":44}],"player_experience":90356,"relics_obtained":[{"floor":9,"key":"Ornamental Fan"},{"floor":11,"key":"Letter Opener"},{"floor":21,"key":"Enchiridion"},{"floor":23,"key":"Juzu Bracelet"},{"floor":25,"key":"Dream Catcher"},{"floor":26,"key":"Boot"},{"floor":26,"key":"Pear"},{"floor":27,"key":"Ancient Tea Set"},{"floor":29,"key":"Old Coin"},{"floor":29,"key":"Eternal Feather"},{"floor":38,"key":"WingedGreaves"},{"floor":43,"key":"Bag of Preparation"},{"floor":43,"key":"Art of War"},{"floor":44,"key":"Bottled Flame"}],"event_choices":[{"damage_healed":0,"gold_gain":0,"player_choice":"Entered Light","damage_taken":15,"max_hp_gain":0,"max_hp_loss":0,"event_name":"Shining Light","floor":5,"gold_loss":0,"cards_upgraded":["Deflect","Neutralize"]},{"damage_healed":0,"gold_gain":75,"player_choice":"Gather Gold","damage_taken":11,"max_hp_gain":0,"max_hp_loss":0,"event_name":"World of Goop","floor":7,"gold_loss":0},{"damage_healed":0,"gold_gain":0,"player_choice":"Success","damage_taken":7,"relics_obtained":["Nunchaku"],"max_hp_gain":0,"max_hp_loss":0,"event_name":"Scrap Ooze","floor":8,"gold_loss":0},{"damage_healed":0,"gold_gain":0,"player_choice":"1 cards matched","damage_taken":0,"max_hp_gain":0,"max_hp_loss":0,"event_name":"Match and Keep!","floor":14,"gold_loss":0,"cards_obtained":["Jack Of All Trades"]},{"damage_healed":0,"gold_gain":0,"player_choice":"Opened","damage_taken":0,"relics_obtained":["Happy Flower"],"max_hp_gain":0,"max_hp_loss":0,"event_name":"The Mausoleum","floor":20,"gold_loss":0,"cards_obtained":["Writhe"]},{"damage_healed":0,"gold_gain":0,"player_choice":"Obtained Book","damage_taken":16,"max_hp_gain":0,"max_hp_loss":0,"event_name":"Cursed Tome","floor":21,"gold_loss":0},{"damage_healed":0,"gold_gain":0,"player_choice":"Fight","damage_taken":0,"max_hp_gain":0,"max_hp_loss":0,"event_name":"Colosseum","floor":29,"gold_loss":0},{"damage_healed":0,"gold_gain":0,"player_choice":"Fought Nobs","damage_taken":0,"max_hp_gain":0,"max_hp_loss":0,"event_name":"Colosseum","floor":29,"gold_loss":0},{"damage_healed":0,"gold_gain":0,"player_choice":"Joined the Cult","damage_taken":6,"max_hp_gain":0,"max_hp_loss":0,"event_name":"Nest","floor":31,"gold_loss":0,"cards_obtained":["RitualDagger"]},{"damage_healed":0,"gold_gain":0,"player_choice":"Memory 1","damage_taken":0,"max_hp_gain":0,"max_hp_loss":0,"event_name":"SensoryStone","floor":36,"gold_loss":0},{"damage_healed":0,"gold_gain":0,"player_choice":"Fight","damage_taken":0,"max_hp_gain":0,"max_hp_loss":0,"event_name":"MindBloom","floor":38,"gold_loss":0},{"damage_healed":0,"gold_gain":0,"player_choice":"Max HP","damage_taken":0,"max_hp_gain":0,"max_hp_loss":4,"event_name":"Winding Halls","floor":45,"gold_loss":0},{"damage_healed":0,"gold_gain":0,"player_choice":"Ignored","damage_taken":0,"max_hp_gain":0,"max_hp_loss":0,"event_name":"SecretPortal","floor":48,"gold_loss":0}],"is_beta":false,"boss_relics":[{"not_picked":["Sozu","SacredBark"],"picked":"Runic Pyramid"},{"not_picked":["Velvet Choker","Ring of the Serpent"],"picked":"Busted Crown"}],"items_purged_floors":[13,19,46],"is_endless":false,"potions_floor_spawned":[1,2,3,11,18,23,27,33,35,44],"killed_by":"Awakened One","ascension_level":1}}