{"host":"dcj2yvrgcvh5dl2s","time":1609405158,"event":{"mods":["BaseMod","Better Note","Block Reminder","Colored Powertips","DeckTracker","Minty Spire (QoL Compilation)","Quick Restart","Rare Cards Sparkle","Relic Stats","StSLib"],"gold_per_floor":[117,129,1,21,33,58,58,92,170,170,170],"floor_reached":10,"playtime":270,"items_purged":["Regret"],"score":148,"play_id":"eba0de24-c525-49b4-9be1-eb0675f961b7","local_time":"20201231185918","is_ascension_mode":true,"campfire_choices":[{"floor":7,"key":"REST"}],"circlet_count":0,"master_deck":["AscendersBane","Strike_R","Strike_R","Strike_R","Strike_R","Strike_R","Defend_R","Defend_R","Bash","Ghostly Armor","Bludgeon","Feel No Pain","Flex","Shrug It Off","True Grit","Metallicize"],"relics":["Burning Blood","Centennial Puzzle","Calipers","Bottled Flame"],"acts_visited":["Exordium"],"potions_floor_usage":[6,10],"damage_taken":[{"damage":0,"enemies":"Cultist","floor":1,"turns":2},{"damage":2,"enemies":"Jaw Worm","floor":2,"turns":2},{"damage":6,"enemies":"2 Louse","floor":4,"turns":3},{"damage":22,"enemies":"Exordium Thugs","floor":5,"turns":5},{"damage":31,"enemies":"Gremlin Nob","floor":6,"turns":4},{"damage":36,"enemies":"3 Sentries","floor":8,"turns":8},{"damage":26,"enemies":"Lagavulin","floor":10,"turns":6}],"seed_played":"8771896017459685216","potions_obtained":[{"floor":4,"key":"ColorlessPotion"},{"floor":8,"key":"SpeedPotion"}],"is_trial":false,"path_per_floor":["M","M","$","M","M","E","R","E","T","E"],"character_chosen":"IRONCLAD","items_purchased":["Flex"],"campfire_rested":1,"item_purchase_floors":[3],"current_hp_per_floor":[74,75,75,75,59,34,56,26,26,0,0],"gold":170,"neow_bonus":"TRANSFORM_TWO_CARDS","is_daily":false,"chose_seed":false,"campfire_upgraded":0,"win_rate":0.0,"timestamp":1609405158,"path_taken":["M","M","$","M","?","E","R","E","T","E"],"items_purchased_type":["Card"],"build_version":"2020-12-22","purchased_purges":1,"victory":false,"max_hp_per_floor":[75,75,75,75,75,75,75,75,75,75,75],"relic_stats":{"Centennial Puzzle":[6],"counters":[7,30],"obtain_stats":[{"Centennial Puzzle":6,"Bottled Flame":9,"Calipers":8,"Burning Blood":0},{"Centennial Puzzle":5,"Bottled Flame":6,"Calipers":6,"Burning Blood":0},{"Centennial Puzzle":16,"Bottled Flame":24,"Calipers":24,"Burning Blood":0}],"Burning Blood":33},"card_choices":[{"not_picked":["Havoc","Carnage","Rage"],"picked":"SKIP","floor":1},{"not_picked":["Wild Strike","Spot Weakness"],"picked":"Feel No Pain","floor":2},{"not_picked":["Dropkick","True Grit"],"picked":"Shrug It Off","floor":4},{"not_picked":["Dark Embrace","Evolve","Iron Wave"],"picked":"SKIP","floor":5},{"not_picked":["Feel No Pain","Anger"],"picked":"True Grit","floor":6},{"not_picked":["Warcry","Twin Strike"],"picked":"Metallicize","floor":8}],"player_experience":2126677,"relics_obtained":[{"floor":6,"key":"Centennial Puzzle"},{"floor":8,"key":"Calipers"},{"floor":9,"key":"Bottled Flame"}],"event_choices":[],"is_beta":false,"boss_relics":[],"items_purged_floors":[3],"is_endless":false,"potions_floor_spawned":[4,8],"killed_by":"Lagavulin","ascension_level":18}}