{"host":"pfy6u49v5s5r680p","time":1609379058,"event":{"mods":["BaseMod","Colored Map","DeckTracker","Highlight Path","Keyboard Shortcuts","Minty Spire (QoL Compilation)","Permanent Neow","Quick Restart","StSLib","SuperFastMode","everything is the same but u backflip on backflip"],"gold_per_floor":[115,131,131,56,74,74,91,91,91,191,171,182,107,118,118,222,222,240,92,118,118,128,128,155,155,155,175,175,175,25,39,39,143,143,161,176,196,208,208,241,241,241,241,291,315,87,121,135,135,135],"floor_reached":51,"playtime":5505,"items_purged":["Strike_R","Forethought+1"],"score":767,"play_id":"3db04521-5c0a-4c1d-b256-886161b3acfa","local_time":"20201231104418","is_ascension_mode":false,"campfire_choices":[{"data":"Offering","floor":6.0,"key":"SMITH"},{"data":"Disarm","floor":8.0,"key":"SMITH"},{"data":"Juggernaut","floor":15.0,"key":"SMITH"},{"floor":23.0,"key":"REST"},{"floor":25.0,"key":"REST"},{"floor":28.0,"key":"REST"},{"floor":32.0,"key":"REST"},{"data":"1","floor":42.0,"key":"LIFT"},{"data":"2","floor":49.0,"key":"LIFT"}],"circlet_count":0,"master_deck":["Strike_R","Strike_R","Strike_R","Strike_R","Defend_R","Defend_R","Defend_R","Defend_R","Bash","Offering+1","Disarm+1","True Grit+1","Burning Pact+1","Armaments+1","Disarm+1","Carnage","Juggernaut+1","Demon Form","Rage+1","Battle Trance+1","Dual Wield+1","Anger","True Grit+1","Seeing Red+1","Intimidate+1","Armaments+1","Demon Form","Thunderclap","Offering+1","Ghostly Armor+1","Writhe","Sentinel+1","Fiend Fire","Sword Boomerang+1","Shrug It Off+1","Blood for Blood+1","Thunderclap","Twin Strike+1","Dark Embrace","Shrug It Off+1","Immolate","Fire Breathing"],"relics":["Burning Blood","Toxic Egg 2","Nunchaku","Fusion Hammer","Orrery","Red Mask","Vajra","Meat on the Bone","Boot","Sling","Mark of Pain","Girya","Mercury Hourglass","Bird Faced Urn","Dream Catcher","Bag of Marbles"],"acts_visited":["Exordium","TheCity","TheBeyond"],"potions_floor_usage":[50,50],"damage_taken":[{"damage":14.0,"enemies":"Jaw Worm","floor":1.0,"turns":3.0},{"damage":6.0,"enemies":"Cultist","floor":2.0,"turns":2.0},{"damage":9.0,"enemies":"Small Slimes","floor":5.0,"turns":3.0},{"damage":16.0,"enemies":"Looter","floor":7.0,"turns":4.0},{"damage":9.0,"enemies":"Exordium Thugs","floor":11.0,"turns":4.0},{"damage":13.0,"enemies":"2 Fungi Beasts","floor":12.0,"turns":4.0},{"damage":7.0,"enemies":"3 Louse","floor":14.0,"turns":3.0},{"damage":6.0,"enemies":"Hexaghost","floor":16.0,"turns":17.0},{"damage":6.0,"enemies":"3 Byrds","floor":18.0,"turns":6.0},{"damage":6.0,"enemies":"Masked Bandits","floor":20.0,"turns":4.0},{"damage":24.0,"enemies":"Spheric Guardian","floor":22.0,"turns":6.0},{"damage":67.0,"enemies":"Slavers","floor":24.0,"turns":7.0},{"damage":10.0,"enemies":"Cultist and Chosen","floor":27.0,"turns":6.0},{"damage":24.0,"enemies":"Snecko","floor":31.0,"turns":4.0},{"damage":34.0,"enemies":"Champ","floor":33.0,"turns":8.0},{"damage":13.0,"enemies":"Orb Walker","floor":35.0,"turns":5.0},{"damage":47.0,"enemies":"3 Darklings","floor":36.0,"turns":7.0},{"damage":15.0,"enemies":"Writhing Mass","floor":37.0,"turns":4.0},{"damage":36.0,"enemies":"4 Shapes","floor":38.0,"turns":6.0},{"damage":53.0,"enemies":"Reptomancer","floor":40.0,"turns":6.0},{"damage":12.0,"enemies":"Mind Bloom Boss Battle","floor":44.0,"turns":7.0},{"damage":6.0,"enemies":"Nemesis","floor":47.0,"turns":3.0},{"damage":16.0,"enemies":"3 Darklings","floor":48.0,"turns":5.0},{"damage":38,"enemies":"Awakened One","floor":50,"turns":14}],"seed_played":"-5513367043834439719","potions_obtained":[{"floor":7.0,"key":"Block Potion"},{"floor":11.0,"key":"Regen Potion"},{"floor":14.0,"key":"Ancient Potion"},{"floor":18.0,"key":"SpeedPotion"},{"floor":20.0,"key":"Fruit Juice"},{"floor":27.0,"key":"Weak Potion"},{"floor":33.0,"key":"PowerPotion"},{"floor":35.0,"key":"DuplicationPotion"},{"floor":47.0,"key":"Energy Potion"},{"floor":48.0,"key":"Explosive Potion"}],"is_trial":false,"path_per_floor":["M","M","?","$","M","R","M","R","T","?","M","M","$","M","R","B",null,"M","$","?","?","M","R","E","R","T","M","R","?","$","M","R","B",null,"M","M","M","M","?","E","?","R","T","?","T","$","E","M","R","B",null],"character_chosen":"IRONCLAD","items_purchased":["Carnage","Orrery","Sling","Dark Embrace","Shrug It Off+1"],"campfire_rested":4,"item_purchase_floors":[13,19,30,46,46],"current_hp_per_floor":[72,72,72,72,69,69,59,59,59,59,56,49,49,48,48,48,80,80,80,85,85,67,85,29,54,54,50,75,75,75,57,82,54,85,78,49,52,34,74,39,39,39,39,45,45,45,49,53,53,43],"gold":135,"neow_bonus":"ONE_RANDOM_RARE_CARD","is_daily":false,"chose_seed":false,"campfire_upgraded":3,"win_rate":0.0,"timestamp":1609379058,"path_taken":["M","M","?","$","?","R","M","R","T","?","M","M","$","M","R","BOSS","M","?","?","?","M","R","E","R","T","?","R","?","$","M","R","BOSS","M","M","M","M","?","E","?","R","T","?","?","$","E","M","R","BOSS"],"items_purchased_type":["Card","Relic","Relic","Card","Card"],"build_version":"2020-12-22","purchased_purges":2,"victory":true,"max_hp_per_floor":[80,80,80,80,80,80,80,80,80,80,80,80,80,80,80,80,80,80,80,85,85,85,85,85,85,85,85,85,85,85,85,85,85,85,85,85,85,85,74,74,74,74,74,74,74,74,74,74,74,74],"card_choices":[{"not_picked":["Ghostly Armor","Intimidate"],"picked":"Cleave","floor":1.0},{"not_picked":["Pommel Strike","Flex"],"picked":"Disarm","floor":2.0},{"not_picked":["Rupture","Dark Embrace"],"picked":"True Grit+1","floor":5.0},{"not_picked":["Rupture","Cleave"],"picked":"Burning Pact+1","floor":7.0},{"not_picked":["Blood for Blood","Heavy Blade"],"picked":"Armaments+1","floor":11.0},{"not_picked":["Rage+1","Armaments+1"],"picked":"Disarm+1","floor":12.0},{"not_picked":["Wild Strike","Cleave"],"picked":"Juggernaut","floor":14.0},{"not_picked":["Bludgeon","Offering+1"],"picked":"Demon Form","floor":16.0},{"not_picked":["Clothesline","Headbutt"],"picked":"Rage+1","floor":18.0},{"not_picked":["Warcry+1","Havoc+1"],"picked":"Battle Trance+1","floor":19.0},{"not_picked":["Havoc+1","Sword Boomerang"],"picked":"Dual Wield+1","floor":19.0},{"not_picked":["Havoc+1","Rupture"],"picked":"Anger","floor":19.0},{"not_picked":["Wild Strike","Flex+1"],"picked":"True Grit+1","floor":19.0},{"not_picked":["Sword Boomerang+1","Flex+1"],"picked":"Seeing Red+1","floor":19.0},{"not_picked":["Bloodletting+1","Flex+1"],"picked":"Intimidate+1","floor":20.0},{"not_picked":["Clothesline+1","Heavy Blade"],"picked":"Thunderclap","floor":22.0},{"not_picked":["Metallicize","Whirlwind"],"picked":"Offering+1","floor":24.0},{"not_picked":["True Grit+1","Wild Strike"],"picked":"Ghostly Armor+1","floor":27.0},{"not_picked":["Shockwave+1","True Grit+1"],"picked":"Sentinel+1","floor":31.0},{"not_picked":["Feed","Offering+1"],"picked":"Fiend Fire","floor":33.0},{"not_picked":["Fire Breathing","Clothesline+1"],"picked":"Sword Boomerang+1","floor":35.0},{"not_picked":["Infernal Blade+1","Combust+1"],"picked":"Shrug It Off+1","floor":36.0},{"not_picked":["Clash+1","Twin Strike"],"picked":"Blood for Blood+1","floor":37.0},{"not_picked":["Perfected Strike+1","Fiend Fire"],"picked":"Thunderclap","floor":38.0},{"not_picked":["Burning Pact+1","Bloodletting+1","Metallicize"],"picked":"SKIP","floor":40.0},{"not_picked":["Ghostly Armor+1","Dropkick+1"],"picked":"Twin Strike+1","floor":44.0},{"not_picked":["Perfected Strike+1","True Grit+1"],"picked":"Immolate","floor":47.0},{"not_picked":["Perfected Strike+1","Combust+1"],"picked":"Fire Breathing","floor":48.0}],"player_experience":54340,"relics_obtained":[{"floor":9.0,"key":"Nunchaku"},{"floor":20.0,"key":"Red Mask"},{"floor":24.0,"key":"Vajra"},{"floor":26.0,"key":"Meat on the Bone"},{"floor":40.0,"key":"Girya"},{"floor":43.0,"key":"Mercury Hourglass"},{"floor":44.0,"key":"Bird Faced Urn"},{"floor":45.0,"key":"Dream Catcher"},{"floor":47.0,"key":"Bag of Marbles"}],"event_choices":[{"cards_removed":["Cleave"],"damage_healed":0.0,"max_hp_gain":0.0,"max_hp_loss":0.0,"gold_gain":0.0,"event_name":"WeMeetAgain","player_choice":"Gave Card","floor":3.0,"gold_loss":0.0,"damage_taken":0.0,"relics_obtained":["Toxic Egg 2"]},{"damage_healed":0.0,"max_hp_gain":0.0,"max_hp_loss":0.0,"gold_gain":100.0,"event_name":"Golden Shrine","player_choice":"Pray","floor":10.0,"gold_loss":0.0,"damage_taken":0.0},{"damage_healed":0.0,"max_hp_gain":0.0,"max_hp_loss":0.0,"gold_gain":0.0,"event_name":"Masked Bandits","player_choice":"Fought Bandits","floor":20.0,"gold_loss":0.0,"damage_taken":0.0},{"damage_healed":0.0,"max_hp_gain":0.0,"max_hp_loss":0.0,"gold_gain":0.0,"event_name":"Match and Keep!","player_choice":"3 cards matched","floor":21.0,"gold_loss":0.0,"damage_taken":0.0,"cards_obtained":["Forethought","Armaments","Demon Form"]},{"damage_healed":0.0,"max_hp_gain":0.0,"max_hp_loss":0.0,"gold_gain":0.0,"event_name":"The Mausoleum","player_choice":"Opened","floor":29.0,"gold_loss":0.0,"damage_taken":0.0,"relics_obtained":["Boot"],"cards_obtained":["Writhe"]},{"damage_healed":74.0,"max_hp_gain":0.0,"max_hp_loss":11.0,"gold_gain":0.0,"event_name":"The Moai Head","player_choice":"Heal","floor":39.0,"gold_loss":0.0,"damage_taken":0.0},{"damage_healed":0.0,"max_hp_gain":0.0,"max_hp_loss":0.0,"gold_gain":0.0,"event_name":"Mysterious Sphere","player_choice":"Ignored","floor":41.0,"gold_loss":0.0,"damage_taken":0.0},{"damage_healed":0.0,"max_hp_gain":0.0,"max_hp_loss":0.0,"gold_gain":0.0,"event_name":"MindBloom","player_choice":"Fight","floor":44.0,"gold_loss":0.0,"damage_taken":0.0}],"is_beta":false,"boss_relics":[{"not_picked":["SacredBark","Cursed Key"],"picked":"Fusion Hammer"},{"not_picked":["Philosopher\u0027s Stone","Runic Dome"],"picked":"Mark of Pain"}],"items_purged_floors":[4,46],"is_endless":false,"potions_floor_spawned":[7,11,14,18,20,27,33,35,36,40,47,48],"ascension_level":0}}