{"host":"qwttrqaysb380yri","time":1609380268,"event":{"mods":["BaseMod","Custom Start","Minty Spire (QoL Compilation)","Permanent Neow","Puzzle Mod","Relic Stats","StSLib","The Hierophant"],"gold_per_floor":[112,130,130,140,151,177,191,227,275,267,291,363,368,364,364,358,358,388,412,47,47,99,99,112,37,37,79,102,109,123,166,166,217,217,259,259,259,109,127,127,127,137,163,163,163,163,20,138,138,130],"floor_reached":51,"playtime":1708,"items_purged":[],"score":1178,"play_id":"1595abd2-9d55-4ff4-a68d-109bcb04c299","local_time":"20201231030428","is_ascension_mode":true,"campfire_choices":[{"floor":15,"key":"REST"},{"floor":23,"key":"REST"},{"floor":32,"key":"REST"},{"floor":44,"key":"DIG"},{"floor":46,"key":"DIG"},{"floor":49,"key":"DIG"}],"circlet_count":0,"master_deck":["AscendersBane","hierophant:Strike_Hierophant","hierophant:Strike_Hierophant","hierophant:Punish","hierophant:Defend_Hierophant","hierophant:Defend_Hierophant","hierophant:Defend_Hierophant","hierophant:ChurchCoffers","hierophant:MirrorShield","hierophant:FlamingChariot","hierophant:Sermon","hierophant:PristineSoul+1","hierophant:SealAway","hierophant:HolyVerse","hierophant:RustyCrate+1","hierophant:Doubloon","hierophant:Doubloon","hierophant:SolarFlare","hierophant:ThreeLashes","hierophant:ThreeLashes","hierophant:LocustPlague","hierophant:MorningPrayer","hierophant:SolarFlare","hierophant:Encroach","hierophant:Glossolalia+1","hierophant:Empathy","hierophant:ArchangelShield+1","hierophant:Embezzle","hierophant:LocustPlague","hierophant:Kindle","hierophant:Glossolalia+1","hierophant:Shelter","Doubt"],"relics":["hierophant:PropheticMaskRelic","Tiny Chest","Centennial Puzzle","Bag of Marbles","Vajra","Fusion Hammer","Orichalcum","War Paint","OrangePellets","Frozen Egg 2","Shovel","Pen Nib","Eternal Feather","Sozu","hierophant:DonationBoxRelic","DollysMirror","PreservedInsect","Strawberry","Anchor","Ornamental Fan","Bird Faced Urn","Toolbox","Mercury Hourglass","Nunchaku"],"acts_visited":["Exordium","TheCity","TheBeyond"],"potions_floor_usage":[7,7,22,24,30,33,40],"damage_taken":[{"damage":0,"enemies":"Small Slimes","floor":1,"turns":3},{"damage":6,"enemies":"Cultist","floor":2,"turns":3},{"damage":0,"enemies":"2 Louse","floor":4,"turns":2},{"damage":8,"enemies":"Looter","floor":5,"turns":4},{"damage":52,"enemies":"Gremlin Nob","floor":6,"turns":5},{"damage":6,"enemies":"Exordium Wildlife","floor":7,"turns":5},{"damage":2,"enemies":"Blue Slaver","floor":8,"turns":4},{"damage":0,"enemies":"Gremlin Gang","floor":10,"turns":4},{"damage":11,"enemies":"3 Sentries","floor":13,"turns":6},{"damage":0,"enemies":"Large Slime","floor":14,"turns":4},{"damage":7,"enemies":"Slime Boss","floor":16,"turns":8},{"damage":10,"enemies":"Shell Parasite","floor":18,"turns":2},{"damage":5,"enemies":"2 Thieves","floor":22,"turns":2},{"damage":25,"enemies":"Gremlin Leader","floor":24,"turns":6},{"damage":6,"enemies":"Chosen and Byrds","floor":27,"turns":2},{"damage":12,"enemies":"Book of Stabbing","floor":28,"turns":3},{"damage":3,"enemies":"Snake Plant","floor":29,"turns":2},{"damage":9,"enemies":"Slavers","floor":30,"turns":3},{"damage":0,"enemies":"Sentry and Sphere","floor":31,"turns":3},{"damage":18,"enemies":"Champ","floor":33,"turns":7},{"damage":31,"enemies":"3 Darklings","floor":35,"turns":4},{"damage":10,"enemies":"3 Shapes","floor":39,"turns":2},{"damage":0,"enemies":"Giant Head","floor":40,"turns":1},{"damage":19,"enemies":"Reptomancer","floor":42,"turns":4},{"damage":3,"enemies":"Giant Head","floor":48,"turns":6},{"damage":31,"enemies":"Time Eater","floor":50,"turns":8}],"seed_played":"-1159496778562539791","potions_obtained":[{"floor":2,"key":"EssenceOfSteel"},{"floor":6,"key":"Regen Potion"},{"floor":7,"key":"FairyPotion"},{"floor":13,"key":"GamblersBrew"},{"floor":18,"key":"Fire Potion"},{"floor":24,"key":"GamblersBrew"},{"floor":31,"key":"SkillPotion"},{"floor":33,"key":"SmokeBomb"}],"is_trial":false,"path_per_floor":["M","M","?","M","M","E","M","M","T","M","T","?","E","M","R","B",null,"M","T","$","?","M","R","E","?","T","M","E","M","E","M","R","B",null,"M","T","?","$","M","E","?","E","T","R","T","R","$","E","R","B",null],"character_chosen":"HIEROPHANT","items_purchased":["War Paint","OrangePellets","hierophant:SolarFlare","DollysMirror","Toolbox"],"campfire_rested":3,"item_purchase_floors":[20,20,20,38,47],"current_hp_per_floor":[68,62,62,62,54,2,11,9,9,9,9,9,22,22,44,37,66,56,56,56,56,51,73,48,48,48,42,30,27,18,18,58,40,66,35,35,35,35,25,25,75,56,63,81,81,82,82,80,82,55],"gold":130,"neow_bonus":"THREE_CARDS","is_daily":false,"chose_seed":false,"campfire_upgraded":0,"win_rate":0.0,"timestamp":1609380268,"path_taken":["M","M","?","M","M","E","?","M","T","M","?","?","E","M","R","BOSS","M","?","$","?","M","R","E","?","T","M","E","?","E","M","R","BOSS","M","?","?","$","?","E","?","E","T","R","?","R","?","E","R","BOSS"],"items_purchased_type":["Relic","Relic","Card","Relic","Relic"],"build_version":"2020-12-22","purchased_purges":0,"victory":true,"max_hp_per_floor":[75,75,75,75,75,75,75,75,75,75,75,75,75,75,75,75,75,75,75,75,75,75,75,75,75,75,75,75,75,75,75,75,75,75,75,75,75,75,75,75,75,75,82,82,82,82,82,82,82,82],"relic_stats":{"counters":[26,103],"Eternal Feather":39,"Pen Nib":[6],"PreservedInsect":130,"Orichalcum":[90],"War Paint":["hierophant:RustyCrate","hierophant:PristineSoul"],"Mercury Hourglass":[18],"Sozu":1,"OrangePellets":[8],"Centennial Puzzle":[45],"Nunchaku":[1],"Shovel":3,"Ornamental Fan":[8],"Bird Faced Urn":[5],"Tiny Chest":3,"obtain_stats":[{"hierophant:PropheticMaskRelic":0,"Vajra":13,"Eternal Feather":30,"Pen Nib":28,"PreservedInsect":42,"Orichalcum":19,"War Paint":20,"Frozen Egg 2":24,"Mercury Hourglass":48,"Sozu":34,"OrangePellets":20,"Centennial Puzzle":9,"Anchor":44,"Nunchaku":49,"Shovel":26,"DollysMirror":38,"Ornamental Fan":45,"Strawberry":43,"Bird Faced Urn":46,"hierophant:DonationBoxRelic":36,"Toolbox":47,"Tiny Chest":6,"Fusion Hammer":17,"Bag of Marbles":11},{"hierophant:PropheticMaskRelic":0,"Vajra":9,"Eternal Feather":18,"Pen Nib":16,"PreservedInsect":24,"Orichalcum":12,"War Paint":12,"Frozen Egg 2":14,"Mercury Hourglass":25,"Sozu":20,"OrangePellets":12,"Centennial Puzzle":7,"Anchor":24,"Nunchaku":25,"Shovel":14,"DollysMirror":21,"Ornamental Fan":24,"Strawberry":24,"Bird Faced Urn":24,"hierophant:DonationBoxRelic":21,"Toolbox":24,"Tiny Chest":5,"Fusion Hammer":11,"Bag of Marbles":8},{"hierophant:PropheticMaskRelic":0,"Vajra":36,"Eternal Feather":68,"Pen Nib":63,"PreservedInsect":89,"Orichalcum":50,"War Paint":50,"Frozen Egg 2":58,"Mercury Hourglass":95,"Sozu":78,"OrangePellets":50,"Centennial Puzzle":26,"Anchor":89,"Nunchaku":95,"Shovel":58,"DollysMirror":82,"Ornamental Fan":89,"Strawberry":89,"Bird Faced Urn":89,"hierophant:DonationBoxRelic":82,"Toolbox":89,"Tiny Chest":17,"Fusion Hammer":48,"Bag of Marbles":30}]},"card_choices":[{"not_picked":["hierophant:Blessing","hierophant:EyeForCoin"],"picked":"hierophant:MirrorShield","floor":0},{"not_picked":["hierophant:Purify","hierophant:DisplayOfPower"],"picked":"hierophant:FlamingChariot","floor":1},{"not_picked":["hierophant:ConvertCurrency","hierophant:DisplayOfPower"],"picked":"hierophant:Sermon","floor":2},{"not_picked":["hierophant:Shelter","hierophant:Doubloon"],"picked":"hierophant:SealAway","floor":4},{"not_picked":["hierophant:DisplayOfPower","hierophant:Doubloon","hierophant:OrnateBuckler"],"picked":"SKIP","floor":5},{"not_picked":["hierophant:OrnateBuckler","hierophant:MintersHammer"],"picked":"hierophant:HolyVerse","floor":6},{"not_picked":["hierophant:Doubloon","hierophant:Community"],"picked":"hierophant:RustyCrate","floor":7},{"not_picked":["hierophant:DisplayOfPower","hierophant:Glossolalia"],"picked":"hierophant:SolarFlare","floor":8},{"not_picked":["hierophant:PassingBell","hierophant:Chorus"],"picked":"hierophant:ThreeLashes","floor":10},{"not_picked":["hierophant:TollTheBells","hierophant:OrnateBuckler","hierophant:Flagellation"],"picked":"SKIP","floor":13},{"not_picked":["hierophant:OrnateBuckler","hierophant:Dazzle"],"picked":"hierophant:ThreeLashes","floor":14},{"not_picked":["hierophant:Anathema","hierophant:Generosity"],"picked":"hierophant:LocustPlague","floor":16},{"not_picked":["hierophant:AuricBeam","hierophant:Remorse"],"picked":"hierophant:MorningPrayer","floor":18},{"not_picked":["hierophant:Zeal","hierophant:Upheaval","hierophant:Charity"],"picked":"SKIP","floor":22},{"not_picked":["hierophant:Levitation","hierophant:RepressedViolence"],"picked":"hierophant:Encroach","floor":24},{"not_picked":["hierophant:HolyVerse","hierophant:Alms"],"picked":"hierophant:Glossolalia+1","floor":27},{"not_picked":["hierophant:MorningPrayer","hierophant:Refuge+1"],"picked":"hierophant:Empathy","floor":28},{"not_picked":["hierophant:OrnateBuckler","hierophant:SolarFlare+1"],"picked":"hierophant:ArchangelShield+1","floor":29},{"not_picked":["hierophant:Prophecy","hierophant:Encroach"],"picked":"hierophant:Embezzle","floor":30},{"not_picked":["hierophant:MorningPrayer","hierophant:Shelter"],"picked":"hierophant:LocustPlague","floor":31},{"not_picked":["hierophant:Anathema","hierophant:DeathKnell"],"picked":"hierophant:Kindle","floor":33},{"not_picked":["hierophant:Remorse","hierophant:SealAway","hierophant:Encroach+1"],"picked":"SKIP","floor":35},{"not_picked":["hierophant:ArchangelShield+1","hierophant:Zeal"],"picked":"hierophant:Shelter","floor":39},{"not_picked":["hierophant:Upheaval","hierophant:PassingBell+1","hierophant:RecallFunds+1"],"picked":"SKIP","floor":42},{"not_picked":["hierophant:Determination+1","hierophant:OrnateBuckler","hierophant:HolyVerse"],"picked":"SKIP","floor":48}],"player_experience":1965000,"relics_obtained":[{"floor":6,"key":"Tiny Chest"},{"floor":9,"key":"Centennial Puzzle"},{"floor":11,"key":"Bag of Marbles"},{"floor":13,"key":"Vajra"},{"floor":19,"key":"Orichalcum"},{"floor":24,"key":"Frozen Egg 2"},{"floor":26,"key":"Shovel"},{"floor":28,"key":"Pen Nib"},{"floor":30,"key":"Eternal Feather"},{"floor":36,"key":"hierophant:DonationBoxRelic"},{"floor":42,"key":"PreservedInsect"},{"floor":43,"key":"Strawberry"},{"floor":44,"key":"Anchor"},{"floor":45,"key":"Ornamental Fan"},{"floor":46,"key":"Bird Faced Urn"},{"floor":48,"key":"Mercury Hourglass"},{"floor":49,"key":"Nunchaku"}],"event_choices":[{"damage_healed":0,"gold_gain":0,"cards_transformed":["hierophant:Strike_Hierophant"],"player_choice":"Transformed","damage_taken":0,"max_hp_gain":0,"max_hp_loss":0,"event_name":"Transmorgrifier","floor":3,"gold_loss":0,"cards_obtained":["hierophant:PristineSoul"]},{"damage_healed":0,"gold_gain":72,"player_choice":"Gained Gold","damage_taken":0,"max_hp_gain":0,"max_hp_loss":0,"event_name":"Golden Wing","floor":12,"gold_loss":0},{"damage_healed":0,"gold_gain":0,"player_choice":"Ignored","damage_taken":0,"max_hp_gain":0,"max_hp_loss":0,"event_name":"Ghosts","floor":21,"gold_loss":0},{"cards_removed":["hierophant:Strike_Hierophant"],"damage_healed":0,"gold_gain":0,"player_choice":"Gave Gold","damage_taken":0,"max_hp_gain":0,"max_hp_loss":0,"event_name":"Beggar","floor":25,"gold_loss":75},{"cards_removed":["hierophant:Defend_Hierophant"],"damage_healed":0,"gold_gain":0,"player_choice":"Purged","damage_taken":0,"max_hp_gain":0,"max_hp_loss":0,"event_name":"Purifier","floor":37,"gold_loss":0},{"damage_healed":50,"gold_gain":0,"player_choice":"Heal","damage_taken":0,"max_hp_gain":0,"max_hp_loss":0,"event_name":"MindBloom","floor":41,"gold_loss":0,"cards_obtained":["Doubt"]}],"is_beta":false,"boss_relics":[{"not_picked":["Snecko Eye","Tiny House"],"picked":"Fusion Hammer"},{"not_picked":["Coffee Dripper","Black Star"],"picked":"Sozu"}],"items_purged_floors":[],"is_endless":false,"potions_floor_spawned":[2,6,7,13,18,24,31,33,39],"ascension_level":15}}