{"host":"idhn3x725u206pbu","time":1609422285,"event":{"mods":["AchievementEnabler","BaseMod","Bestiary","Better Altar","Better Match","Better Note","Better Sensory Stone","Better Skull","Better Third Choice","BetterRewards","Colored Map","Energized Spire","Hubris","Infinite Spire","Minty Spire (QoL Compilation)","Permanent Neow","Quick Restart","Relic Stats","Replay The Spire","Spicy Shops","StSLib","The Jungle","UnlockEverythingMod","¡¾ÒÅÎï¿¨ÅÆ¡¿REMEMod"],"gold_per_floor":[118,118,118,57,68,68,100,114,114,114,128,190,190,208,208,307,307,319,319,431,449,449,466,466,391,391],"floor_reached":25,"playtime":1734,"items_purged":["Strike_R"],"score":351,"play_id":"9bb308e9-e8fb-4817-a112-f538cd312808","local_time":"20201231214445","is_ascension_mode":false,"campfire_choices":[{"data":"Eruption","floor":6.0,"key":"SMITH"},{"data":"Whirlwind","floor":13,"key":"SMITH"},{"floor":15,"key":"REST"},{"floor":24,"key":"REST"}],"circlet_count":0,"master_deck":["Strike_R+1","Strike_R","Strike_R","Strike_R","Defend_R","Defend_R","Defend_R+1","Defend_R","Double Tap+1","Anger+1","Eruption+1","Immolate+1","Shrug It Off+1","Inflame+1","Twin Strike","Sword Boomerang","Power Through","Whirlwind+1","True Grit","Barricade+1","ReplayTheSpireMod:Echoes of Time","Clothesline+1","Limit Break+1","Metallicize+1","Body Slam+1"],"relics":["REME_ComplimentaryCards","Golden Egg","Replay:M_SmolderingBlood","Oddly Smooth Stone","Paper Frog","Red Skull","energizedSpire:RedRose","Simple Rune","Orrery"],"acts_visited":["Exordium","TheCity"],"potions_floor_usage":[],"damage_taken":[{"damage":7.0,"enemies":"2 Louse","floor":1.0,"turns":3.0},{"damage":0.0,"enemies":"Cultist","floor":5.0,"turns":1.0},{"damage":7.0,"enemies":"Lagavulin","floor":7.0,"turns":4.0},{"damage":0,"enemies":"Jaw Worm","floor":8,"turns":2},{"damage":0,"enemies":"Exordium Wildlife","floor":11,"turns":1},{"damage":21,"enemies":"Lagavulin Event","floor":12,"turns":5},{"damage":10,"enemies":"Looter","floor":14,"turns":2},{"damage":0,"enemies":"Fading Forest","floor":16,"turns":11},{"damage":6,"enemies":"Spheric Guardian","floor":18,"turns":2},{"damage":15,"enemies":"Chosen","floor":21,"turns":3},{"damage":21,"enemies":"Snecko","floor":23,"turns":5}],"seed_played":"1465342665264380137","potions_obtained":[{"floor":1.0,"key":"ColorlessPotion"},{"floor":11,"key":"FearPotion"},{"floor":12,"key":"REME_GoldPotion"},{"floor":16,"key":"BlessingOfTheForge"}],"is_trial":false,"path_per_floor":["M","?","?","$","M","R","E","M","T","?","M","?","R","M","R","B",null,"M","AVR","?","M","?","M","R","$"],"character_chosen":"IRONCLAD","items_purchased":["Double Tap","Golden Egg","Shrug It Off","Orrery"],"campfire_rested":2,"item_purchase_floors":[0,0,4,25],"current_hp_per_floor":[71,71,71,71,71,71,64,64,64,64,64,43,43,33,57,65,80,74,74,65,50,50,29,53,53,53],"gold":391,"neow_bonus":"","is_daily":false,"chose_seed":false,"campfire_upgraded":2,"win_rate":0.0,"timestamp":1609422285,"path_taken":["M","?","?","$","?","R","E","M","T","?","?","?","R","M","R","BOSS","M","AVR","?","M","?","M","R","$"],"items_purchased_type":["Card","Relic","Card","Relic"],"build_version":"2020-12-22","purchased_purges":1,"victory":false,"max_hp_per_floor":[80,80,80,80,80,80,80,80,80,80,80,80,80,80,80,80,80,80,80,80,80,80,80,80,80,80],"relic_stats":{"counters":[33,140],"obtain_stats":[{"energizedSpire:RedRose":17,"Golden Egg":0,"Nilry\u0027s Codex":27,"Vajra":13,"hubris:VirtuousBlindfold":17,"Oddly Smooth Stone":7,"War Paint":23,"Sling":30,"Burning Blood":0,"Sozu":53,"Replay:Ringing Soul":10,"hubris:Icosahedron":36,"infinitespire:WardingShard":6,"Replay:M_SmolderingBlood":2,"Orrery":25,"Prayer Wheel":47,"Simple Rune":19,"energizedSpire:HugeHouse":34,"hubris:TenFootPole":45,"Red Skull":12,"REME_ComplimentaryCards":0,"hubris:GlazedTorus":9,"Paper Frog":9},{"energizedSpire:RedRose":30,"Golden Egg":22,"Nilry\u0027s Codex":13,"Vajra":6,"hubris:VirtuousBlindfold":8,"Oddly Smooth Stone":25,"War Paint":12,"Sling":13,"Burning Blood":0,"Sozu":22,"Replay:Ringing Soul":5,"hubris:Icosahedron":16,"infinitespire:WardingShard":4,"Replay:M_SmolderingBlood":23,"Orrery":33,"Prayer Wheel":20,"Simple Rune":31,"energizedSpire:HugeHouse":15,"hubris:TenFootPole":19,"Red Skull":28,"REME_ComplimentaryCards":0,"hubris:GlazedTorus":4,"Paper Frog":26},{"energizedSpire:RedRose":130,"Golden Egg":101,"Nilry\u0027s Codex":59,"Vajra":29,"hubris:VirtuousBlindfold":40,"Oddly Smooth Stone":109,"War Paint":55,"Sling":59,"Burning Blood":0,"Sozu":101,"Replay:Ringing Soul":24,"hubris:Icosahedron":72,"infinitespire:WardingShard":18,"Replay:M_SmolderingBlood":104,"Orrery":140,"Prayer Wheel":91,"Simple Rune":132,"energizedSpire:HugeHouse":69,"hubris:TenFootPole":86,"Red Skull":117,"REME_ComplimentaryCards":0,"hubris:GlazedTorus":18,"Paper Frog":111}]},"card_choices":[{"not_picked":["Feel No Pain","hubris:SharpeningStone","Body Slam"],"picked":"SKIP","floor":1.0},{"not_picked":["Cleave","Battle Trance"],"picked":"Inflame","floor":5.0},{"not_picked":["Sentinel","Anger"],"picked":"Twin Strike","floor":7},{"not_picked":["FlyingSleeves","Sever Soul"],"picked":"Sword Boomerang","floor":8},{"not_picked":["Sword Boomerang","Perfected Strike"],"picked":"Power Through","floor":11},{"not_picked":["Havoc","True Grit"],"picked":"Whirlwind","floor":12},{"not_picked":["Clash","Iron Wave"],"picked":"True Grit","floor":14},{"not_picked":["Corruption","Reaper"],"picked":"Barricade","floor":16},{"not_picked":["Perfected Strike","Power Through","REME_Cut+1"],"picked":"SKIP","floor":18},{"not_picked":["Perfected Strike","Headbutt"],"picked":"Clothesline+1","floor":21},{"not_picked":["ReplayTheSpireMod:LeadingStrike","True Grit"],"picked":"Metallicize+1","floor":23},{"not_picked":["Clothesline+1","Life Link"],"picked":"Body Slam+1","floor":25}],"player_experience":88731,"relics_obtained":[{"floor":7,"key":"Oddly Smooth Stone"},{"floor":9,"key":"Paper Frog"},{"floor":12,"key":"Red Skull"}],"event_choices":[{"damage_healed":0.0,"max_hp_gain":0.0,"max_hp_loss":0.0,"gold_gain":0.0,"event_name":"Accursed Blacksmith","player_choice":"Forge","floor":3.0,"gold_loss":0.0,"damage_taken":0.0,"cards_upgraded":["Double Tap"]},{"damage_healed":0,"gold_gain":30,"player_choice":"Searched \u00272\u0027 times","damage_taken":0,"max_hp_gain":0,"max_hp_loss":0,"event_name":"Dead Adventurer","floor":12,"gold_loss":0},{"damage_healed":0,"gold_gain":112,"player_choice":"GO ","damage_taken":10,"relics_obtained":[],"max_hp_gain":0,"max_hp_loss":0,"event_name":"betterSkull:BetterSkull","floor":20,"gold_loss":0,"cards_upgraded":[]},{"cards_removed":["Barricade"],"damage_healed":0,"gold_gain":0,"player_choice":"Take \u0026 Give","damage_taken":0,"max_hp_gain":0,"max_hp_loss":0,"event_name":"betterNote:BetterNote","floor":22,"gold_loss":0,"cards_obtained":["Limit Break"]}],"is_beta":false,"boss_relics":[{"not_picked":["infinitespire:Burning Sword","hubris:RunicObelisk"],"picked":"energizedSpire:RedRose"}],"items_purged_floors":[19],"is_endless":false,"potions_floor_spawned":[1,11,12,16,18],"ascension_level":0}}