{"host":"2se5dq1do2gp0x9k","time":1609450834,"event":{"mods":["BaseMod","Block Reminder","Colored Map","Colored Powertips","Minty Spire (QoL Compilation)","Relic Stats","StSLib","SuperFastMode","Synergy Search"],"gold_per_floor":[117,129,204,224,73,73,73,73,155,187,362,362,26,61,61,159,159,203,222,16,16,61,61,106,157,157,157,157],"floor_reached":27,"playtime":1350,"items_purged":["Strike_P","Doubt","Defend_P"],"score":306,"play_id":"abc7b39d-895f-4877-a6ce-a0df7de1c42a","local_time":"20201231134034","is_ascension_mode":false,"campfire_choices":[{"data":"Apotheosis","floor":6.0,"key":"SMITH"},{"data":"Meditate","floor":8.0,"key":"SMITH"},{"data":"CrushJoints","floor":15,"key":"SMITH"},{"data":"Blasphemy","floor":23,"key":"SMITH"}],"circlet_count":0,"master_deck":["Strike_P","Strike_P","Strike_P","Defend_P","Defend_P","Eruption","Vigilance","Apotheosis+1","CrushJoints+1","JustLucky","CutThroughFate","Meditate+1","Consecrate","HandOfGreed","InnerPeace","Evaluate","Blasphemy+1","TalkToTheHand","Protect","Nirvana","ThirdEye+1","Omniscience"],"relics":["HolyWater","Toy Ornithopter","Kunai","Unceasing Top","Ornamental Fan","Shuriken"],"acts_visited":["Exordium","TheCity"],"potions_floor_usage":[27],"damage_taken":[{"damage":0.0,"enemies":"2 Louse","floor":1.0,"turns":3.0},{"damage":0.0,"enemies":"Cultist","floor":2.0,"turns":3.0},{"damage":0.0,"enemies":"Small Slimes","floor":4.0,"turns":3.0},{"damage":15.0,"enemies":"3 Sentries","floor":10.0,"turns":8.0},{"damage":6,"enemies":"Red Slaver","floor":14,"turns":2},{"damage":0,"enemies":"Hexaghost","floor":16,"turns":6},{"damage":5,"enemies":"Shell Parasite","floor":18,"turns":4},{"damage":0,"enemies":"Chosen","floor":19,"turns":6},{"damage":2,"enemies":"Centurion and Healer","floor":22,"turns":4},{"damage":14,"enemies":"Snecko","floor":24,"turns":5},{"damage":2,"enemies":"Book of Stabbing","floor":25,"turns":4},{"damage":99999,"enemies":"Gremlin Leader","floor":27,"turns":2}],"seed_played":"-2520016211972661699","potions_obtained":[{"floor":16,"key":"AttackPotion"},{"floor":19,"key":"DistilledChaos"}],"is_trial":false,"path_per_floor":["M","M","?","M","$","R","?","R","T","E","?","?","$","M","R","B",null,"M","M","$","?","M","R","M","E","T","E"],"character_chosen":"WATCHER","items_purchased":["Meditate","HandOfGreed","InnerPeace","Nirvana"],"campfire_rested":0,"item_purchase_floors":[5,13,13,20],"current_hp_per_floor":[65,65,54,54,54,54,36,36,36,21,21,21,21,15,15,15,65,60,60,60,60,58,58,44,42,42,0,0],"gold":157,"neow_bonus":"RANDOM_COLORLESS_2","is_daily":false,"chose_seed":false,"campfire_upgraded":4,"win_rate":0.0,"timestamp":1609450834,"path_taken":["M","M","?","M","$","R","?","R","T","E","?","?","$","M","R","BOSS","M","?","$","?","M","R","?","E","T","E"],"items_purchased_type":["Card","Card","Card","Card"],"build_version":"2020-12-22","purchased_purges":3,"victory":false,"max_hp_per_floor":[65,65,65,65,65,65,65,65,65,65,65,65,65,65,65,65,65,65,65,65,65,65,65,65,65,65,65,65],"relic_stats":{"counters":[12,49],"Ornamental Fan":[4],"Shuriken":[1],"Kunai":[14],"obtain_stats":[{"Ornamental Fan":25,"Shuriken":26,"HolyWater":17,"Kunai":9,"PureWater":0,"Toy Ornithopter":7,"Unceasing Top":10},{"Ornamental Fan":11,"Shuriken":11,"HolyWater":6,"Kunai":3,"PureWater":0,"Toy Ornithopter":3,"Unceasing Top":4},{"Ornamental Fan":48,"Shuriken":48,"HolyWater":25,"Kunai":9,"PureWater":0,"Toy Ornithopter":9,"Unceasing Top":17}],"Toy Ornithopter":5,"Unceasing Top":[0]},"card_choices":[{"not_picked":["Sadistic Nature","Master of Strategy"],"picked":"Apotheosis","floor":0.0},{"not_picked":["FlurryOfBlows","Sanctity"],"picked":"CrushJoints","floor":1.0},{"not_picked":["ClearTheMind","LikeWater"],"picked":"JustLucky","floor":2.0},{"not_picked":["Prostrate","EmptyFist"],"picked":"CutThroughFate","floor":4.0},{"not_picked":["Worship","MentalFortress"],"picked":"Consecrate","floor":10.0},{"not_picked":["Conclude","Prostrate"],"picked":"Evaluate","floor":14},{"not_picked":["Omniscience","ConjureBlade"],"picked":"Blasphemy","floor":16},{"not_picked":["FollowUp","Nirvana"],"picked":"TalkToTheHand","floor":18},{"not_picked":["Worship","Conclude+1"],"picked":"Protect","floor":19},{"not_picked":["FlyingSleeves","Prostrate+1","WindmillStrike"],"picked":"SKIP","floor":22},{"not_picked":["WaveOfTheHand","FollowUp"],"picked":"ThirdEye+1","floor":24},{"not_picked":["EmptyMind","EmptyFist"],"picked":"Omniscience","floor":25}],"player_experience":3668443,"relics_obtained":[{"floor":9.0,"key":"Kunai"},{"floor":10.0,"key":"Unceasing Top"},{"floor":25,"key":"Ornamental Fan"},{"floor":26,"key":"Shuriken"}],"event_choices":[{"damage_healed":0.0,"max_hp_gain":0.0,"max_hp_loss":0.0,"gold_gain":75.0,"event_name":"World of Goop","player_choice":"Gather Gold","floor":3.0,"gold_loss":0.0,"damage_taken":11.0},{"damage_healed":0.0,"max_hp_gain":0.0,"max_hp_loss":0.0,"gold_gain":0.0,"event_name":"Scrap Ooze","player_choice":"Success","floor":7.0,"gold_loss":0.0,"damage_taken":18.0,"relics_obtained":["Toy Ornithopter"]},{"damage_healed":0,"gold_gain":175,"player_choice":"AGREE","damage_taken":0,"max_hp_gain":0,"max_hp_loss":0,"event_name":"Liars Game","floor":11,"gold_loss":0,"cards_obtained":["Doubt"]},{"damage_healed":0,"gold_gain":0,"player_choice":"Ignored","damage_taken":0,"max_hp_gain":0,"max_hp_loss":0,"event_name":"NoteForYourself","floor":12,"gold_loss":0},{"cards_removed":["Defend_P"],"damage_healed":0,"gold_gain":0,"player_choice":"Purged","damage_taken":0,"max_hp_gain":0,"max_hp_loss":0,"event_name":"Purifier","floor":21,"gold_loss":0}],"is_beta":false,"boss_relics":[{"not_picked":["Tiny House","Ectoplasm"],"picked":"HolyWater"}],"items_purged_floors":[5,13,20],"is_endless":false,"potions_floor_spawned":[16,19],"killed_by":"Gremlin Leader","ascension_level":0}}