{"host":"x1qj4d8ympd5jdqh","time":1609406210,"event":{"mods":["AchievementEnabler","AlwaysNeverKeys","BaseMod","Colored Map","Custom Start","DeckTracker","Highlight Path","Minty Spire (QoL Compilation)","StSLib","SuperFastMode"],"gold_per_floor":[116,15,90,90,171,171,205,222,249,249,282,296,296,311,311,385,385,404,404,265,279,45,45,78,78,78,121,121,121,152,152,152,234,261,278,287,287,137,148,175,175,175,249,281,304,304,304,129,129,129,129,129,129,72,103,103],"floor_reached":57,"playtime":2403,"items_purged":["Strike_G","Strike_G","Strike_G","Defend_G","Defend_G"],"score":3436,"play_id":"0c414518-edb5-4a1b-babe-c2e97c51640d","local_time":"20201231181650","is_ascension_mode":true,"campfire_choices":[{"data":"Grand Finale","floor":6.0,"key":"SMITH"},{"floor":10.0,"key":"REST"},{"data":"Acrobatics","floor":13.0,"key":"SMITH"},{"data":"Tactician","floor":15.0,"key":"SMITH"},{"data":"Well Laid Plans","floor":23.0,"key":"SMITH"},{"data":"Adrenaline","floor":25.0,"key":"SMITH"},{"data":"Neutralize","floor":32,"key":"SMITH"},{"floor":41,"key":"RECALL"},{"data":"Backflip","floor":47,"key":"SMITH"},{"data":"Escape Plan","floor":49,"key":"SMITH"},{"data":"Survivor","floor":53,"key":"SMITH"}],"circlet_count":0,"master_deck":["AscendersBane","Survivor+1","Neutralize+1","Grand Finale+1","Acrobatics+1","Backflip+1","Tactician+1","Escape Plan+1","Adrenaline+1","Well Laid Plans+1","Dodge and Roll+1","After Image","Night Terror+1","Calculated Gamble+1","Deep Breath+1","Dagger Throw+1"],"relics":["Ring of the Snake","Eternal Feather","Art of War","Bag of Preparation","PreservedInsect","WristBlade","CeramicFish","HornCleat","Blue Candle","Boot","Astrolabe","Juzu Bracelet","Pantograph","Potion Belt","Shuriken"],"acts_visited":["Exordium","TheCity","TheBeyond","TheEnding"],"potions_floor_usage":[56,56,56],"damage_taken":[{"damage":1.0,"enemies":"2 Louse","floor":1.0,"turns":6.0},{"damage":8.0,"enemies":"Gremlin Nob","floor":7.0,"turns":3.0},{"damage":0.0,"enemies":"Jaw Worm","floor":8.0,"turns":7.0},{"damage":0.0,"enemies":"3 Sentries","floor":11.0,"turns":2.0},{"damage":1.0,"enemies":"Small Slimes","floor":12.0,"turns":6.0},{"damage":6.0,"enemies":"Exordium Wildlife","floor":14.0,"turns":4.0},{"damage":27.0,"enemies":"Hexaghost","floor":16.0,"turns":6.0},{"damage":0.0,"enemies":"2 Thieves","floor":18.0,"turns":2.0},{"damage":0.0,"enemies":"Shell Parasite","floor":21.0,"turns":2.0},{"damage":0.0,"enemies":"Book of Stabbing","floor":24.0,"turns":1.0},{"damage":0,"enemies":"Slavers","floor":27,"turns":1},{"damage":0,"enemies":"Book of Stabbing","floor":30,"turns":2},{"damage":49,"enemies":"Champ","floor":33,"turns":10},{"damage":0,"enemies":"3 Darklings","floor":35,"turns":2},{"damage":0,"enemies":"3 Shapes","floor":39,"turns":2},{"damage":0,"enemies":"Reptomancer","floor":40,"turns":1},{"damage":0,"enemies":"Giant Head","floor":44,"turns":2},{"damage":0,"enemies":"Sphere and 2 Shapes","floor":45,"turns":1},{"damage":0,"enemies":"Time Eater","floor":50,"turns":4},{"damage":0,"enemies":"Awakened One","floor":51,"turns":2},{"damage":0,"enemies":"Shield and Spear","floor":55,"turns":1},{"damage":43,"enemies":"The Heart","floor":56,"turns":7}],"seed_played":"-7824030698445135280","potions_obtained":[{"floor":7.0,"key":"FearPotion"},{"floor":8.0,"key":"BlessingOfTheForge"},{"floor":11.0,"key":"CultistPotion"},{"floor":21.0,"key":"Fire Potion"},{"floor":44,"key":"Poison Potion"},{"floor":45,"key":"Swift Potion"}],"is_trial":false,"path_per_floor":["M","$","?","?","T","R","E","M","T","R","E","M","R","M","R","B",null,"M","?","$","M","$","R","E","R","T","E","?","?","E","?","R","B",null,"M","?","?","$","M","E","R","?","T","E","M","?","R","$","R","B","B",null,"R","$","E","B",null],"character_chosen":"THE_SILENT","items_purchased":["Backflip","Well Laid Plans","FairyPotion","Dexterity Potion"],"campfire_rested":1,"item_purchase_floors":[2,20,22,54],"current_hp_per_floor":[43,43,32,32,32,38,30,30,30,55,55,54,63,57,66,39,59,59,59,59,59,59,66,66,66,66,66,66,66,66,66,66,17,54,54,44,44,44,44,44,53,53,53,53,53,53,62,62,66,66,66,66,66,66,66,23],"gold":103,"neow_bonus":"THREE_RARE_CARDS","is_daily":false,"chose_seed":false,"campfire_upgraded":9,"win_rate":0.0,"timestamp":1609406210,"path_taken":["M","$","?","?","?","R","E","M","T","R","E","M","R","M","R","BOSS","M","?","$","M","$","R","E","R","T","E","?","?","E","?","R","BOSS","M","?","?","$","M","E","R","?","T","E","M","?","R","$","R","BOSS","BOSS","R","$","E","BOSS"],"items_purchased_type":["Card","Card","Potion","Potion"],"build_version":"2020-12-22","purchased_purges":5,"victory":true,"max_hp_per_floor":[66,66,66,66,66,66,66,66,66,66,66,66,66,66,66,66,66,66,66,66,66,66,66,66,66,66,66,66,66,66,66,66,66,66,66,66,66,66,66,66,66,66,66,66,66,66,66,66,66,66,66,66,66,66,66,66],"card_choices":[{"not_picked":["Wraith Form v2","Doppelganger"],"picked":"Grand Finale","floor":0.0},{"not_picked":["Heel Hook","Slice"],"picked":"Acrobatics","floor":1.0},{"not_picked":["Backflip","Endless Agony","Expertise"],"picked":"SKIP","floor":7.0},{"not_picked":["Bouncing Flask","Flying Knee","Poisoned Stab"],"picked":"SKIP","floor":8.0},{"not_picked":["Dodge and Roll","Reflex"],"picked":"Tactician","floor":11.0},{"not_picked":["Cloak And Dagger","PiercingWail"],"picked":"Escape Plan","floor":12.0},{"not_picked":["Outmaneuver","Catalyst","Eviscerate"],"picked":"SKIP","floor":14.0},{"not_picked":["After Image","Glass Knife"],"picked":"Adrenaline","floor":16.0},{"not_picked":["Sucker Punch","Bane","Flying Knee"],"picked":"SKIP","floor":18.0},{"not_picked":["Dagger Spray","Sucker Punch","Eviscerate"],"picked":"SKIP","floor":21.0},{"not_picked":["Setup","Distraction","Predator"],"picked":"SKIP","floor":24.0},{"not_picked":["Setup","Distraction","Predator"],"picked":"SKIP","floor":24.0},{"not_picked":["Glass Knife","Choke"],"picked":"Dodge and Roll+1","floor":27},{"not_picked":["Blade Dance","Dodge and Roll","Setup"],"picked":"SKIP","floor":30},{"not_picked":["Grand Finale","Tools of the Trade"],"picked":"After Image","floor":33},{"not_picked":["Flying Knee","Tactician","Terror"],"picked":"SKIP","floor":35},{"not_picked":["Dark Shackles","Panacea"],"picked":"Deep Breath","floor":36},{"not_picked":["Well Laid Plans","Underhanded Strike","Accuracy"],"picked":"SKIP","floor":39},{"not_picked":["Dodge and Roll","Envenom","Dagger Throw"],"picked":"SKIP","floor":40},{"not_picked":["Dodge and Roll","Envenom","Dagger Throw"],"picked":"SKIP","floor":40},{"not_picked":["Flechettes","Well Laid Plans","Backflip"],"picked":"SKIP","floor":44},{"not_picked":["Flechettes","Well Laid Plans","Backflip"],"picked":"SKIP","floor":44},{"not_picked":["Choke","Flying Knee"],"picked":"Dagger Throw+1","floor":45},{"not_picked":["PiercingWail","Deflect","Unload"],"picked":"SKIP","floor":55}],"player_experience":1300405,"relics_obtained":[{"floor":5.0,"key":"Eternal Feather"},{"floor":7.0,"key":"Art of War"},{"floor":9.0,"key":"Bag of Preparation"},{"floor":11.0,"key":"PreservedInsect"},{"floor":24.0,"key":"CeramicFish"},{"floor":26.0,"key":"HornCleat"},{"floor":27,"key":"Blue Candle"},{"floor":30,"key":"Boot"},{"floor":40,"key":"Juzu Bracelet"},{"floor":44,"key":"Potion Belt"},{"floor":55,"key":"Shuriken"}],"event_choices":[{"damage_healed":0.0,"max_hp_gain":0.0,"max_hp_loss":0.0,"gold_gain":75.0,"event_name":"World of Goop","player_choice":"Gather Gold","floor":3.0,"gold_loss":0.0,"damage_taken":11.0},{"cards_removed":["Defend_G"],"damage_healed":0.0,"max_hp_gain":0.0,"max_hp_loss":0.0,"gold_gain":0.0,"event_name":"Living Wall","player_choice":"Forget","floor":4.0,"gold_loss":0.0,"damage_taken":0.0},{"cards_removed":["Strike_G"],"damage_healed":0.0,"max_hp_gain":0.0,"max_hp_loss":0.0,"gold_gain":0.0,"event_name":"Back to Basics","player_choice":"Elegance","floor":19.0,"gold_loss":0.0,"damage_taken":0.0},{"damage_healed":0,"gold_gain":0,"player_choice":"Ignored","damage_taken":0,"max_hp_gain":0,"max_hp_loss":0,"event_name":"Cursed Tome","floor":28,"gold_loss":0},{"damage_healed":0,"gold_gain":0,"player_choice":"Ignored","damage_taken":0,"max_hp_gain":0,"max_hp_loss":0,"event_name":"Ghosts","floor":29,"gold_loss":0},{"damage_healed":0,"gold_gain":0,"player_choice":"Ignored","damage_taken":0,"max_hp_gain":0,"max_hp_loss":0,"event_name":"Vampires","floor":31,"gold_loss":0},{"damage_healed":0,"gold_gain":0,"player_choice":"Memory 3","damage_taken":10,"max_hp_gain":0,"max_hp_loss":0,"event_name":"SensoryStone","floor":36,"gold_loss":0},{"damage_healed":0,"gold_gain":0,"player_choice":"Forge","damage_taken":0,"max_hp_gain":0,"max_hp_loss":0,"event_name":"Accursed Blacksmith","floor":37,"gold_loss":0,"cards_upgraded":["Deep Breath"]},{"damage_healed":0,"gold_gain":0,"player_choice":"Gave Potion","damage_taken":0,"relics_obtained":["Pantograph"],"max_hp_gain":0,"max_hp_loss":0,"event_name":"WeMeetAgain","floor":42,"gold_loss":0},{"cards_removed":["Night Terror"],"damage_healed":0,"gold_gain":0,"player_choice":"Purged","damage_taken":0,"max_hp_gain":0,"max_hp_loss":0,"event_name":"Purifier","floor":46,"gold_loss":0}],"is_beta":false,"boss_relics":[{"not_picked":["Coffee Dripper","Ectoplasm"],"picked":"WristBlade"},{"not_picked":["Philosopher\u0027s Stone","Black Star"],"picked":"Astrolabe"}],"items_purged_floors":[2,20,22,38,48],"is_endless":false,"potions_floor_spawned":[7,8,11,21,27,35,44,45],"ascension_level":20}}