{"host":"igj4vwc42ivwqexo","time":1609416831,"event":{"mods":["BaseMod","Better Third Choice","Koishi","Marisa????????","Minty Spire (QoL Compilation)","Shop Mod","StSLib","The Blue Laboratory","The Disciple","The Hierophant","The Servant 0.9.4"],"gold_per_floor":[112,187,201,50,62,62,62,96,96,111,111,122,134,134,134],"floor_reached":14,"playtime":1205,"items_purged":[],"score":110,"play_id":"dde17783-a1cd-4769-a788-94e55769e298","local_time":"20201231131351","is_ascension_mode":true,"campfire_choices":[{"data":"Zap","floor":6,"key":"SMITH"},{"data":"Dualcast","floor":11,"key":"SMITH"}],"circlet_count":0,"master_deck":["Strike_B","Strike_B","Strike_B","Defend_B","Defend_B","Defend_B","Zap+1","Dualcast+1","Recycle","Loop","Static Discharge","Steam","Compile Driver","Reinforced Body","Regret","Streamline","Core Surge","FTL","Cold Snap"],"relics":["Cracked Core","Kunai","Shuriken","Matryoshka"],"acts_visited":["Exordium"],"potions_floor_usage":[13,14,14],"damage_taken":[{"damage":0,"enemies":"Cultist","floor":1,"turns":2},{"damage":0,"enemies":"Small Slimes","floor":3,"turns":2},{"damage":1,"enemies":"Jaw Worm","floor":5,"turns":3},{"damage":29,"enemies":"3 Sentries","floor":8,"turns":8},{"damage":10,"enemies":"3 Louse","floor":10,"turns":4},{"damage":6,"enemies":"Looter","floor":12,"turns":2},{"damage":3,"enemies":"Exordium Wildlife","floor":13,"turns":3},{"damage":22,"enemies":"Lagavulin","floor":14,"turns":3}],"seed_played":"-5098049316083355658","potions_obtained":[{"floor":1,"key":"blueLaboratory:StoneskinPotion"},{"floor":5,"key":"blueLaboratory:PlasmaFuel"},{"floor":10,"key":"blueLaboratory:CorrosionFlask"},{"floor":13,"key":"Weak Potion"}],"is_trial":false,"path_per_floor":["M","?","M","$","M","R","?","E","T","M","R","M","M","E"],"character_chosen":"DEFECT","items_purchased":["Static Discharge","Steam","Compile Driver"],"campfire_rested":0,"item_purchase_floors":[4,4,4],"current_hp_per_floor":[68,62,62,62,61,61,61,32,32,22,22,16,13,0,0],"gold":134,"neow_bonus":"REMOVE_TWO","is_daily":false,"chose_seed":false,"campfire_upgraded":2,"win_rate":0.0,"timestamp":1609416831,"path_taken":["M","?","?","?","M","R","?","E","T","M","R","M","M","E"],"items_purchased_type":["Card","Card","Card"],"build_version":"2020-12-22","purchased_purges":0,"victory":false,"max_hp_per_floor":[68,68,68,68,68,68,68,68,68,68,68,68,68,68,68],"card_choices":[{"not_picked":["Fusion","Leap"],"picked":"Recycle","floor":1},{"not_picked":["Sweeping Beam","Compile Driver"],"picked":"Loop","floor":3},{"not_picked":["Redo","Coolheaded"],"picked":"Reinforced Body","floor":5},{"not_picked":["Loop","Sweeping Beam"],"picked":"Streamline","floor":8},{"not_picked":["Auto Shields","FTL"],"picked":"Core Surge","floor":10},{"not_picked":["White Noise","Ball Lightning"],"picked":"FTL","floor":12},{"not_picked":["Melter","Darkness"],"picked":"Cold Snap","floor":13}],"player_experience":267345,"relics_obtained":[{"floor":8,"key":"Shuriken"},{"floor":9,"key":"Matryoshka"}],"event_choices":[{"damage_healed":0,"gold_gain":75,"player_choice":"Touch","damage_taken":6,"max_hp_gain":0,"max_hp_loss":0,"event_name":"FaceTrader","floor":2,"gold_loss":0},{"damage_healed":0,"gold_gain":0,"player_choice":"Box","damage_taken":0,"relics_obtained":["Kunai"],"max_hp_gain":0,"max_hp_loss":0,"event_name":"Big Fish","floor":7,"gold_loss":0,"cards_obtained":["Regret"]}],"is_beta":false,"boss_relics":[],"items_purged_floors":[],"is_endless":false,"potions_floor_spawned":[1,5,10,13],"killed_by":"Lagavulin","ascension_level":4}}