{"host":"56ghxnzsglgdq727","time":1609376196,"event":{"mods":["AchievementEnabler","BaseMod","Minty Spire (QoL Compilation)"],"gold_per_floor":[109,109,120,130,130,130,147,157,184,199,274,174,174,174,174,272,272,285,304,403,416,366,366,366],"floor_reached":23,"playtime":671,"items_purged":["Eruption","Strike_P"],"score":218,"play_id":"18f62484-8fb7-46b8-a4f0-97600bc261e7","local_time":"20201230195636","is_ascension_mode":true,"campfire_choices":[{"data":"Mayhem","floor":6,"key":"SMITH"},{"data":"ForeignInfluence","floor":13,"key":"SMITH"},{"floor":15,"key":"REST"}],"circlet_count":0,"master_deck":["Strike_P","Strike_P","Strike_P","Defend_P","Defend_P","Defend_P","Defend_P","Vigilance","Mayhem+1","Prostrate","Prostrate","ForeignInfluence+1","PathToVictory","Alpha","SandsOfTime"],"relics":["PureWater","Smiling Mask","Busted Crown"],"acts_visited":["Exordium","TheCity"],"potions_floor_usage":[16],"damage_taken":[{"damage":1,"enemies":"2 Louse","floor":1,"turns":5},{"damage":1,"enemies":"Cultist","floor":3,"turns":5},{"damage":8,"enemies":"Jaw Worm","floor":4,"turns":4},{"damage":5,"enemies":"Looter","floor":7,"turns":4},{"damage":0,"enemies":"Large Slime","floor":8,"turns":5},{"damage":0,"enemies":"Exordium Wildlife","floor":10,"turns":4},{"damage":13,"enemies":"Hexaghost","floor":16,"turns":7},{"damage":26,"enemies":"2 Thieves","floor":18,"turns":4},{"damage":21,"enemies":"Shell Parasite","floor":19,"turns":4},{"damage":11,"enemies":"Centurion and Healer","floor":21,"turns":6},{"damage":18,"enemies":"Book of Stabbing","floor":23,"turns":3}],"seed_played":"-6421046272825676705","potions_obtained":[{"floor":8,"key":"Energy Potion"},{"floor":10,"key":"PowerPotion"},{"floor":19,"key":"SteroidPotion"},{"floor":21,"key":"Ancient Potion"}],"is_trial":false,"path_per_floor":["M","?","M","M","?","R","M","M","T","M","?","$","R","?","R","B",null,"M","M","?","M","$","E"],"character_chosen":"WATCHER","items_purchased":["PathToVictory"],"campfire_rested":1,"item_purchase_floors":[12],"current_hp_per_floor":[50,50,49,41,46,46,41,41,41,41,30,30,30,30,53,40,77,51,30,30,19,19,1,1],"gold":366,"neow_bonus":"RANDOM_COLORLESS_2","is_daily":false,"chose_seed":false,"campfire_upgraded":2,"win_rate":0.0,"timestamp":1609376196,"path_taken":["M","?","?","M","?","R","M","M","T","M","?","$","R","?","R","BOSS","M","M","?","M","$","E"],"items_purchased_type":["Card"],"build_version":"2020-12-22","purchased_purges":2,"victory":false,"max_hp_per_floor":[72,72,72,72,77,77,77,77,77,77,77,77,77,77,77,77,77,77,77,77,77,77,77,77],"card_choices":[{"not_picked":["Magnetism","Panache"],"picked":"Mayhem","floor":0},{"not_picked":["BowlingBash","ClearTheMind","Crescendo"],"picked":"SKIP","floor":1},{"not_picked":["ThirdEye","SignatureMove","CutThroughFate"],"picked":"SKIP","floor":3},{"not_picked":["DeceiveReality","Sanctity","SandsOfTime"],"picked":"SKIP","floor":4},{"not_picked":["Conclude","ThirdEye"],"picked":"Prostrate","floor":7},{"not_picked":["Meditate","Protect"],"picked":"Prostrate","floor":8},{"not_picked":["Indignation","Collect"],"picked":"ForeignInfluence","floor":10},{"not_picked":["DeusExMachina","Scrawl"],"picked":"Alpha","floor":16},{"not_picked":["ReachHeaven+1"],"picked":"SKIP","floor":18},{"not_picked":[],"picked":"SandsOfTime","floor":19},{"not_picked":["Perseverance"],"picked":"SKIP","floor":21}],"player_experience":65578,"relics_obtained":[{"floor":9,"key":"Smiling Mask"}],"event_choices":[{"damage_healed":0,"gold_gain":0,"player_choice":"Bought 0 Potions","damage_taken":0,"max_hp_gain":0,"max_hp_loss":0,"event_name":"The Woman in Blue","floor":2,"gold_loss":0},{"damage_healed":0,"gold_gain":0,"player_choice":"Donut","damage_taken":0,"max_hp_gain":5,"max_hp_loss":0,"event_name":"Big Fish","floor":5,"gold_loss":0},{"damage_healed":0,"gold_gain":75,"player_choice":"Gather Gold","damage_taken":11,"max_hp_gain":0,"max_hp_loss":0,"event_name":"World of Goop","floor":11,"gold_loss":0},{"damage_healed":0,"gold_gain":0,"player_choice":"Ignored","damage_taken":0,"max_hp_gain":0,"max_hp_loss":0,"event_name":"Liars Game","floor":14,"gold_loss":0},{"damage_healed":0,"gold_gain":99,"player_choice":"Stole From Cult","damage_taken":0,"max_hp_gain":0,"max_hp_loss":0,"event_name":"Nest","floor":20,"gold_loss":0}],"is_beta":false,"boss_relics":[{"not_picked":["Velvet Choker","Snecko Eye"],"picked":"Busted Crown"}],"items_purged_floors":[12,22],"is_endless":false,"potions_floor_spawned":[8,10,19,21],"killed_by":"Book of Stabbing","ascension_level":1}}