{"host":"c7yluuzpqlymemjk","time":1609381638,"event":{"mods":["BaseMod","Colored Map","GifTheSpireLib","Minty Spire (QoL Compilation)","Relic Stats","StSLib","slay the spire mod where everything is the same but ironclad has a cowboy hat"],"gold_per_floor":[112,112,128,148,47,47,65,65,65],"floor_reached":8,"playtime":585,"items_purged":["Regret"],"score":53,"play_id":"0c0d1394-5139-4b92-bd2c-e70a2c4b7914","local_time":"20201230182718","is_ascension_mode":true,"campfire_choices":[{"floor":6,"key":"RECALL"}],"circlet_count":0,"master_deck":["Strike_G","Strike_G","Strike_G","Strike_G","Strike_G","Defend_G","Defend_G","Defend_G","Defend_G","Defend_G","Survivor","Neutralize","Cloak And Dagger","Prepared","Underhanded Strike","PiercingWail","Prepared"],"relics":["Ring of the Snake","Bag of Preparation","Gremlin Horn"],"acts_visited":["Exordium"],"potions_floor_usage":[],"damage_taken":[{"damage":1,"enemies":"Jaw Worm","floor":1,"turns":6},{"damage":8,"enemies":"2 Louse","floor":3,"turns":4},{"damage":0,"enemies":"Small Slimes","floor":4,"turns":3},{"damage":0,"enemies":"Looter","floor":7,"turns":3},{"damage":75,"enemies":"Gremlin Nob","floor":8,"turns":6}],"seed_played":"-8858099044816057582","potions_obtained":[{"floor":4,"key":"ColorlessPotion"}],"is_trial":false,"path_per_floor":["M","?","M","M","$","R","M","E"],"character_chosen":"THE_SILENT","items_purchased":["PiercingWail"],"campfire_rested":0,"item_purchase_floors":[5],"current_hp_per_floor":[69,69,61,61,61,61,61,0,0],"gold":65,"neow_bonus":"RANDOM_COMMON_RELIC","is_daily":false,"chose_seed":false,"campfire_upgraded":0,"win_rate":0.0,"timestamp":1609381638,"path_taken":["M","?","M","M","$","R","M","E"],"items_purchased_type":["Card"],"build_version":"2020-12-22","purchased_purges":1,"victory":false,"max_hp_per_floor":[70,70,70,70,70,70,70,70,70],"relic_stats":{"Gremlin Horn":[2,2],"counters":[5,22],"Bag of Preparation":[10],"obtain_stats":[{"Gremlin Horn":2,"Bag of Preparation":0,"Ring of the Snake":0},{"Gremlin Horn":1,"Bag of Preparation":0,"Ring of the Snake":0},{"Gremlin Horn":6,"Bag of Preparation":0,"Ring of the Snake":0}],"Ring of the Snake":[10]},"card_choices":[{"not_picked":["Backflip","Dodge and Roll"],"picked":"Cloak And Dagger","floor":1},{"not_picked":["Poisoned Stab","Predator"],"picked":"Prepared","floor":3},{"not_picked":["Dagger Throw","Dodge and Roll"],"picked":"Underhanded Strike","floor":4},{"not_picked":["Bane","Masterful Stab"],"picked":"Prepared","floor":7}],"player_experience":332976,"relics_obtained":[],"event_choices":[{"damage_healed":0,"gold_gain":0,"player_choice":"Box","damage_taken":0,"relics_obtained":["Gremlin Horn"],"max_hp_gain":0,"max_hp_loss":0,"event_name":"Big Fish","floor":2,"gold_loss":0,"cards_obtained":["Regret"]}],"is_beta":false,"boss_relics":[],"items_purged_floors":[5],"is_endless":false,"potions_floor_spawned":[4],"killed_by":"Gremlin Nob","ascension_level":2}}