{"host":"ab3ipg3fqe03b2ex","time":1609438696,"event":{"mods":["AchievementEnabler","BaseMod","Colored Powertips","Minty Spire (QoL Compilation)","MostiFishMod","Quick Restart","Shop Mod","Spicy Shops","StSLib","The Bug Knight","Uncapped","【功能Mod】Neow奖励","【功能Mod】精心准备","【功能Mod】聪明的最终Boss"],"gold_per_floor":[119,139,153,164,182,207,253,295,307,345,386,426,465,510,522,611,623,654,676,704,736,765,811,850,889,901,437,32,46,74,99,99,176,176,190,208,26,44,62,97,129,162,162,190,222,237,269,299,299,374,448,448,459,469,479,494,210,210,210,245,268,300,319,334,112,122,122,193,193,204,216,232,250,63,63,74,74,105,120,162,175,201,526,538,629,641,671,698,722,747,759,759,759,759,790,790,815,815,815,847,847,924,1003,1003,1021,1021,1021],"floor_reached":106,"playtime":4129,"items_purged":["HollowMod:GreatSlash","HollowMod:DashSlash","HollowMod:VengefulSpirit+1","HollowMod:SlysStrikes+1","HollowMod:ShapeofUnn+1"],"score":8723,"play_id":"ed69a037-b277-4499-883b-50409fa45f0f","local_time":"20210101021816","daily_mods":["SealedDeck","Vintage","Heirloom","Flight","Elite Swarm","Lethality","Terminal"],"is_ascension_mode":true,"campfire_choices":[{"data":"HollowMod:HornetsHelp","floor":15.0,"key":"SMITH"},{"data":"HollowMod:SlysStrikes","floor":32.0,"key":"SMITH"},{"data":"HollowMod:GreatSlash","floor":49.0,"key":"SMITH"},{"data":"MostiFishMod:WinterMarkForm","floor":58.0,"key":"SMITH"},{"data":"HollowMod:ShapeofUnn","floor":59.0,"key":"SMITH"},{"data":"HollowMod:CycloneSlash","floor":67.0,"key":"SMITH"},{"floor":75.0,"key":"REST"},{"data":"HollowMod:CycloneSlash+1","floor":77.0,"key":"PURGE"},{"data":"HollowMod:GreatSlash+1","floor":84,"key":"PURGE"},{"floor":92,"key":"DIG"},{"data":"HollowMod:DreamGate+1","floor":93,"key":"PURGE"},{"floor":101,"key":"REST"}],"circlet_count":1,"master_deck":["AscendersBane","HollowMod:HuntersJournal+1","HollowMod:HornetsHelp+1","HollowMod:HornetsHelp+1","HollowMod:SoulMaster+1","MostiFishMod:FrostNova+1","MostiFishMod:WinterMarkForm+1","HollowMod:HornetsHelp+1","HollowMod:SoulSplash+1"],"relics":["HollowMod:VesselMask","DaveBox","Civilization","HollowMod:LifeEnderRelic","SynthV:TestCard","Meat on the Bone","PreservedInsect","Blue Candle","Anchor","InkBottle","Toy Ornithopter","Mercury Hourglass","Happy Flower","Nunchaku","DianDianMeat","FeatherPendant","Unceasing Top","Pen Nib","HollowMod:MillibellesNoteRelic","Shuriken","Eternal Feather","Molten Egg 2","Lizard Tail","Bottled Tornado","Pantograph","Vajra","MerchantsRug","Toxic Egg 2","ClockworkSouvenir","Tiny Chest","Sundial","FrostBlade","Membership Card","Mummified Hand","Chemical X","ImprovedEquipment","Omamori","Centennial Puzzle","Whetstone","HollowMod:LumaflyLanternRelic","StoneCalendar","TungstenRod","Ginger","HollowMod:KingsBrand","Akabeko","Bag of Preparation","ChiXiaoBlade","Oddly Smooth Stone","War Paint","Lantern","Orichalcum","HandDrill","Bag of Marbles","Dodecahedron","Bronze Scales","CeramicFish","HornCleat","Incense Burner","Medical Kit","Empty Cage","Boot","Smiling Mask","Strawberry","Ancient Tea Set","Potion Belt","Peace Pipe","HollowMod:GreatKnightMask","MawBank","Dream Catcher","Old Coin","DiscerningMonocle","Art of War","CaptainsWheel","ArrowTower","The Courier","HollowMod:MantisClawRelic","Ornamental Fan","Gremlin Horn","Frozen Egg 2","BrkXgEgg","White Beast Statue","Singing Bowl","Question Card","Matryoshka","Calipers","FossilizedHelix","Ice Cream","Torii","ThornShield","BionicSphere","Pocketwatch","TheAbacus","DaCapo","CombinedTypeHook","HollowMod:QueensCombRelic","Shovel","SentryEyes","Thread and Needle","Bird Faced Urn","Du-Vu Doll","OriginationStaff","Letter Opener","HollowMod:StagPassRelic","Turnip","Mango","Circlet","Sling","JellyFishMachine","Regal Pillow","Juzu Bracelet","Blood Vial","SynthV:C4","MealTicket","HollowMod:PaleOreRelic","Bottled Flame","Kunai","Darkstone Periapt","Pear","Prayer Wheel","DianPoetry","Cauldron","Bottled Lightning"],"acts_visited":["Exordium","TheCity","TheBeyond","Exordium","TheCity","TheBeyond","Exordium"],"potions_floor_usage":[80],"damage_taken":[{"damage":10.0,"enemies":"Jaw Worm","floor":1.0,"turns":2.0},{"damage":0.0,"enemies":"2 Louse","floor":2.0,"turns":1.0},{"damage":0.0,"enemies":"Small Slimes","floor":3.0,"turns":1.0},{"damage":0.0,"enemies":"3 Louse","floor":4.0,"turns":1.0},{"damage":0.0,"enemies":"Exordium Thugs","floor":5.0,"turns":1.0},{"damage":0.0,"enemies":"Gremlin Nob","floor":6.0,"turns":2.0},{"damage":0.0,"enemies":"3 Sentries","floor":7.0,"turns":1.0},{"damage":0.0,"enemies":"Lagavulin","floor":8.0,"turns":2.0},{"damage":0.0,"enemies":"Gremlin Nob","floor":10.0,"turns":1.0},{"damage":0.0,"enemies":"3 Sentries","floor":11.0,"turns":1.0},{"damage":0.0,"enemies":"Gremlin Nob","floor":12.0,"turns":1.0},{"damage":0.0,"enemies":"Lagavulin","floor":13.0,"turns":2.0},{"damage":0.0,"enemies":"3 Sentries","floor":14.0,"turns":1.0},{"damage":0.0,"enemies":"HollowMod:FalseKnight","floor":16.0,"turns":2.0},{"damage":0.0,"enemies":"2 Thieves","floor":18.0,"turns":1.0},{"damage":0.0,"enemies":"Shell Parasite","floor":19.0,"turns":1.0},{"damage":0.0,"enemies":"Centurion and Healer","floor":20.0,"turns":1.0},{"damage":0.0,"enemies":"Chosen and Byrds","floor":21.0,"turns":1.0},{"damage":0.0,"enemies":"3 Cultists","floor":22.0,"turns":1.0},{"damage":0.0,"enemies":"Slavers","floor":23.0,"turns":1.0},{"damage":0.0,"enemies":"Gremlin Leader","floor":24.0,"turns":1.0},{"damage":0.0,"enemies":"Slavers","floor":25.0,"turns":1.0},{"damage":0.0,"enemies":"Cultist and Chosen","floor":29.0,"turns":1.0},{"damage":0.0,"enemies":"Gremlin Leader","floor":30.0,"turns":1.0},{"damage":0.0,"enemies":"Book of Stabbing","floor":31.0,"turns":1.0},{"damage":0.0,"enemies":"Collector","floor":33.0,"turns":3.0},{"damage":0.0,"enemies":"Orb Walker","floor":35.0,"turns":1.0},{"damage":0.0,"enemies":"3 Shapes","floor":36.0,"turns":1.0},{"damage":0.0,"enemies":"Writhing Mass","floor":38.0,"turns":1.0},{"damage":0.0,"enemies":"Spire Growth","floor":39.0,"turns":1.0},{"damage":0.0,"enemies":"Nemesis","floor":40.0,"turns":1.0},{"damage":0.0,"enemies":"Giant Head","floor":41.0,"turns":1.0},{"damage":0.0,"enemies":"Reptomancer","floor":42.0,"turns":1.0},{"damage":0.0,"enemies":"Giant Head","floor":44.0,"turns":1.0},{"damage":0.0,"enemies":"Reptomancer","floor":45.0,"turns":1.0},{"damage":0.0,"enemies":"Maw","floor":46.0,"turns":1.0},{"damage":0.0,"enemies":"Giant Head","floor":47.0,"turns":1.0},{"damage":0.0,"enemies":"HollowMod:StalkingDevout","floor":48.0,"turns":1.0},{"damage":0.0,"enemies":"HollowMod:Radiance","floor":50.0,"turns":1.0},{"damage":460.0,"enemies":"Awakened One","floor":51.0,"turns":7.0},{"damage":0.0,"enemies":"Cultist","floor":53.0,"turns":1.0},{"damage":0.0,"enemies":"Jaw Worm","floor":54.0,"turns":1.0},{"damage":0.0,"enemies":"2 Louse","floor":55.0,"turns":1.0},{"damage":0.0,"enemies":"Red Slaver","floor":56.0,"turns":1.0},{"damage":0.0,"enemies":"Gremlin Nob","floor":60.0,"turns":1.0},{"damage":0.0,"enemies":"Lagavulin","floor":62.0,"turns":1.0},{"damage":0.0,"enemies":"Lots of Slimes","floor":63.0,"turns":1.0},{"damage":0.0,"enemies":"Exordium Thugs","floor":64.0,"turns":1.0},{"damage":0.0,"enemies":"Red Slaver","floor":66.0,"turns":1.0},{"damage":0.0,"enemies":"Slime Boss","floor":68.0,"turns":1.0},{"damage":0.0,"enemies":"Shell Parasite","floor":70.0,"turns":1.0},{"damage":0.0,"enemies":"3 Byrds","floor":71.0,"turns":1.0},{"damage":0.0,"enemies":"Shelled Parasite and Fungi","floor":72.0,"turns":1.0},{"damage":0.0,"enemies":"Snake Plant","floor":73.0,"turns":1.0},{"damage":0.0,"enemies":"Centurion and Healer","floor":76.0,"turns":1.0},{"damage":0.0,"enemies":"Gremlin Leader","floor":78.0,"turns":1.0},{"damage":0.0,"enemies":"Shelled Parasite and Fungi","floor":79.0,"turns":1.0},{"damage":0,"enemies":"HollowMod:Zote","floor":80,"turns":1},{"damage":0,"enemies":"Cultist and Chosen","floor":81,"turns":1},{"damage":0,"enemies":"Snecko","floor":82,"turns":1},{"damage":0,"enemies":"3 Cultists","floor":83,"turns":1},{"damage":0,"enemies":"Champ","floor":85,"turns":1},{"damage":0,"enemies":"Orb Walker","floor":87,"turns":1},{"damage":0,"enemies":"3 Darklings","floor":88,"turns":1},{"damage":0,"enemies":"Writhing Mass","floor":89,"turns":1},{"damage":0,"enemies":"Maw","floor":90,"turns":1},{"damage":0,"enemies":"Giant Head","floor":95,"turns":1},{"damage":0,"enemies":"Reptomancer","floor":97,"turns":1},{"damage":0,"enemies":"HollowMod:StalkingDevout","floor":100,"turns":1},{"damage":0,"enemies":"Time Eater","floor":102,"turns":5},{"damage":0,"enemies":"Awakened One","floor":103,"turns":2},{"damage":0,"enemies":"2 Louse","floor":105,"turns":1}],"seed_played":"-2527731042789500668","potions_obtained":[{"floor":2.0,"key":"EssenceOfSteel"},{"floor":4.0,"key":"ColorlessPotion"},{"floor":20.0,"key":"Swift Potion"},{"floor":39.0,"key":"Ancient Potion"},{"floor":42.0,"key":"BlessingOfTheForge"},{"floor":51.0,"key":"Fruit Juice"},{"floor":62.0,"key":"PowerPotion"},{"floor":80,"key":"Fruit Juice"},{"floor":81,"key":"Explosive Potion"},{"floor":89,"key":"Energy Potion"},{"floor":106,"key":"Ancient Potion"},{"floor":106,"key":"Weak Potion"},{"floor":106,"key":"Block Potion"},{"floor":106,"key":"ColorlessPotion"},{"floor":106,"key":"Strength Potion"}],"is_trial":true,"path_per_floor":["M","M","M","M","M","E","E","E","T","E","E","E","E","E","R","B",null,"M","M","M","M","M","E","E","E","T","$","$","M","E","E","R","B",null,"M","M","$","M","M","E","E","E","T","E","E","M","E","E","R","B","B",null,"M","M","M","M","$","R","R","E","T","E","M","M","$","M","R","B",null,"M","M","M","M","$","R","M","R","E","M","?","M","M","M","R","B",null,"M","M","M","M","$","R","R","?","E","$","E","$","?","E","R","B","B",null,"M","$"],"character_chosen":"THE_BUGKNIGHT","items_purchased":["Vajra","Technique","MerchantsRug","Toxic Egg 2","ClockworkSouvenir","Tiny Chest","Membership Card","Mummified Hand","Chemical X","HandDrill","Bag of Marbles","Dodecahedron","Incense Burner","Medical Kit","Potion Belt","HollowMod:MantisClawRelic","Ornamental Fan","Gremlin Horn","Frozen Egg 2","BrkXgEgg","White Beast Statue","Singing Bowl","Question Card","Matryoshka","Calipers","FossilizedHelix","Ice Cream","Torii","ThornShield","BionicSphere","Pocketwatch","TheAbacus","DaCapo","CombinedTypeHook","HollowMod:QueensCombRelic","Shovel","SentryEyes","Thread and Needle","Bird Faced Urn","Du-Vu Doll","OriginationStaff","Letter Opener","HollowMod:StagPassRelic","Turnip","Mango","Sling","Regal Pillow","Juzu Bracelet","Blood Vial","SynthV:C4","MealTicket","HollowMod:PaleOreRelic","Bottled Flame","Kunai","Darkstone Periapt","Pear","Prayer Wheel","DianPoetry","Cauldron","Bottled Lightning"],"campfire_rested":2,"item_purchase_floors":[27,27,27,28,28,28,37,37,37,57,57,57,65,65,74,91,91,91,91,91,91,91,91,91,91,91,91,91,91,91,91,91,91,91,91,91,91,91,91,91,91,91,91,91,91,98,106,106,106,106,106,106,106,106,106,106,106,106,106,106],"current_hp_per_floor":[59,62,67,75,85,96,110,125,125,141,160,180,201,225,225,250,249,275,302,331,362,396,433,473,516,515,514,513,558,606,655,654,707,709,763,820,819,877,936,996,1057,1121,1120,1185,1253,1322,1392,1465,1464,1538,1171,1512,1593,1675,1759,1844,1844,1853,1862,1948,1948,2035,2127,2221,2221,2316,2325,2446,2479,2576,2676,2785,2888,2888,2892,2996,2995,3102,3211,3330,3442,3555,3671,3670,3787,3786,3904,4028,4153,4279,2865,2864,2863,2862,2991,2990,3122,3121,3120,3255,3256,3392,3533,3532,3673,3683,3683],"gold":1021,"neow_bonus":"","is_daily":false,"chose_seed":false,"campfire_upgraded":6,"win_rate":0.0,"timestamp":1609438696,"path_taken":["M","M","M","M","M","E","E","E","T","E","E","E","E","E","R","BOSS","M","M","M","M","M","E","E","E","T","$","$","M","E","E","R","BOSS","M","M","$","M","M","E","E","E","T","E","E","M","E","E","R","BOSS","BOSS","M","M","M","M","$","R","R","E","T","E","M","M","$","M","R","BOSS","M","M","M","M","$","R","M","R","E","M","?","M","M","M","R","BOSS","M","M","M","M","$","R","R","?","E","$","E","$","?","?","R","BOSS","BOSS","M","$"],"items_purchased_type":["Relic","Relic","Relic","Relic","Relic","Relic","Relic","Relic","Relic","Relic","Relic","Relic","Relic","Relic","Relic","Relic","Relic","Relic","Relic","Relic","Relic","Relic","Relic","Relic","Relic","Relic","Relic","Relic","Relic","Relic","Relic","Relic","Relic","Relic","Relic","Relic","Relic","Relic","Relic","Relic","Relic","Relic","Relic","Relic","Relic","Relic","Relic","Relic","Relic","Relic","Relic","Relic","Relic","Relic","Relic","Relic","Relic","Relic","Relic","Relic"],"build_version":"2020-12-22","purchased_purges":5,"victory":false,"max_hp_per_floor":[74,76,80,87,96,106,119,133,132,147,165,184,204,227,226,250,249,275,302,331,362,396,433,473,516,515,514,513,558,606,655,654,707,709,763,820,819,877,936,996,1057,1121,1120,1185,1253,1322,1392,1465,1464,1538,1625,1624,1704,1785,1868,1952,1951,1950,1949,2034,2033,2119,2210,2303,2302,2396,2395,2490,2489,2585,2684,2792,2894,2893,2892,2996,2995,3102,3211,3330,3442,3555,3671,3670,3787,3786,3904,4028,4153,4279,2865,2864,2863,2862,2991,2990,3122,3121,3120,3255,3256,3392,3533,3532,3673,3683,3683],"card_choices":[{"not_picked":["HollowMod:theNailsmith","HollowMod:AwokenDreamNail","HollowMod:Hiveblood","HollowMod:NewInfectedGuardian"],"picked":"HollowMod:HornetsHelp","floor":6.0},{"not_picked":["HollowMod:ZotesMagnificence","HollowMod:LifebloodCore","HollowMod:MidwifesHunger","HollowMod:Weaversong","HollowMod:AwokenDreamNail"],"picked":"SKIP","floor":7.0},{"not_picked":["HollowMod:MidwifesHunger","HollowMod:theNailsmith","HollowMod:Weaversong","HollowMod:LifebloodCore"],"picked":"HollowMod:SlysStrikes","floor":8.0},{"not_picked":["HollowMod:AwokenDreamNail","HollowMod:Weaversong","HollowMod:MidwifesHunger","HollowMod:NewInfectedGuardian","HollowMod:ElderbugsWisdom"],"picked":"SKIP","floor":10.0},{"not_picked":["HollowMod:ZotesMagnificence","HollowMod:AwokenDreamNail","HollowMod:ElderbugsWisdom","HollowMod:VoidDash"],"picked":"HollowMod:HornetsHelp","floor":11.0},{"not_picked":["HollowMod:NewInfectedGuardian","HollowMod:MidwifesHunger","HollowMod:SlysStrikes","HollowMod:Weaversong","HollowMod:LifebloodCore"],"picked":"SKIP","floor":12.0},{"not_picked":["HollowMod:MidwifesHunger","HollowMod:NewInfectedGuardian","HollowMod:AwokenDreamNail","HollowMod:ElderbugsWisdom"],"picked":"HollowMod:SoulMaster","floor":13.0},{"not_picked":["HollowMod:AwokenDreamNail","HollowMod:HornetsHelp","HollowMod:SlysStrikes","HollowMod:ZotesMagnificence","HollowMod:Weaversong"],"picked":"SKIP","floor":14.0},{"not_picked":["HollowMod:ElderbugsWisdom","HollowMod:NewInfectedGuardian","HollowMod:HornetsHelp+1","HollowMod:MidwifesHunger+1","HollowMod:Weaversong"],"picked":"SKIP","floor":23.0},{"not_picked":["HollowMod:SlysStrikes","HollowMod:MidwifesHunger+1","HollowMod:LifebloodCore","HollowMod:VoidDash","HollowMod:HornetsHelp+1"],"picked":"SKIP","floor":24.0},{"not_picked":["HollowMod:LifebloodCore","HollowMod:Hiveblood","HollowMod:ElderbugsWisdom","HollowMod:ZotesMagnificence+1","HollowMod:theNailsmith"],"picked":"SKIP","floor":25.0},{"not_picked":["HollowMod:ElderbugsWisdom","HollowMod:theNailsmith+1","HollowMod:Weaversong","HollowMod:SlysStrikes","HollowMod:HornetsHelp+1"],"picked":"SKIP","floor":30.0},{"not_picked":["HollowMod:MidwifesHunger+1","HollowMod:Hiveblood+1","HollowMod:Weaversong","HollowMod:AwokenDreamNail+1","HollowMod:NewInfectedGuardian+1"],"picked":"SKIP","floor":31.0},{"not_picked":["HollowMod:Weaversong","HollowMod:HornetsHelp+1","HollowMod:Hiveblood+1","HollowMod:SlysStrikes","HollowMod:MidwifesHunger+1"],"picked":"SKIP","floor":40.0},{"not_picked":["HollowMod:Hiveblood+1","HollowMod:HornetsHelp+1","HollowMod:theNailsmith+1","HollowMod:ZotesMagnificence+1","HollowMod:VoidDash+1"],"picked":"SKIP","floor":41.0},{"not_picked":["HollowMod:MidwifesHunger+1","HollowMod:ElderbugsWisdom","HollowMod:SoulMaster","HollowMod:NewInfectedGuardian+1","HollowMod:VoidDash+1"],"picked":"SKIP","floor":42.0},{"not_picked":["HollowMod:ElderbugsWisdom","HollowMod:SlysStrikes","HollowMod:SoulMaster","HollowMod:ZotesMagnificence+1","HollowMod:theNailsmith+1"],"picked":"SKIP","floor":44.0},{"not_picked":["HollowMod:ElderbugsWisdom","HollowMod:Weaversong","HollowMod:LifebloodCore+1","HollowMod:SlysStrikes","HollowMod:MidwifesHunger+1"],"picked":"SKIP","floor":45.0},{"not_picked":["HollowMod:AwokenDreamNail+1","HollowMod:ZotesMagnificence+1","HollowMod:ElderbugsWisdom","HollowMod:MidwifesHunger+1","HollowMod:VoidDash+1"],"picked":"SKIP","floor":47.0},{"not_picked":["HollowMod:AwokenDreamNail+1","HollowMod:Weaversong","HollowMod:ZotesMagnificence+1","HollowMod:SoulMaster","HollowMod:HornetsHelp+1"],"picked":"SKIP","floor":48.0},{"not_picked":["HollowMod:NewInfectedGuardian+1","HollowMod:theNailsmith+1","HollowMod:Weaversong","HollowMod:ElderbugsWisdom"],"picked":"HollowMod:HornetsHelp+1","floor":51.0},{"not_picked":["HollowMod:SoulMaster","HollowMod:VoidDash+1","HollowMod:ZotesMagnificence+1","HollowMod:AwokenDreamNail+1","HollowMod:theNailsmith+1"],"picked":"SKIP","floor":60.0},{"not_picked":["HollowMod:Hiveblood+1","HollowMod:LifebloodCore+1","HollowMod:MidwifesHunger+1","HollowMod:VoidDash+1","HollowMod:ElderbugsWisdom"],"picked":"SKIP","floor":62.0},{"not_picked":["HollowMod:MidwifesHunger+1","HollowMod:SoulMaster","HollowMod:ZotesMagnificence+1","HollowMod:AwokenDreamNail+1","HollowMod:NewInfectedGuardian+1"],"picked":"SKIP","floor":78.0},{"not_picked":["HollowMod:LifebloodCocoon+1","HollowMod:ChannelNail+1","HollowMod:ShadowDash+1","HollowMod:SiblingsSouls+1"],"picked":"HollowMod:SoulSplash+1","floor":80},{"not_picked":["HollowMod:Hiveblood+1","HollowMod:Weaversong+1","HollowMod:VoidDash+1","HollowMod:SoulMaster+1","HollowMod:LifebloodCore+1","HollowMod:SlysStrikes+1"],"picked":"Singing Bowl","floor":95},{"not_picked":["HollowMod:Weaversong+1","HollowMod:ElderbugsWisdom+1","HollowMod:ZotesMagnificence+1","HollowMod:Hiveblood+1","HollowMod:HornetsHelp+1","HollowMod:AwokenDreamNail+1"],"picked":"Singing Bowl","floor":97},{"not_picked":["HollowMod:Weaversong+1","HollowMod:Hiveblood+1","HollowMod:ZotesMagnificence+1","HollowMod:HornetsHelp+1","HollowMod:MidwifesHunger+1","HollowMod:LifebloodCore+1"],"picked":"Singing Bowl","floor":100},{"not_picked":["HollowMod:PerfectDash+1","HollowMod:WraithStrike+1","HollowMod:InfectedCysts+1","HollowMod:HuntersJournal+1","HollowMod:SharpenedShadows+1","HollowMod:CrystalDash+1"],"picked":"Singing Bowl","floor":101},{"not_picked":["HollowMod:MidwifesHunger+1","HollowMod:SlysStrikes+1","HollowMod:AwokenDreamNail+1","HollowMod:theNailsmith+1","HollowMod:Weaversong+1","HollowMod:ZotesMagnificence+1"],"picked":"Singing Bowl","floor":102},{"not_picked":["HollowMod:theNailsmith+1","HollowMod:Weaversong+1","HollowMod:SlysStrikes+1","HollowMod:LifebloodCore+1","HollowMod:Hiveblood+1","HollowMod:MidwifesHunger+1"],"picked":"Singing Bowl","floor":103}],"player_experience":67127,"relics_obtained":[{"floor":1.0,"key":"HollowMod:LifeEnderRelic"},{"floor":1.0,"key":"SynthV:TestCard"},{"floor":2.0,"key":"War Paint"},{"floor":3.0,"key":"Meat on the Bone"},{"floor":4.0,"key":"PreservedInsect"},{"floor":5.0,"key":"Prayer Wheel"},{"floor":6.0,"key":"MawBank"},{"floor":7.0,"key":"Blue Candle"},{"floor":8.0,"key":"Anchor"},{"floor":9.0,"key":"InkBottle"},{"floor":10.0,"key":"Toy Ornithopter"},{"floor":11.0,"key":"Mercury Hourglass"},{"floor":12.0,"key":"Happy Flower"},{"floor":13.0,"key":"Nunchaku"},{"floor":14.0,"key":"DianDianMeat"},{"floor":18.0,"key":"Unceasing Top"},{"floor":19.0,"key":"Pen Nib"},{"floor":20.0,"key":"HollowMod:MillibellesNoteRelic"},{"floor":21.0,"key":"Shuriken"},{"floor":22.0,"key":"Eternal Feather"},{"floor":23.0,"key":"Molten Egg 2"},{"floor":24.0,"key":"Lizard Tail"},{"floor":25.0,"key":"Bottled Tornado"},{"floor":26.0,"key":"Pantograph"},{"floor":29.0,"key":"Juzu Bracelet"},{"floor":30.0,"key":"Bronze Scales"},{"floor":31.0,"key":"Sundial"},{"floor":35.0,"key":"Art of War"},{"floor":36.0,"key":"Singing Bowl"},{"floor":38.0,"key":"ImprovedEquipment"},{"floor":39.0,"key":"Omamori"},{"floor":40.0,"key":"Centennial Puzzle"},{"floor":41.0,"key":"Whetstone"},{"floor":42.0,"key":"HollowMod:LumaflyLanternRelic"},{"floor":43.0,"key":"StoneCalendar"},{"floor":44.0,"key":"TungstenRod"},{"floor":45.0,"key":"Ginger"},{"floor":46.0,"key":"HollowMod:KingsBrand"},{"floor":47.0,"key":"Akabeko"},{"floor":48.0,"key":"Bag of Preparation"},{"floor":53.0,"key":"Oddly Smooth Stone"},{"floor":54.0,"key":"War Paint"},{"floor":55.0,"key":"Lantern"},{"floor":56.0,"key":"Orichalcum"},{"floor":61.0,"key":"Bronze Scales"},{"floor":63.0,"key":"CeramicFish"},{"floor":64.0,"key":"HornCleat"},{"floor":70.0,"key":"Boot"},{"floor":71.0,"key":"Smiling Mask"},{"floor":72.0,"key":"Strawberry"},{"floor":73.0,"key":"Ancient Tea Set"},{"floor":76.0,"key":"Peace Pipe"},{"floor":80,"key":"HollowMod:GreatKnightMask"},{"floor":81,"key":"MawBank"},{"floor":82,"key":"Dream Catcher"},{"floor":83,"key":"Old Coin"},{"floor":87,"key":"Art of War"},{"floor":88,"key":"CaptainsWheel"},{"floor":89,"key":"ArrowTower"},{"floor":90,"key":"The Courier"},{"floor":92,"key":"Circlet"}],"event_choices":[{"damage_healed":0,"gold_gain":0,"player_choice":"Ignored","damage_taken":0,"max_hp_gain":0,"max_hp_loss":0,"event_name":"Tomb of Lord Red Mask","floor":99,"gold_loss":0}],"is_beta":false,"boss_relics":[{"not_picked":["HereWithMe","SacredBark"],"picked":"FeatherPendant"},{"not_picked":["Empty Cage","RhineFirstAidKit"],"picked":"FrostBlade"},{"not_picked":["Black Star","Snecko Eye"],"picked":"ChiXiaoBlade"},{"not_picked":["Runic Dome","xbg"],"picked":"Empty Cage"},{"not_picked":["RhineFirstAidKit","GreenFoldingFan"],"picked":"DiscerningMonocle"},{"not_picked":["FixedStarFall","Runic Pyramid"],"picked":"JellyFishMachine"}],"items_purged_floors":[57,65,74,74,91],"is_endless":true,"potions_floor_spawned":[2,4,6,7,11,14,20,22,23,24,25,30,38,39,41,42,46,50,51,55,62,63,66,70,73,79,80,81,89,90,95,97,100,102,103,105],"ascension_level":20}}