{"host":"tr12w2fixbnujl15","time":1609444289,"event":{"mods":["2.2 Compatiblity","Astrologer","BaseMod","Better Skull","BetterRewards","Colored Powertips","Hubris","Infinite Spire","Jorbs\u0027s Wanderer Trilogy","Luminous","Minty Spire (QoL Compilation)","Quick Restart","Reimu??????","Replay The Spire","Robot Space Explorer","StSLib","SuperFastMode","Td1madao Mod","The Administrix","The Animator","The Death Knight","The Exalted","The Necromancer","The Sage","The Senshi","The Spell Scribe","TheArtist","WarShipGirlsR/????R mod"],"gold_per_floor":[117,77,77,94,106,131,131,131,131,141,62,62,73,23,23,128,128],"floor_reached":16,"playtime":597,"items_purged":[],"score":175,"play_id":"3519cbbd-edb2-454a-a12f-cdb649cf3dcd","local_time":"20201231145129","is_ascension_mode":false,"campfire_choices":[{"floor":7,"key":"REST"},{"floor":15,"key":"REST"}],"circlet_count":0,"master_deck":["Bromod:Strike_Bro","Bromod:Strike_Bro","Bromod:Strike_Bro","Bromod:Defend_Bro","Bromod:Defend_Bro","Bromod:Defend_Bro","Bromod:Defend_Bro","Bromod:SlashDash","Bromod:SlashDash","Bromod:SlashDash","Bromod:FastHands","Bromod:BodyCount","Bromod:HeatedCharge","Bromod:Provoked","infinitespire:Starlight","Bromod:FastHands","Bromod:NoReturn","Bromod:BodyCount","Bromod:SlashDash","Bromod:VoltaicStrike"],"relics":["Bromod:Ordis","Bromod:AscarisDevice","NeowsBlessing","PaintedHorse:ReiMu","hubris:FunFungus","Bottled Tornado","hubris:Icosahedron"],"acts_visited":["Exordium"],"potions_floor_usage":[6,6,6,10],"damage_taken":[{"damage":0,"enemies":"Small Slimes","floor":1,"turns":1},{"damage":0,"enemies":"Cultist","floor":4,"turns":1},{"damage":0,"enemies":"Jaw Worm","floor":5,"turns":1},{"damage":48,"enemies":"3 Sentries","floor":6,"turns":8},{"damage":16,"enemies":"2 Fungi Beasts","floor":10,"turns":4},{"damage":7,"enemies":"Looter","floor":13,"turns":5},{"damage":47,"enemies":"Fading Forest","floor":16,"turns":11}],"seed_played":"-24413438646507558","potions_obtained":[{"floor":1,"key":"Dexterity Potion"},{"floor":3,"key":"AttackPotion"},{"floor":3,"key":"SmokeBomb"},{"floor":3,"key":"EntropicBrew"},{"floor":16,"key":"BlessingOfTheForge"}],"is_trial":false,"path_per_floor":["M","?","?","M","M","E","R","?","T","M","$","?","M","$","R","B"],"character_chosen":"THE_EXALTED","items_purchased":["Bromod:NoReturn","Bromod:SlashDash"],"campfire_rested":2,"item_purchase_floors":[11,14],"current_hp_per_floor":[75,75,75,75,75,27,49,31,31,25,25,25,28,28,50,46,46],"gold":128,"neow_bonus":"THREE_ENEMY_KILL","is_daily":false,"chose_seed":false,"campfire_upgraded":0,"win_rate":0.0,"timestamp":1609444289,"path_taken":["M","?","?","M","?","E","R","?","T","M","$","?","M","$","R","BOSS"],"items_purchased_type":["Card","Card"],"build_version":"2020-12-22","purchased_purges":0,"victory":false,"max_hp_per_floor":[75,75,75,75,75,75,75,75,75,75,75,75,75,75,75,75,75],"card_choices":[{"not_picked":["Bromod:FinishingTouch","Bromod:QuickDraw"],"picked":"Bromod:FastHands","floor":1},{"not_picked":["Bromod:PointStrike","Bromod:Maglev"],"picked":"Bromod:BodyCount","floor":4},{"not_picked":["Bromod:FinishingTouch","Bromod:Reflection"],"picked":"Bromod:HeatedCharge","floor":5},{"not_picked":["Bromod:Reflection","Bromod:ShatteringImpact"],"picked":"Bromod:Provoked","floor":6},{"not_picked":["hubris:Rewind","ReplayTheSpireMod:Echoes of Time"],"picked":"infinitespire:Starlight","floor":8},{"not_picked":["Bromod:PointStrike","Bromod:HornetStrike"],"picked":"Bromod:FastHands","floor":10},{"not_picked":["Bromod:Foundry","Bromod:SteelFiber"],"picked":"Bromod:BodyCount","floor":13},{"not_picked":["Bromod:Berserker","Bromod:DriftingContact"],"picked":"Bromod:VoltaicStrike","floor":16}],"player_experience":20618,"relics_obtained":[{"floor":6,"key":"hubris:FunFungus"},{"floor":9,"key":"Bottled Tornado"}],"event_choices":[{"damage_healed":0,"gold_gain":0,"player_choice":"Donate","damage_taken":0,"relics_obtained":["PaintedHorse:ReiMu"],"max_hp_gain":0,"max_hp_loss":0,"event_name":"yidonshenshe","floor":2,"gold_loss":40},{"damage_healed":0,"gold_gain":0,"player_choice":"Got Potions","damage_taken":0,"max_hp_gain":0,"max_hp_loss":0,"event_name":"Lab","floor":3,"gold_loss":0}],"is_beta":false,"boss_relics":[],"items_purged_floors":[],"is_endless":false,"potions_floor_spawned":[1,5,16],"killed_by":"Fading Forest","ascension_level":0}}