{"host":"mi0eibewekhugwl1","time":1609420806,"event":{"mods":["AchievementEnabler","BaseMod","Colored Map","Colored Powertips","DeckTracker","Keyboard Shortcuts","Minty Spire (QoL Compilation)","Quick Restart","Rare Cards Sparkle","Relic Stats","StSLib","SuperFastMode","everything is the same but u backflip on backflip"],"gold_per_floor":[115,134,134,59,70,70,70,82,82,82,117,117,147,165,165,242,242,257,274,287,24,24,24,35,35,35,35,35],"floor_reached":27,"playtime":583,"items_purged":["Strike_R","Strike_R"],"score":496,"play_id":"2bb48020-460e-46e7-a41f-9c706a34def6","local_time":"20201231222006","is_ascension_mode":true,"campfire_choices":[{"data":"Demon Form","floor":6,"key":"SMITH"},{"floor":10,"key":"REST"},{"data":"Offering","floor":12,"key":"SMITH"},{"data":"Bash","floor":15,"key":"SMITH"},{"data":"Sword Boomerang","floor":23,"key":"SMITH"},{"data":"Shrug It Off","floor":25,"key":"SMITH"}],"circlet_count":0,"master_deck":["AscendersBane","Strike_R","Strike_R","Strike_R","Defend_R","Defend_R","Defend_R","Defend_R","Bash+1","Demon Form+1","Rampage","Twin Strike","Shrug It Off+1","Offering+1","Shrug It Off","Power Through","Reaper","Flame Barrier","Sword Boomerang+1"],"relics":["Burning Blood","Pantograph","Gremlin Horn","Self Forming Clay","Coffee Dripper","Medical Kit","Ornamental Fan"],"acts_visited":["Exordium","TheCity"],"potions_floor_usage":[11,14,27],"damage_taken":[{"damage":19,"enemies":"Jaw Worm","floor":1,"turns":4},{"damage":12,"enemies":"Cultist","floor":2,"turns":5},{"damage":7,"enemies":"2 Louse","floor":5,"turns":4},{"damage":21,"enemies":"Large Slime","floor":8,"turns":4},{"damage":0,"enemies":"Lagavulin","floor":11,"turns":4},{"damage":14,"enemies":"Gremlin Nob","floor":13,"turns":3},{"damage":14,"enemies":"Lots of Slimes","floor":14,"turns":4},{"damage":34,"enemies":"The Guardian","floor":16,"turns":8},{"damage":29,"enemies":"2 Thieves","floor":18,"turns":4},{"damage":13,"enemies":"Shell Parasite","floor":19,"turns":6},{"damage":29,"enemies":"Cultist and Chosen","floor":20,"turns":6},{"damage":21,"enemies":"Centurion and Healer","floor":24,"turns":3},{"damage":93,"enemies":"Slavers","floor":27,"turns":6}],"seed_played":"314619669698889190","potions_obtained":[{"floor":3,"key":"AttackPotion"},{"floor":3,"key":"HeartOfIron"},{"floor":13,"key":"ColorlessPotion"},{"floor":16,"key":"Dexterity Potion"},{"floor":24,"key":"PowerPotion"}],"is_trial":false,"path_per_floor":["M","M","?","$","M","R","$","M","T","R","E","R","E","M","R","B",null,"M","M","M","$","T","R","M","R","T","E"],"character_chosen":"IRONCLAD","items_purchased":["Medical Kit"],"campfire_rested":1,"item_purchase_floors":[21],"current_hp_per_floor":[55,49,49,49,48,48,48,33,33,55,61,61,53,45,45,42,67,61,73,69,69,69,69,69,69,69,0,0],"gold":35,"neow_bonus":"ONE_RANDOM_RARE_CARD","is_daily":false,"chose_seed":false,"campfire_upgraded":5,"win_rate":0.0,"timestamp":1609420806,"path_taken":["M","M","?","$","M","R","$","M","T","R","E","R","E","M","R","BOSS","M","M","M","$","?","R","?","R","T","E"],"items_purchased_type":["Relic"],"build_version":"2020-12-22","purchased_purges":2,"victory":false,"max_hp_per_floor":[75,75,75,75,75,75,75,75,75,75,75,75,75,75,75,75,75,75,75,75,75,75,75,75,75,75,75,75],"relic_stats":{"Gremlin Horn":[7,7],"counters":[13,61],"Self Forming Clay":[96],"Ornamental Fan":[0],"Pantograph":25,"Medical Kit":[7],"obtain_stats":[{"Gremlin Horn":11,"Self Forming Clay":13,"Ornamental Fan":26,"Pantograph":9,"Coffee Dripper":17,"Medical Kit":21,"Burning Blood":0},{"Gremlin Horn":5,"Self Forming Clay":6,"Ornamental Fan":12,"Pantograph":4,"Coffee Dripper":8,"Medical Kit":11,"Burning Blood":0},{"Gremlin Horn":21,"Self Forming Clay":24,"Ornamental Fan":55,"Pantograph":17,"Coffee Dripper":36,"Medical Kit":52,"Burning Blood":0}],"Burning Blood":72},"card_choices":[{"not_picked":["Body Slam","Searing Blow"],"picked":"Rampage","floor":1},{"not_picked":["Iron Wave","Anger"],"picked":"Twin Strike","floor":2},{"not_picked":["Perfected Strike","Clash","Wild Strike"],"picked":"SKIP","floor":5},{"not_picked":["Burning Pact","Iron Wave"],"picked":"Shrug It Off","floor":8},{"not_picked":["Fire Breathing","True Grit"],"picked":"Offering","floor":11},{"not_picked":["Body Slam","Feel No Pain"],"picked":"Shrug It Off","floor":13},{"not_picked":["Iron Wave","Body Slam"],"picked":"Power Through","floor":14},{"not_picked":["Berserk","Impervious"],"picked":"Reaper","floor":16},{"not_picked":["Combust","Havoc","Clash"],"picked":"SKIP","floor":18},{"not_picked":["Wild Strike","Metallicize"],"picked":"Flame Barrier","floor":19},{"not_picked":["Carnage","Twin Strike"],"picked":"Sword Boomerang","floor":20},{"not_picked":["Iron Wave+1","Hemokinesis","Clothesline"],"picked":"SKIP","floor":24}],"player_experience":1727377,"relics_obtained":[{"floor":9,"key":"Pantograph"},{"floor":11,"key":"Gremlin Horn"},{"floor":13,"key":"Self Forming Clay"},{"floor":26,"key":"Ornamental Fan"}],"event_choices":[{"damage_healed":0,"gold_gain":0,"player_choice":"Got Potions","damage_taken":0,"max_hp_gain":0,"max_hp_loss":0,"event_name":"Lab","floor":3,"gold_loss":0}],"is_beta":false,"boss_relics":[{"not_picked":["Runic Dome","Ectoplasm"],"picked":"Coffee Dripper"}],"items_purged_floors":[4,21],"is_endless":false,"potions_floor_spawned":[8,13,16,18,24],"killed_by":"Slavers","ascension_level":20}}