{"host":"AO","time":1609457087,"event":{"mods":["ATMod(阿瑾Mod)","Act Like it!","Arknights The Spire","Ascension Reborn","BaseMod","Gensokyo","HumanHunterMod(怪物杀人mod)","Minty Spire (QoL Compilation)","Pale of the Ancients","Quick Restart","Reimu（博丽灵梦）","Replay The Spire","RumiaBox-露米娅的神秘盒子","Ryuuou龙王","StSLib","TestMod","Uncapped","UnlockEverythingMod","Yuyuko","[IsaacMod]以撒尖塔","【功能Mod】聪明的最终Boss","【遗物卡牌】REMEMod"],"gold_per_floor":[111,111,161,161,161,161,231,256,280,292,320,180,180,245,245,341,341,341,341,341,341,357,357,384,398,422,422,454,454,489,37,37,141,141,154,154,64,83,83,83],"floor_reached":39,"playtime":1709,"items_purged":[],"score":589,"play_id":"8ccccdc7-1447-4055-b8cd-60f58caab72c","local_time":"20210101072447","is_ascension_mode":true,"campfire_choices":[{"data":"ats:Overload","floor":6,"key":"SMITH"},{"data":"ats:Emotion Absorption","floor":13,"key":"SMITH"},{"data":"AT_FamilyPortrait","floor":15,"key":"SMITH"},{"data":"ats:Sword Rain","floor":23,"key":"SMITH"},{"data":"ats:Shadow Assault","floor":27,"key":"SMITH"},{"data":"ats:Shadow Assault","floor":29,"key":"SMITH"},{"floor":32,"key":"REST"}],"circlet_count":0,"master_deck":["AT_FamilyPortrait+1","ats:Sword Rain+1","ats:Overload+1","ats:Closed Bolt Burst Fire","ats:Shadow Assault+1","ats:Shadow Assault+1","ats:Magnetic Hammer+1","ats:Wolf Pack","Gensokyo:ShootingStar","ats:Calcification+1","ats:Collapsing Strike+1","ats:Fractured Body","ats:Dogmatic Field+1","Gensokyo:CustomPotion","ats:Apocalypse+1"],"relics":["ats:Sanity","testmod-TestBox","AT_ATBox","HushsDoor","D6","testmod-SaigiyounoYou","NeowsBlessing","Frozen Egg 2","Blood Vial","Mango","testmod-CyclicPeriapt","testmod-CyclicPeriapt","Gensokyo:PortableGap","Juzu Bracelet","ats:Ability Aura","ats:Originium","StoneCalendar","ats:Berate","ats:Spiritual Recovery","testmod-FatalChain","testmod-KeyOfTheVoid","Gensokyo:RedStar","Ring of Searing","Ring of Fury","ReplayFunnel","Baka2","REME_PuzzleBoxRelic","GodSword5","YumHeart","Gremlin Food","HowToJump","Astrolabe","GuppysTail","Succubus","GuppysHead"],"acts_visited":["Gensokyo:Gensokyo","Gensokyo:Gensokyoer","Gensokyo:Gensokyoest"],"potions_floor_usage":[16,16,18,33,35],"damage_taken":[{"damage":0,"enemies":"Gensokyo:3_Fairies","floor":1,"turns":2},{"damage":0,"enemies":"Hiden Room Battle","floor":3,"turns":1},{"damage":0,"enemies":"Gensokyo:Cirno","floor":8,"turns":2},{"damage":7,"enemies":"Gensokyo:Gryphon","floor":10,"turns":3},{"damage":0,"enemies":"Gensokyo:Mamizou","floor":11,"turns":4},{"damage":60,"enemies":"Gensokyo:Reimu","floor":16,"turns":10},{"damage":29,"enemies":"Gensokyo:CosmicMonolith","floor":18,"turns":5},{"damage":5,"enemies":"Gensokyo:2_Gloops","floor":22,"turns":2},{"damage":24,"enemies":"Gensokyo:Reisen","floor":24,"turns":3},{"damage":47,"enemies":"Gensokyo:Slime_Group","floor":25,"turns":3},{"damage":26,"enemies":"Gensokyo:Koishi","floor":28,"turns":3},{"damage":63,"enemies":"Gensokyo:Tenshi","floor":30,"turns":4},{"damage":25,"enemies":"Gensokyo:Eternal_Rivals","floor":33,"turns":6},{"damage":18,"enemies":"Gensokyo:3_Bats","floor":35,"turns":2},{"damage":5,"enemies":"Gensokyo:3_Boulders","floor":38,"turns":2}],"seed_played":"-132258338911309804","potions_obtained":[{"floor":7,"key":"Flashbang"},{"floor":7,"key":"SmokeBomb"},{"floor":16,"key":"Fruit Juice"},{"floor":28,"key":"Explosive Potion"},{"floor":38,"key":"Weak Potion"}],"is_trial":false,"path_per_floor":["M","?","?","?","?","R","?","E","T","M","E","?","R","?","R","B",null,"M","?","?","?","M","R","E","M","T","R","E","R","E","$","R","B",null,"M","?","?","M","?"],"character_chosen":"DOCTOR_CLASS","items_purchased":["Gremlin Food","ats:Assault Order","CultistPotion","HowToJump","GuppysTail","ats:Fractured Body","Succubus","GuppysHead"],"campfire_rested":1,"item_purchase_floors":[31,31,31,31,34,34,34,34],"current_hp_per_floor":[72,72,73,73,73,73,42,48,48,49,57,57,57,42,42,64,83,66,66,66,66,71,71,70,65,65,65,65,65,45,45,75,83,44,28,28,28,1,0,0],"gold":83,"neow_bonus":"THREE_ENEMY_KILL","is_daily":false,"chose_seed":false,"campfire_upgraded":6,"win_rate":0.0,"timestamp":1609457087,"path_taken":["M","?","?","?","?","R","?","E","T","M","E","?","R","?","R","BOSS","M","?","?","?","M","R","E","M","T","R","E","R","E","$","R","BOSS","M","?","?","M","?"],"items_purchased_type":["Relic","Card","Potion","Relic","Relic","Card","Relic","Relic"],"build_version":"2020-12-18","purchased_purges":0,"victory":false,"max_hp_per_floor":[72,72,86,78,78,78,78,78,78,78,78,78,78,78,78,83,83,83,83,83,83,83,83,83,83,83,83,83,83,83,83,83,83,44,44,44,44,44,44,44],"card_choices":[{"not_picked":["ats:Shell Defense","ats:Thermite Blade"],"picked":"ats:Sword Rain","floor":1},{"not_picked":["ats:Assault Order","ats:Ignite"],"picked":"ats:Overload","floor":2},{"not_picked":["ats:Poison Spread","ats:Steam Pump"],"picked":"ats:Hammer On","floor":2},{"not_picked":["ats:Durian","ats:Explosion Area Strengthen"],"picked":"ats:Closed Bolt Burst Fire","floor":7},{"not_picked":["ats:Shadow Raid","ats:Hook Shot"],"picked":"ats:Leaping Hammer","floor":8},{"not_picked":["ats:Curse Doll","ats:Steam Pump"],"picked":"ats:Assault Order","floor":10},{"not_picked":["ats:Directed Diagnosis","ats:Poison Spread"],"picked":"ats:Calcification","floor":11},{"not_picked":["ats:Nebulous Foxfire","ats:Fractured Body"],"picked":"ats:Shadow Assault","floor":16},{"not_picked":["ats:Childhood Dance","ats:Apocalypse+1"],"picked":"ats:Magnetic Hammer","floor":22},{"not_picked":["ats:Defend Order+1","ats:Revitalization"],"picked":"ats:Wolf Pack","floor":24},{"not_picked":["ats:Demon Strength+1","ats:Closed Bolt Burst Fire"],"picked":"ats:Powerful Strike","floor":25},{"not_picked":["ats:Consecutive Shot Auto+1","ats:Revitalization+1","ats:Hammer On"],"picked":"SKIP","floor":28},{"not_picked":["ats:Automatic Cover","ats:Explosion Area Strengthen"],"picked":"ats:Very Hot Blade","floor":30},{"not_picked":[],"picked":"Gensokyo:ShootingStar","floor":33},{"not_picked":["ats:Echo Reverb","ats:Ambush+1"],"picked":"ats:Rat Pack","floor":33},{"not_picked":["ats:Apocalypse","ats:Spore Proliferation+1"],"picked":"ats:Hook Shot+1","floor":35},{"not_picked":["ats:Childhood Dance+1","ats:Revitalization+1"],"picked":"ats:Apocalypse+1","floor":38}],"player_experience":1678773,"relics_obtained":[{"floor":1,"key":"Baka"},{"floor":3,"key":"Frozen Egg 2"},{"floor":3,"key":"Blood Vial"},{"floor":3,"key":"Mango"},{"floor":3,"key":"testmod-CyclicPeriapt"},{"floor":3,"key":"testmod-CyclicPeriapt"},{"floor":7,"key":"ats:Ability Aura"},{"floor":8,"key":"ats:Originium"},{"floor":8,"key":"StoneCalendar"},{"floor":9,"key":"ats:Berate"},{"floor":11,"key":"ats:Originium"},{"floor":11,"key":"ats:Spiritual Recovery"},{"floor":20,"key":"Ring of Searing"},{"floor":20,"key":"Ring of Fury"},{"floor":24,"key":"ats:Originium"},{"floor":24,"key":"ReplayFunnel"},{"floor":25,"key":"Baka2"},{"floor":26,"key":"REME_PuzzleBoxRelic"},{"floor":28,"key":"GodSword5"},{"floor":30,"key":"YumHeart"}],"event_choices":[{"damage_healed":0,"gold_gain":0,"player_choice":"Fight","damage_taken":0,"max_hp_gain":0,"max_hp_loss":0,"event_name":"HidenRoomEvent","floor":3,"gold_loss":0},{"damage_healed":0,"gold_gain":0,"player_choice":"Swap Relic","damage_taken":0,"relics_obtained":["Juzu Bracelet"],"max_hp_gain":0,"max_hp_loss":0,"event_name":"给自己的盒子","floor":5,"relics_lost":["REME_ComplimentaryCards"],"gold_loss":0}],"is_beta":true,"boss_relics":[{"not_picked":["ReplayTheSpireMod:DimensionalGlitch","Kintsugi"],"picked":"testmod-KeyOfTheVoid"},{"not_picked":[]},{"not_picked":["AT_MortalBlade","Sozu"],"picked":"Astrolabe"},{"not_picked":[]}],"items_purged_floors":[],"is_endless":false,"potions_floor_spawned":[16,18,28,38],"ascension_level":0}}