{"host":"m6aaltr68g9tvoay","time":1609396069,"event":{"mods":["AchievementEnabler","BaseMod","Colored Map","Minty Spire (QoL Compilation)","StSLib"],"gold_per_floor":[110,125,5,5,18,18,61,61,61,96,117,117,150,150,150,241,241,266,282,282,15,31,69,14,37,61,61,84,84,84,84,84,158,158,168,4,21,40,56,56,76,154,154,154,168,168,168,10,10,10,10],"floor_reached":50,"playtime":1813,"items_purged":[],"score":960,"play_id":"bb843994-be7c-4124-a574-4a0438507ace","local_time":"20201230222749","is_ascension_mode":true,"campfire_choices":[{"data":"Whirlwind","floor":6.0,"key":"SMITH"},{"floor":8.0,"key":"REST"},{"floor":12.0,"key":"REST"},{"floor":15.0,"key":"REST"},{"floor":27,"key":"REST"},{"data":"Heavy Blade","floor":29,"key":"SMITH"},{"floor":32,"key":"REST"},{"data":"Uppercut","floor":40,"key":"SMITH"},{"floor":44,"key":"REST"},{"floor":46,"key":"REST"},{"data":"Armaments","floor":49,"key":"SMITH"}],"circlet_count":0,"master_deck":["AscendersBane","Strike_R","Strike_R","Strike_R","Strike_R","Defend_R","Defend_R","Defend_R","Defend_R","Bash","Twin Strike","True Grit","Whirlwind+1","Uppercut+1","Spot Weakness","Clothesline","Armaments+1","Seeing Red","Entrench","Immolate","Shockwave","Shrug It Off","Reaper","Heavy Blade+1","Metallicize+1","Juggernaut+1","Intimidate","Parasite","Fire Breathing+1","Ghostly Armor"],"relics":["Black Blood","Bloody Idol","CaptainsWheel","Vajra","Self Forming Clay","Mark of Pain","StrikeDummy","Frozen Egg 2","Dream Catcher","Lee\u0027s Waffle","Eternal Feather","Bottled Tornado","HandDrill"],"acts_visited":["Exordium","TheCity","TheBeyond"],"potions_floor_usage":[23,33,33,50,50],"damage_taken":[{"damage":12.0,"enemies":"Cultist","floor":1.0,"turns":4.0},{"damage":12.0,"enemies":"Small Slimes","floor":2.0,"turns":4.0},{"damage":9.0,"enemies":"Jaw Worm","floor":5.0,"turns":4.0},{"damage":25.0,"enemies":"3 Sentries","floor":7.0,"turns":4.0},{"damage":17.0,"enemies":"Lagavulin","floor":10.0,"turns":5.0},{"damage":26.0,"enemies":"Exordium Thugs","floor":11.0,"turns":5.0},{"damage":6.0,"enemies":"Gremlin Nob","floor":13.0,"turns":3.0},{"damage":46,"enemies":"Slime Boss","floor":16,"turns":11},{"damage":7,"enemies":"3 Byrds","floor":18,"turns":5},{"damage":11,"enemies":"Spheric Guardian","floor":19,"turns":4},{"damage":19,"enemies":"Centurion and Healer","floor":22,"turns":6},{"damage":23,"enemies":"Slavers","floor":23,"turns":3},{"damage":28,"enemies":"3 Cultists","floor":25,"turns":5},{"damage":20,"enemies":"Snecko","floor":28,"turns":6},{"damage":63,"enemies":"Champ","floor":33,"turns":9},{"damage":50,"enemies":"3 Darklings","floor":35,"turns":4},{"damage":25,"enemies":"3 Shapes","floor":37,"turns":6},{"damage":45,"enemies":"Writhing Mass","floor":38,"turns":9},{"damage":1,"enemies":"Jaw Worm Horde","floor":39,"turns":2},{"damage":76,"enemies":"Maw","floor":41,"turns":9},{"damage":40,"enemies":"Spire Growth","floor":45,"turns":6},{"damage":114,"enemies":"Donu and Deca","floor":50,"turns":7}],"seed_played":"-55292071258729862","potions_obtained":[{"floor":1.0,"key":"Fire Potion"},{"floor":7.0,"key":"SpeedPotion"},{"floor":11.0,"key":"Strength Potion"},{"floor":16,"key":"Dexterity Potion"},{"floor":18,"key":"Regen Potion"},{"floor":38,"key":"Fire Potion"},{"floor":45,"key":"Swift Potion"}],"is_trial":false,"path_per_floor":["M","M","$","?","M","R","E","R","T","E","M","R","E","?","R","B",null,"M","M","?","$","M","E","$","M","T","R","M","R","?","?","R","B",null,"M","$","M","M","M","R","M","T","T","R","M","R","?","$","R","B"],"character_chosen":"IRONCLAD","items_purchased":["Whirlwind","Uppercut","StrikeDummy","PowerPotion","Lee\u0027s Waffle","HandDrill"],"campfire_rested":7,"item_purchase_floors":[3,3,21,24,36,48],"current_hp_per_floor":[69,63,63,63,60,60,41,65,65,54,34,58,58,58,82,42,72,71,66,82,82,69,52,52,46,46,70,65,65,65,65,82,60,77,58,89,89,69,85,85,30,35,35,76,53,89,85,85,85,0,0],"gold":10,"neow_bonus":"TEN_PERCENT_HP_BONUS","is_daily":false,"chose_seed":false,"campfire_upgraded":4,"win_rate":0.0,"timestamp":1609396069,"path_taken":["M","M","$","?","M","R","E","R","T","E","M","R","E","?","R","BOSS","M","M","?","$","M","E","?","M","T","R","?","R","?","?","R","BOSS","M","$","M","?","M","R","M","?","T","R","M","R","?","$","R","BOSS"],"items_purchased_type":["Card","Card","Relic","Potion","Relic","Relic"],"build_version":"2020-12-22","purchased_purges":0,"victory":false,"max_hp_per_floor":[82,82,82,82,82,82,82,82,82,82,82,82,82,82,82,82,82,82,82,82,82,82,82,82,82,82,82,82,82,82,82,82,82,82,82,89,89,89,89,89,89,89,89,89,89,89,85,85,85,85,85],"card_choices":[{"not_picked":["Wild Strike","Clash"],"picked":"Twin Strike","floor":1.0},{"not_picked":["Bloodletting","Wild Strike"],"picked":"True Grit","floor":2.0},{"not_picked":["Battle Trance","Uppercut"],"picked":"Spot Weakness","floor":5.0},{"not_picked":["Iron Wave","Sever Soul"],"picked":"Clothesline","floor":7.0},{"not_picked":["Perfected Strike","Headbutt"],"picked":"Armaments","floor":10.0},{"not_picked":["Armaments","Headbutt"],"picked":"Seeing Red","floor":11.0},{"not_picked":["Clothesline","Perfected Strike","Headbutt"],"picked":"SKIP","floor":13.0},{"not_picked":["Brutality","Offering"],"picked":"Immolate","floor":16},{"not_picked":["Reckless Charge","Clash+1"],"picked":"Shockwave","floor":18},{"not_picked":["Havoc","Whirlwind"],"picked":"Shrug It Off","floor":19},{"not_picked":["Whirlwind","Thunderclap","Headbutt"],"picked":"SKIP","floor":22},{"not_picked":["Pommel Strike","True Grit"],"picked":"Reaper","floor":23},{"not_picked":["Shrug It Off","Perfected Strike"],"picked":"Heavy Blade","floor":25},{"not_picked":["Evolve+1","Dropkick","Wild Strike"],"picked":"SKIP","floor":28},{"not_picked":["Body Slam","Clash"],"picked":"Metallicize+1","floor":32},{"not_picked":["Double Tap","Reaper"],"picked":"Juggernaut+1","floor":33},{"not_picked":["Armaments","Reckless Charge"],"picked":"Intimidate","floor":35},{"not_picked":["Searing Blow","Headbutt","Evolve+1"],"picked":"SKIP","floor":37},{"not_picked":["Pommel Strike+1","Body Slam","Sword Boomerang"],"picked":"SKIP","floor":38},{"not_picked":["Thunderclap","Armaments"],"picked":"Fire Breathing+1","floor":39},{"not_picked":["Whirlwind+1","Burning Pact","Havoc+1"],"picked":"SKIP","floor":41},{"not_picked":["Shrug It Off","Pommel Strike"],"picked":"Ghostly Armor","floor":45}],"player_experience":1324374,"relics_obtained":[{"floor":7.0,"key":"CaptainsWheel"},{"floor":10.0,"key":"Vajra"},{"floor":13.0,"key":"Self Forming Clay"},{"floor":23,"key":"Frozen Egg 2"},{"floor":26,"key":"Dream Catcher"},{"floor":42,"key":"Eternal Feather"},{"floor":43,"key":"Bottled Tornado"}],"event_choices":[{"damage_healed":0.0,"max_hp_gain":0.0,"max_hp_loss":0.0,"gold_gain":0.0,"event_name":"Golden Idol","player_choice":"Take Wound","floor":4.0,"gold_loss":0.0,"damage_taken":0.0,"relics_obtained":["Golden Idol"],"cards_obtained":["Injury"]},{"damage_healed":0.0,"max_hp_gain":0.0,"max_hp_loss":0.0,"gold_gain":0.0,"cards_transformed":["Strike_R"],"event_name":"Living Wall","player_choice":"Change","floor":14.0,"gold_loss":0.0,"damage_taken":0.0,"cards_obtained":["Entrench"]},{"damage_healed":16,"gold_gain":0,"player_choice":"Full Heal","damage_taken":0,"max_hp_gain":0,"max_hp_loss":0,"event_name":"Wheel of Change","floor":20,"gold_loss":0},{"damage_healed":0,"gold_gain":0,"player_choice":"Gave Idol","damage_taken":0,"relics_obtained":["Bloody Idol"],"max_hp_gain":0,"max_hp_loss":0,"event_name":"Forgotten Altar","floor":30,"relics_lost":["Golden Idol"],"gold_loss":0},{"cards_removed":["Injury"],"damage_healed":0,"gold_gain":0,"player_choice":"Purged","damage_taken":0,"max_hp_gain":0,"max_hp_loss":0,"event_name":"Purifier","floor":31,"gold_loss":0},{"damage_healed":0,"gold_gain":0,"player_choice":"Max HP","damage_taken":0,"max_hp_gain":0,"max_hp_loss":4,"event_name":"Winding Halls","floor":47,"gold_loss":0}],"is_beta":false,"boss_relics":[{"not_picked":["Cursed Key","SacredBark"],"picked":"Mark of Pain"},{"not_picked":["Fusion Hammer","Runic Dome"],"picked":"Black Blood"}],"items_purged_floors":[],"is_endless":false,"potions_floor_spawned":[1,7,11,16,18,19,25,38,45],"killed_by":"Donu and Deca","ascension_level":18}}