{"host":"idhn3x725u206pbu","time":1609425381,"event":{"mods":["AchievementEnabler","BaseMod","Bestiary","Better Altar","Better Match","Better Note","Better Sensory Stone","Better Skull","Better Third Choice","BetterRewards","Colored Map","Energized Spire","Hubris","Infinite Spire","Minty Spire (QoL Compilation)","Permanent Neow","Quick Restart","Relic Stats","Replay The Spire","Spicy Shops","StSLib","The Jungle","UnlockEverythingMod","¡¾ÒÅÎï¿¨ÅÆ¡¿REMEMod"],"gold_per_floor":[117,117,171,96,113,113,113,132,132,144,144,12,24,42,42,145,145,165,165,165,179,54,54,64,81,81,81,94,106,106,106,106,208,208,208,58,110,120,120,120,132,132,155,175,186,217,217,267,267,267,267],"floor_reached":50,"playtime":3093,"items_purged":["Regret","Whirlwind","Perfected Strike","Strike_R"],"score":614,"play_id":"a78b6e03-1ca3-44f1-ace4-e7d942e58788","local_time":"20201231223621","is_ascension_mode":false,"campfire_choices":[{"data":"Whirlwind","floor":6,"key":"SMITH"},{"data":"Berserk","floor":11,"key":"SMITH"},{"data":"Spot Weakness","floor":15,"key":"SMITH"},{"data":"Demon Form","floor":23,"key":"SMITH"},{"data":"Armaments","floor":27,"key":"SMITH"},{"data":"Uppercut","floor":30,"key":"SMITH"},{"floor":32,"key":"REST"},{"floor":40,"key":"REST"},{"data":"Battle Trance","floor":40,"key":"SMITH"},{"floor":42,"key":"REST"},{"data":"Bash","floor":42,"key":"SMITH"},{"floor":47,"key":"REST"},{"data":"True Grit","floor":47,"key":"SMITH"},{"floor":49,"key":"REST"}],"circlet_count":0,"master_deck":["Strike_R","Strike_R","Strike_R","Strike_R","Defend_R","Defend_R","Defend_R","Defend_R","Bash+1","Whirlwind+1","Headbutt","Reboot","Berserk+1","Headbutt","Spot Weakness+1","Demon Form+1","Armaments+1","Carnage+1","Hemogenesis","ReplayTheSpireMod:Limb From Limb+1","Uppercut+1","Feed","Battle Trance+1","True Grit+1","Shrug It Off"],"relics":["Burning Blood","REME_ComplimentaryCards","Darkstone Periapt","Omamori","Replay:WaspNest","energizedSpire:CursedPentagram","Ornamental Fan","energizedSpire:EnergizedDie","infinitespire:Magic Flask","hubris:Towel","Smiling Mask","Unceasing Top","Thread and Needle"],"acts_visited":["Exordium","TheCity","TheBeyond"],"potions_floor_usage":[13,16,16,21,25,29,46,50],"damage_taken":[{"damage":6,"enemies":"Jaw Worm","floor":1,"turns":3},{"damage":0,"enemies":"Small Slimes","floor":5,"turns":2},{"damage":0,"enemies":"Cultist","floor":8,"turns":2},{"damage":5,"enemies":"Looter","floor":10,"turns":2},{"damage":5,"enemies":"3 Louse","floor":13,"turns":2},{"damage":13,"enemies":"Red Slaver","floor":14,"turns":2},{"damage":53,"enemies":"Hexaghost","floor":16,"turns":5},{"damage":10,"enemies":"Spheric Guardian","floor":18,"turns":3},{"damage":30,"enemies":"2 Thieves","floor":21,"turns":3},{"damage":15,"enemies":"Snecko","floor":24,"turns":4},{"damage":6,"enemies":"Chosen and Byrds","floor":25,"turns":3},{"damage":0,"enemies":"3 Cultists","floor":28,"turns":3},{"damage":20,"enemies":"Snake Plant","floor":29,"turns":3},{"damage":22,"enemies":"Collector","floor":33,"turns":4},{"damage":2,"enemies":"Orb Walker","floor":35,"turns":2},{"damage":26,"enemies":"2 Orb Walkers","floor":37,"turns":3},{"damage":38,"enemies":"3 Shapes","floor":38,"turns":5},{"damage":33,"enemies":"Maw","floor":41,"turns":6},{"damage":23,"enemies":"Spire Growth","floor":44,"turns":4},{"damage":23,"enemies":"3 Darklings","floor":45,"turns":2},{"damage":63,"enemies":"Reptomancer","floor":46,"turns":5},{"damage":0,"enemies":"Mind Bloom Boss Battle","floor":48,"turns":2},{"damage":101,"enemies":"infinitespire:MassOfShapes","floor":50,"turns":8}],"seed_played":"-5691877852223364974","potions_obtained":[{"floor":3,"key":"Regen Potion"},{"floor":3,"key":"LiquidBronze"},{"floor":3,"key":"Elixir"},{"floor":8,"key":"Adrenaline Potion"},{"floor":13,"key":"Swift Potion"},{"floor":16,"key":"SkillPotion"},{"floor":18,"key":"SkillPotion"},{"floor":25,"key":"FairyPotion"},{"floor":28,"key":"Block Potion"},{"floor":33,"key":"HeartOfIron"},{"floor":48,"key":"Languid Potion"}],"is_trial":false,"path_per_floor":["M","?","?","$","M","R","?","M","T","M","R","$","M","M","R_BF","B",null,"M","?","?","M","$","R","M","M","T","R","M","M","R","$","R","B",null,"M","$","?","M","?","R","M","R","T","M","M","E","R","?","R","B"],"character_chosen":"IRONCLAD","items_purchased":["Whirlwind","Headbutt"],"campfire_rested":5,"item_purchase_floors":[0,12],"current_hp_per_floor":[80,86,86,86,86,86,77,83,83,84,84,84,85,78,78,31,86,82,82,82,58,58,58,49,49,49,49,55,46,46,46,71,55,86,86,86,66,38,38,65,38,65,65,48,31,31,58,64,90,0,0],"gold":267,"neow_bonus":"","is_daily":false,"chose_seed":false,"campfire_upgraded":9,"win_rate":0.0,"timestamp":1609425381,"path_taken":["M","?","?","$","M","R","?","M","T","?","R","$","M","M","R_BF","BOSS","M","?","?","M","$","R","M","M","T","R","?","M","R","$","R","BOSS","M","$","?","M","?","R","M","R","T","M","M","E","R","?","R","BOSS"],"items_purchased_type":["Card","Card"],"build_version":"2020-12-22","purchased_purges":4,"victory":false,"max_hp_per_floor":[80,86,86,86,86,86,86,86,86,86,86,86,86,86,86,86,86,86,86,86,86,86,86,86,86,86,86,86,86,86,86,86,86,86,86,86,86,90,90,90,90,90,90,90,90,90,90,90,90,90,90],"relic_stats":{"Darkstone Periapt":6,"counters":[56,218],"Ornamental Fan":[44],"Smiling Mask":0,"obtain_stats":[{"Darkstone Periapt":2,"Golden Egg":0,"Nilry\u0027s Codex":27,"Vajra":13,"hubris:VirtuousBlindfold":17,"Sling":30,"Smiling Mask":43,"Burning Blood":0,"Sozu":53,"Replay:Ringing Soul":10,"hubris:Icosahedron":36,"energizedSpire:CursedPentagram":17,"Replay:M_SmolderingBlood":2,"Prayer Wheel":47,"energizedSpire:HugeHouse":34,"Red Skull":12,"hubris:GlazedTorus":9,"Paper Frog":9,"energizedSpire:RedRose":17,"Oddly Smooth Stone":7,"energizedSpire:EnergizedDie":34,"Thread and Needle":48,"Replay:WaspNest":9,"Omamori":7,"infinitespire:Magic Flask":37,"War Paint":23,"hubris:Towel":39,"infinitespire:WardingShard":6,"Ornamental Fan":26,"Orrery":25,"Simple Rune":19,"hubris:TenFootPole":45,"Unceasing Top":46,"REME_ComplimentaryCards":0},{"Darkstone Periapt":34,"Golden Egg":22,"Nilry\u0027s Codex":13,"Vajra":6,"hubris:VirtuousBlindfold":8,"Sling":13,"Smiling Mask":51,"Burning Blood":0,"Sozu":22,"Replay:Ringing Soul":5,"hubris:Icosahedron":16,"energizedSpire:CursedPentagram":40,"Replay:M_SmolderingBlood":23,"Prayer Wheel":20,"energizedSpire:HugeHouse":15,"Red Skull":28,"hubris:GlazedTorus":4,"Paper Frog":26,"energizedSpire:RedRose":30,"Oddly Smooth Stone":25,"energizedSpire:EnergizedDie":47,"Thread and Needle":55,"Replay:WaspNest":36,"Omamori":35,"infinitespire:Magic Flask":49,"War Paint":12,"hubris:Towel":50,"infinitespire:WardingShard":4,"Ornamental Fan":44,"Orrery":33,"Simple Rune":31,"hubris:TenFootPole":19,"Unceasing Top":54,"REME_ComplimentaryCards":0},{"Darkstone Periapt":143,"Golden Egg":101,"Nilry\u0027s Codex":59,"Vajra":29,"hubris:VirtuousBlindfold":40,"Sling":59,"Smiling Mask":197,"Burning Blood":0,"Sozu":101,"Replay:Ringing Soul":24,"hubris:Icosahedron":72,"energizedSpire:CursedPentagram":158,"Replay:M_SmolderingBlood":104,"Prayer Wheel":91,"energizedSpire:HugeHouse":69,"Red Skull":117,"hubris:GlazedTorus":18,"Paper Frog":111,"energizedSpire:RedRose":130,"Oddly Smooth Stone":109,"energizedSpire:EnergizedDie":181,"Thread and Needle":210,"Replay:WaspNest":147,"Omamori":145,"infinitespire:Magic Flask":186,"War Paint":55,"hubris:Towel":191,"infinitespire:WardingShard":18,"Ornamental Fan":171,"Orrery":140,"Simple Rune":132,"hubris:TenFootPole":86,"Unceasing Top":208,"REME_ComplimentaryCards":0}],"Burning Blood":122,"Unceasing Top":[0]},"card_choices":[{"not_picked":["ReplayTheSpireMod:Strike From Hell","Dark Embrace"],"picked":"Headbutt","floor":1},{"not_picked":["infinitespire:OneForAll","Defy Death"],"picked":"Perfected Strike","floor":3},{"not_picked":["Clothesline","Wild Strike","Heavy Blade"],"picked":"SKIP","floor":5},{"not_picked":["Twin Strike","Sword Boomerang","Warcry"],"picked":"SKIP","floor":8},{"not_picked":["Second Wind","Shrug It Off"],"picked":"Berserk","floor":10},{"not_picked":["Clothesline","Clash","Flex"],"picked":"SKIP","floor":13},{"not_picked":["Warcry","Replay:Undeath\u0027s Touch"],"picked":"Spot Weakness","floor":14},{"not_picked":["Eclipse","Corruption"],"picked":"Demon Form","floor":16},{"not_picked":["Iron Wave","Shockwave"],"picked":"Armaments","floor":18},{"not_picked":["Sentinel","Flex"],"picked":"Carnage+1","floor":21},{"not_picked":["Wild Strike","Body Slam+1"],"picked":"Hemogenesis","floor":24},{"not_picked":["Headbutt+1","Warcry","Thunderclap"],"picked":"SKIP","floor":25},{"not_picked":["Flex+1","Armaments"],"picked":"ReplayTheSpireMod:Limb From Limb+1","floor":28},{"not_picked":["Immolate","Clothesline+1"],"picked":"Uppercut","floor":29},{"not_picked":["Demonic Infusion","REME_TheLastStrike"],"picked":"Feed","floor":33},{"not_picked":["Pommel Strike","hubris:ReadiedAction","Replay:Undeath\u0027s Touch"],"picked":"SKIP","floor":35},{"not_picked":["Body Slam","hubris:CleavingFinish"],"picked":"Battle Trance","floor":37},{"not_picked":["Bloodletting","Wild Strike+1","Carnage+1"],"picked":"SKIP","floor":38},{"not_picked":["Flex","REME_Scribble","ReplayTheSpireMod:Muscle Training+1"],"picked":"SKIP","floor":41},{"not_picked":["Dark Embrace+1","Replay:Undeath\u0027s Touch+1","Carnage+1"],"picked":"SKIP","floor":44},{"not_picked":["Life Link+1","Clothesline","Combust"],"picked":"SKIP","floor":45},{"not_picked":["Iron Wave+1","REME_ACTH"],"picked":"True Grit","floor":46},{"not_picked":["Thunderclap+1","Replay:Undeath\u0027s Touch+1"],"picked":"Shrug It Off","floor":48}],"player_experience":88731,"relics_obtained":[{"floor":9,"key":"Replay:WaspNest"},{"floor":26,"key":"Ornamental Fan"},{"floor":37,"key":"infinitespire:Magic Flask"},{"floor":43,"key":"Smiling Mask"},{"floor":46,"key":"Unceasing Top"},{"floor":48,"key":"Thread and Needle"}],"event_choices":[{"damage_healed":0,"gold_gain":0,"player_choice":"Box","damage_taken":0,"relics_obtained":["Darkstone Periapt"],"max_hp_gain":0,"max_hp_loss":0,"event_name":"Big Fish","floor":2,"gold_loss":0,"cards_obtained":["Regret"]},{"damage_healed":0,"gold_gain":0,"player_choice":"Ignored","damage_taken":0,"max_hp_gain":0,"max_hp_loss":0,"event_name":"betterNote:BetterNote","floor":19,"gold_loss":0,"cards_obtained":["Barricade"]},{"damage_healed":0,"gold_gain":0,"player_choice":"Bought 0 Potions","damage_taken":0,"max_hp_gain":0,"max_hp_loss":0,"event_name":"The Woman in Blue","floor":20,"gold_loss":0},{"damage_healed":0,"gold_gain":0,"player_choice":"Fight","damage_taken":0,"max_hp_gain":0,"max_hp_loss":0,"event_name":"Mysterious Sphere","floor":37,"gold_loss":0},{"damage_healed":0,"gold_gain":0,"player_choice":"Fight","damage_taken":0,"max_hp_gain":0,"max_hp_loss":0,"event_name":"MindBloom","floor":48,"gold_loss":0}],"is_beta":false,"boss_relics":[{"not_picked":["Black Blood","Replay:Fungal Core"],"picked":"energizedSpire:CursedPentagram"},{"not_picked":["Runic Cube","Runic Dome"],"picked":"energizedSpire:EnergizedDie"}],"items_purged_floors":[4,12,22,36],"is_endless":false,"potions_floor_spawned":[5,8,13,16,18,25,28,33,38,41,48],"killed_by":"infinitespire:MassOfShapes","ascension_level":0}}