{"host":"pyvkqaq4yb2dtxwu","time":1609379277,"event":{"mods":["AchievementEnabler","BaseMod","Colored Map","Colored Powertips","DeckTracker","Minty Spire (QoL Compilation)"],"gold_per_floor":[110,110,130,144,159,159,188,188,188,188,199,199,218,231,231,231,231],"floor_reached":16,"playtime":1573,"items_purged":[],"score":129,"play_id":"5102a902-fb56-43a9-93e1-c74443b1a5ae","local_time":"20201230174757","is_ascension_mode":false,"campfire_choices":[{"data":"After Image","floor":6,"key":"SMITH"},{"data":"Backflip","floor":8,"key":"SMITH"},{"floor":15,"key":"REST"}],"circlet_count":0,"master_deck":["Strike_G","Strike_G","Strike_G","Strike_G","Strike_G","Defend_G","Defend_G","Defend_G","Defend_G","Defend_G","Survivor","Neutralize","After Image+1","Prepared+1","Deadly Poison","Well Laid Plans+1","Blur","Backflip+1","Parasite","Dodge and Roll","Crippling Poison","Bane"],"relics":["Ring of the Snake","Pear","Mercury Hourglass"],"acts_visited":["Exordium"],"potions_floor_usage":[7],"damage_taken":[{"damage":0,"enemies":"Small Slimes","floor":1,"turns":4},{"damage":0,"enemies":"Jaw Worm","floor":3,"turns":4},{"damage":0,"enemies":"Cultist","floor":4,"turns":4},{"damage":10,"enemies":"3 Louse","floor":5,"turns":7},{"damage":46,"enemies":"Gremlin Nob","floor":7,"turns":6},{"damage":0,"enemies":"Blue Slaver","floor":11,"turns":4},{"damage":0,"enemies":"Exordium Wildlife","floor":13,"turns":4},{"damage":7,"enemies":"Gremlin Gang","floor":14,"turns":4},{"damage":51,"enemies":"Slime Boss","floor":16,"turns":11}],"seed_played":"139823346914011411","potions_obtained":[{"floor":3,"key":"LiquidMemories"},{"floor":7,"key":"Explosive Potion"},{"floor":11,"key":"SmokeBomb"}],"is_trial":false,"path_per_floor":["M","?","M","M","M","R","E","R","T","?","M","?","M","M","R","B"],"character_chosen":"THE_SILENT","items_purchased":[],"campfire_rested":1,"item_purchase_floors":[],"current_hp_per_floor":[70,75,75,75,65,65,29,29,29,50,50,33,33,26,51,0,0],"gold":231,"neow_bonus":"ONE_RANDOM_RARE_CARD","is_daily":false,"chose_seed":false,"campfire_upgraded":2,"win_rate":0.0,"timestamp":1609379277,"path_taken":["M","?","M","M","M","R","E","R","T","?","M","?","M","M","R","BOSS"],"items_purchased_type":[],"build_version":"2020-12-22","purchased_purges":0,"victory":false,"max_hp_per_floor":[70,75,75,75,75,75,85,85,85,85,85,85,85,85,85,85,85],"card_choices":[{"not_picked":["Dagger Spray","Bane"],"picked":"Prepared","floor":1},{"not_picked":["Quick Slash","Riddle With Holes"],"picked":"Deadly Poison","floor":3},{"not_picked":["PiercingWail","Flying Knee"],"picked":"Well Laid Plans","floor":4},{"not_picked":["Venomology","PiercingWail"],"picked":"Blur","floor":5},{"not_picked":["Backstab","Slice"],"picked":"Backflip","floor":7},{"not_picked":["Dagger Throw","Prepared"],"picked":"Dodge and Roll","floor":11},{"not_picked":["Expertise","Blade Dance"],"picked":"Crippling Poison","floor":13},{"not_picked":["Quick Slash","Calculated Gamble"],"picked":"Bane","floor":14}],"player_experience":86218,"relics_obtained":[{"floor":7,"key":"Pear"},{"floor":9,"key":"Mercury Hourglass"}],"event_choices":[{"damage_healed":0,"gold_gain":0,"player_choice":"Donut","damage_taken":0,"max_hp_gain":5,"max_hp_loss":0,"event_name":"Big Fish","floor":2,"gold_loss":0},{"damage_healed":21,"gold_gain":0,"player_choice":"Healed and dodged fight","damage_taken":0,"max_hp_gain":0,"max_hp_loss":0,"event_name":"Mushrooms","floor":10,"gold_loss":0,"cards_obtained":["Parasite"]},{"damage_healed":0,"gold_gain":0,"player_choice":"Entered Light","damage_taken":17,"max_hp_gain":0,"max_hp_loss":0,"event_name":"Shining Light","floor":12,"gold_loss":0,"cards_upgraded":["Prepared","Well Laid Plans"]}],"is_beta":false,"boss_relics":[],"items_purged_floors":[],"is_endless":false,"potions_floor_spawned":[3,7,11],"killed_by":"Slime Boss","ascension_level":0}}