{"host":"51fyd6gkml7xavq8","time":1609393540,"event":{"mods":["BaseMod","BetterRewards","Colored Map","Energized Spire","Infinite Spire","Minty Spire (QoL Compilation)","Replay The Spire","Shop Mod","Spicy Shops","StSLib","The Blue Laboratory","[IsaacMod]????"],"gold_per_floor":[116,135,135,35,35,64,14,31,31,66,116,116,126,1,1,103,103,116,134,134,134,134,149,149,161,210,210,228,261,261,274,274,372,372,386,301,301,45,65,65,93,93,93,112,112,129,144,175,175,175],"floor_reached":51,"playtime":2470,"items_purged":["Dualcast","Defend_B","Strike_B","Decay","Strike_B+1"],"score":1355,"play_id":"ad6b96d9-69e6-4261-830f-cd0440dfd699","local_time":"20201231024540","is_ascension_mode":true,"campfire_choices":[{"floor":15,"key":"REST"},{"data":"Defragment","floor":24,"key":"SMITH"},{"data":"Electrodynamics","floor":27,"key":"SMITH"},{"data":"Streamline","floor":30,"key":"SMITH"},{"data":"Ball Lightning","floor":32,"key":"SMITH"},{"data":"Loop","floor":40,"key":"SMITH"},{"data":"Defend_B","floor":42,"key":"SMITH"},{"data":"Defend_B","floor":45,"key":"SMITH"},{"floor":49,"key":"REST"}],"circlet_count":0,"master_deck":["Defend_B+1","Defend_B+1","Zap+1","Echo Form","Electrodynamics+1","Gash+1","Defragment+1","Force Field+1","Streamline+1","Ball Lightning+1","Loop+1","Loop+1","FIFO Queue+1","Capacitor"],"relics":["Cracked Core","HushsDoor","SatanicBible","infinitespire:CursedDice","Calipers","BookofShadows","BelialBook","Iron Hammer","Geode","energizedSpire:OgreHead","Shuriken","Bottled Tornado","infinitespire:Cupcake","Prayer Wheel","MerchantsRug","ReplayTheSpireMod:CursedCoin","SteamSale","Mirror","Mummified Hand","Damocles"],"acts_visited":["Exordium","TheCity","TheBeyond"],"potions_floor_usage":[33],"damage_taken":[{"damage":10.0,"enemies":"Cultist","floor":1.0,"turns":4.0},{"damage":7.0,"enemies":"2 Louse","floor":2.0,"turns":4.0},{"damage":0.0,"enemies":"3 Sentries","floor":6.0,"turns":2.0},{"damage":12.0,"enemies":"Jaw Worm","floor":8.0,"turns":4.0},{"damage":11.0,"enemies":"Gremlin Nob","floor":10.0,"turns":4.0},{"damage":8.0,"enemies":"Hiden Room Battle","floor":11.0,"turns":2.0},{"damage":11.0,"enemies":"Exordium Thugs","floor":13.0,"turns":3.0},{"damage":0,"enemies":"Fading Forest","floor":16,"turns":9},{"damage":13,"enemies":"Shell Parasite","floor":18,"turns":4},{"damage":4,"enemies":"3 Byrds","floor":19,"turns":2},{"damage":4,"enemies":"Cultist and Chosen","floor":23,"turns":3},{"damage":3,"enemies":"Sentry and Sphere","floor":25,"turns":3},{"damage":7,"enemies":"Snecko","floor":28,"turns":4},{"damage":0,"enemies":"Gremlin Leader","floor":29,"turns":5},{"damage":6,"enemies":"Centurion and Healer","floor":31,"turns":3},{"damage":0,"enemies":"Automaton","floor":33,"turns":5},{"damage":0,"enemies":"Orb Walker","floor":35,"turns":2},{"damage":3,"enemies":"3 Shapes","floor":39,"turns":2},{"damage":27,"enemies":"Giant Head","floor":41,"turns":6},{"damage":5,"enemies":"3 Darklings","floor":44,"turns":1},{"damage":3,"enemies":"Jaw Worm Horde","floor":46,"turns":3},{"damage":11,"enemies":"Spire Growth","floor":47,"turns":3},{"damage":28,"enemies":"Reptomancer","floor":48,"turns":4},{"damage":0,"enemies":"Donu and Deca","floor":50,"turns":3}],"seed_played":"-2055512249581717998","potions_obtained":[{"floor":1.0,"key":"Doom Potion"},{"floor":2.0,"key":"SpeedPotion"},{"floor":16,"key":"Fire Potion"},{"floor":18,"key":"Weak Potion"},{"floor":33,"key":"Energy Potion"},{"floor":35,"key":"blueLaboratory:ArtificerPotion"},{"floor":47,"key":"Explosive Potion"}],"is_trial":false,"path_per_floor":["M","M","?","$","T","E","?","M","T","E","?","?","M","$","R","B",null,"M","M","?","?","$","M","R","M","T","R","M","E","R","M","R","B",null,"M","$","?","$","M","R","E","R","T","M","R","M","M","E","R","B",null],"character_chosen":"DEFECT","items_purchased":["Echo Form","MerchantsRug","ReplayTheSpireMod:CursedCoin","SteamSale","Loop"],"campfire_rested":2,"item_purchase_floors":[0,36,36,38,38],"current_hp_per_floor":[59,52,52,52,52,52,52,40,40,29,21,21,10,10,32,32,75,62,58,58,58,58,54,54,51,51,51,44,44,44,38,38,38,75,75,75,75,75,72,72,45,45,45,40,40,37,26,27,49,49],"gold":175,"neow_bonus":"","is_daily":false,"chose_seed":false,"campfire_upgraded":7,"win_rate":0.0,"timestamp":1609393540,"path_taken":["M","?","?","$","?","E","?","M","T","E","?","?","M","?","R","BOSS","M","M","?","?","$","?","R","M","T","R","M","E","R","M","R","BOSS","M","$","?","$","M","R","E","R","T","M","R","M","M","E","R","BOSS"],"items_purchased_type":["Card","Relic","Relic","Relic","Card"],"build_version":"2020-12-22","purchased_purges":5,"victory":true,"max_hp_per_floor":[75,75,75,75,75,75,75,75,75,75,75,75,75,75,75,75,75,75,75,75,75,75,75,75,75,75,75,75,75,75,75,75,75,75,75,75,75,75,75,75,75,75,75,75,75,75,75,75,75,75],"card_choices":[{"not_picked":[],"picked":"Bomb","floor":0.0},{"not_picked":["Pulse","Rebound"],"picked":"Bomb","floor":1.0},{"not_picked":["Auto Shields","Doom and Gloom","Steam"],"picked":"SKIP","floor":2.0},{"not_picked":["Bomb","Conserve Battery"],"picked":"Electrodynamics","floor":6.0},{"not_picked":["BootSequence","Storm","Stack"],"picked":"SKIP","floor":8.0},{"not_picked":["Storm","Reboot","Turbo"],"picked":"SKIP","floor":10.0},{"not_picked":["Stack","Go for the Eyes"],"picked":"Gash","floor":11.0},{"not_picked":["Steam","Crystallizer"],"picked":"Defragment","floor":13.0},{"not_picked":["Streamline","Steam","Reprogram+1"],"picked":"SKIP","floor":18},{"not_picked":["Beam Cell","Coolheaded","BasicCrystalCard"],"picked":"SKIP","floor":19},{"not_picked":["Sweeping Beam+1","Compile Driver","Skim"],"picked":"SKIP","floor":23},{"not_picked":["BasicCrystalCard","Redo","Compile Driver"],"picked":"SKIP","floor":25},{"not_picked":["Rebound","Lockon"],"picked":"Force Field+1","floor":28},{"not_picked":["Ball Lightning","ReplaySort"],"picked":"Streamline","floor":29},{"not_picked":["Cold Snap","Go for the Eyes"],"picked":"Ball Lightning","floor":31},{"not_picked":["ElectricPowerLearning","Amplify"],"picked":"ReplayTheSpireMod:Fabricate Wheel","floor":33},{"not_picked":["Sweeping Beam+1","Leap+1","Compile Driver"],"picked":"SKIP","floor":35},{"not_picked":["Rip and Tear+1","Stack","Leap+1"],"picked":"SKIP","floor":35},{"not_picked":["Self Repair+1","Ball Lightning+1","Steam+1"],"picked":"SKIP","floor":39},{"not_picked":["Redo+1","Streamline+1","Darkness+1"],"picked":"SKIP","floor":39},{"not_picked":["Time Bomb","Core Surge","BasicCrystalCard+1"],"picked":"SKIP","floor":41},{"not_picked":["Mirror Shield","Turbo+1"],"picked":"Loop+1","floor":44},{"not_picked":["Turbo+1","Cancel+1","Gash"],"picked":"SKIP","floor":44},{"not_picked":["Turbo","Coolheaded+1"],"picked":"FIFO Queue+1","floor":46},{"not_picked":["Sunder+1","Ball Lightning","Scrape+1"],"picked":"SKIP","floor":46},{"not_picked":["Sweeping Beam","Consume"],"picked":"Capacitor","floor":47},{"not_picked":["Streamline+1","Panic Button+1","Go for the Eyes+1"],"picked":"SKIP","floor":47},{"not_picked":["Cancel+1","Redo","Compile Driver+1"],"picked":"SKIP","floor":48}],"player_experience":438108,"relics_obtained":[{"floor":5.0,"key":"infinitespire:CursedDice"},{"floor":6.0,"key":"Calipers"},{"floor":9.0,"key":"BookofShadows"},{"floor":10.0,"key":"BelialBook"},{"floor":11.0,"key":"Iron Hammer"},{"floor":11.0,"key":"Geode"},{"floor":26,"key":"Whetstone"},{"floor":29,"key":"Bottled Tornado"},{"floor":41,"key":"Mirror"},{"floor":43,"key":"Mummified Hand"},{"floor":48,"key":"Damocles"}],"event_choices":[{"cards_removed":["Strike_B"],"damage_healed":0.0,"max_hp_gain":0.0,"max_hp_loss":0.0,"gold_gain":0.0,"event_name":"The Cleric","player_choice":"Card Removal","floor":7.0,"gold_loss":50.0,"damage_taken":0.0},{"damage_healed":0.0,"max_hp_gain":0.0,"max_hp_loss":0.0,"gold_gain":0.0,"event_name":"HidenRoomEvent","player_choice":"Fight","floor":11.0,"gold_loss":0.0,"damage_taken":0.0},{"damage_healed":0.0,"max_hp_gain":0.0,"max_hp_loss":0.0,"gold_gain":0.0,"event_name":"Living Wall","player_choice":"Grow","floor":12.0,"gold_loss":0.0,"damage_taken":0.0,"cards_upgraded":["Zap"]},{"cards_removed":["Defend_B"],"damage_healed":0,"gold_gain":0,"player_choice":"Elegance","damage_taken":0,"max_hp_gain":0,"max_hp_loss":0,"event_name":"Back to Basics","floor":21,"gold_loss":0},{"damage_healed":0,"gold_gain":0,"player_choice":"Ignored","damage_taken":0,"max_hp_gain":0,"max_hp_loss":0,"event_name":"Tomb of Lord Red Mask","floor":37,"gold_loss":0}],"is_beta":false,"boss_relics":[{"not_picked":["energizedSpire:HugeHouse","energizedSpire:DeadBattery"],"picked":"energizedSpire:OgreHead"},{"not_picked":[]},{"not_picked":["energizedSpire:MagnifyingGlass","ReplayTheSpireMod:SealedPack"],"picked":"infinitespire:Cupcake"},{"not_picked":[]}],"items_purged_floors":[0,4,14,36,38],"is_endless":false,"potions_floor_spawned":[1,2,16,18,28,29,33,35,47],"ascension_level":3}}