{"host":"baymyijz6sxaqj5s","time":1609406785,"event":{"mods":["AchievementEnabler","BaseMod","Colored Map","Colored Powertips","DeckTracker","Highlight Path","KOR Keyword Fix","Keyboard Shortcuts","Minty Spire (QoL Compilation)","Quick Restart","StSLib","SuperFastMode"],"gold_per_floor":[117,67,84,84,116,128,154,186,198,227,250,274,306,318,330,447,459,487,203,215,140,150,150,150],"floor_reached":23,"playtime":829,"items_purged":["Strike_B"],"score":189,"play_id":"5bc350a0-acdc-41cd-9fb4-787d74af7e0d","local_time":"20201231182625","is_ascension_mode":false,"campfire_choices":[{"data":"Dualcast","floor":6,"key":"SMITH"},{"floor":15,"key":"REST"}],"circlet_count":0,"master_deck":["Strike_B","Defend_B","Defend_B","Defend_B","Defend_B","Zap","Dualcast+1","Conserve Battery","Doom and Gloom","Redo","Chaos","Cold Snap","Compile Driver","Rainbow","Coolheaded+1","Leap","Stack","Defragment+1"],"relics":["Cracked Core","MawBank","Sundial","Nuclear Battery","Regal Pillow"],"acts_visited":["Exordium","TheCity"],"potions_floor_usage":[11,13,16,22],"damage_taken":[{"damage":0,"enemies":"2 Louse","floor":1,"turns":3},{"damage":1,"enemies":"Jaw Worm","floor":3,"turns":3},{"damage":0,"enemies":"Small Slimes","floor":5,"turns":3},{"damage":9,"enemies":"Exordium Wildlife","floor":7,"turns":5},{"damage":0,"enemies":"3 Louse","floor":8,"turns":4},{"damage":7,"enemies":"Blue Slaver","floor":10,"turns":3},{"damage":0,"enemies":"Exordium Wildlife","floor":11,"turns":1},{"damage":4,"enemies":"2 Fungi Beasts","floor":12,"turns":3},{"damage":0,"enemies":"Blue Slaver","floor":13,"turns":3},{"damage":27,"enemies":"Slime Boss","floor":16,"turns":7},{"damage":0,"enemies":"Chosen","floor":18,"turns":4},{"damage":8,"enemies":"Spheric Guardian","floor":20,"turns":4},{"damage":24,"enemies":"3 Cultists","floor":22,"turns":6},{"damage":62,"enemies":"Book of Stabbing","floor":23,"turns":8}],"seed_played":"-4484158797995837587","potions_obtained":[{"floor":7,"key":"EssenceOfSteel"},{"floor":10,"key":"DuplicationPotion"},{"floor":11,"key":"PowerPotion"},{"floor":20,"key":"Regen Potion"}],"is_trial":false,"path_per_floor":["M","?","M","?","M","R","M","M","T","M","M","M","M","?","R","B",null,"M","$","M","?","M","E"],"character_chosen":"DEFECT","items_purchased":["Regal Pillow","Leap","Stack"],"campfire_rested":1,"item_purchase_floors":[19,19,19],"current_hp_per_floor":[82,82,81,78,78,78,69,69,69,62,62,58,58,58,82,55,82,82,82,74,74,62,0,0],"gold":150,"neow_bonus":"TEN_PERCENT_HP_BONUS","is_daily":false,"chose_seed":false,"campfire_upgraded":1,"win_rate":0.0,"timestamp":1609406785,"path_taken":["M","?","M","?","M","R","M","M","T","M","M","M","?","?","R","BOSS","M","$","M","?","M","E"],"items_purchased_type":["Relic","Card","Card"],"build_version":"2020-12-22","purchased_purges":1,"victory":false,"max_hp_per_floor":[82,82,82,82,82,82,82,82,82,82,82,82,82,82,82,82,82,82,82,82,82,82,82,82],"card_choices":[{"not_picked":["Beam Cell","Chill"],"picked":"Conserve Battery","floor":1},{"not_picked":["Recycle","Coolheaded"],"picked":"Doom and Gloom","floor":3},{"not_picked":["Glacier","Tempest"],"picked":"Redo","floor":5},{"not_picked":["Turbo","Fusion","Hologram"],"picked":"SKIP","floor":7},{"not_picked":["Consume","Rebound","Barrage"],"picked":"SKIP","floor":8},{"not_picked":["Compile Driver","Doom and Gloom"],"picked":"Chaos","floor":10},{"not_picked":["Blizzard","Ball Lightning","Gash"],"picked":"SKIP","floor":11},{"not_picked":["Go for the Eyes","Rip and Tear"],"picked":"Cold Snap","floor":12},{"not_picked":["Hologram","Aggregate"],"picked":"Compile Driver","floor":13},{"not_picked":["Hyperbeam","Seek"],"picked":"Rainbow","floor":16},{"not_picked":["Conserve Battery","Lockon+1"],"picked":"Coolheaded+1","floor":18},{"not_picked":["Storm","Skim","Stack"],"picked":"SKIP","floor":20},{"not_picked":["Sweeping Beam+1","Static Discharge"],"picked":"Defragment+1","floor":22}],"player_experience":283120,"relics_obtained":[{"floor":9,"key":"Sundial"}],"event_choices":[{"cards_removed":["Strike_B"],"damage_healed":0,"gold_gain":0,"player_choice":"Card Removal","damage_taken":0,"max_hp_gain":0,"max_hp_loss":0,"event_name":"The Cleric","floor":2,"gold_loss":50},{"damage_healed":0,"gold_gain":0,"player_choice":"Success","damage_taken":3,"relics_obtained":["MawBank"],"max_hp_gain":0,"max_hp_loss":0,"event_name":"Scrap Ooze","floor":4,"gold_loss":0},{"damage_healed":0,"gold_gain":0,"player_choice":"Ignored","damage_taken":0,"max_hp_gain":0,"max_hp_loss":0,"event_name":"Golden Idol","floor":14,"gold_loss":0},{"cards_removed":["Strike_B"],"damage_healed":0,"gold_gain":0,"player_choice":"Gave Gold","damage_taken":0,"max_hp_gain":0,"max_hp_loss":0,"event_name":"Beggar","floor":21,"gold_loss":75}],"is_beta":false,"boss_relics":[{"not_picked":["Coffee Dripper","Tiny House"],"picked":"Nuclear Battery"}],"items_purged_floors":[19],"is_endless":false,"potions_floor_spawned":[7,10,11,20],"killed_by":"Book of Stabbing","ascension_level":0}}