{"host":"74rphcgmhz43g39u","time":1609401678,"event":{"mods":["Act Like it!","BaseMod","Colored Powertips","Gensokyo","Marisa£®ÏF”Í°°ƒß¿Ì…≥£©","Minty Spire (QoL Compilation)","Quick Restart","Reimu£®≤©¿ˆ¡È√Œ£©","Remilia£®¿Ÿ√◊¿Ú—«£©","StSLib"],"gold_per_floor":[110,125,136,152,152,152,185,205,230,230,242,276,289,320,320,393,393,412,425,0,250,130,130,158,5,5,21,31,215,225,225,225,300,300,312,327,327,327,277,277,309,325,325,112,112,112,112,128,128,378,378,378,378,107,142,142],"floor_reached":57,"playtime":4092,"items_purged":["ScarletDream","Pride"],"score":3009,"play_id":"bb402053-0c16-4df9-af5d-09db9eb20ae0","local_time":"20201231160118","is_ascension_mode":true,"campfire_choices":[{"data":"RedMoon","floor":6.0,"key":"SMITH"},{"floor":10.0,"key":"RECALL"},{"data":"BatForm","floor":15.0,"key":"SMITH"},{"data":"BombardNight","floor":23.0,"key":"SMITH"},{"data":"VampireSweep","floor":32.0,"key":"SMITH"},{"data":"CurseOfVladTepes","floor":40.0,"key":"SMITH"},{"data":"ScarletDream","floor":45.0,"key":"SMITH"},{"data":"BatForm","floor":47,"key":"SMITH"},{"data":"RedMagic","floor":49,"key":"SMITH"},{"data":"Gensokyo:PrivateSquare","floor":53,"key":"SMITH"}],"circlet_count":0,"master_deck":["AscendersBane","RedMoon+1","ScarletShoot+1","BombardNight+1","BatForm+1","VampireSweep+1","DemonKingCradle+1","MillenniumVampire+1","CurseOfVladTepes+1","ScarletNetherworld","BatForm+1","RedMagic+1","ScarletDream+1","AfternoonTea","Gensokyo:PrivateSquare+1","ScarletSymphony"],"relics":["ScarletHat","Mastiff:ReiMu","Bag of Preparation","Orichalcum","Smiling Mask","Coffee Dripper","Gensokyo:MaskOfHope","Anchor","Blood Vial","Happy Flower","Pocketwatch","Gensokyo:MosesMiracle","Pandora\u0027s Box","Gensokyo:TheCrow","Toy Ornithopter","Darkstone Periapt","OrangePellets","Ancient Tea Set","Bronze Scales","Frozen Eye","Ginger"],"acts_visited":["Exordium","Gensokyo:Gensokyo","Gensokyo:Gensokyoer","TheEnding"],"potions_floor_usage":[51,56,56],"damage_taken":[{"damage":0.0,"enemies":"Gensokyo:Python","floor":1.0,"turns":4.0},{"damage":3.0,"enemies":"Gensokyo:Gryphon","floor":2.0,"turns":8.0},{"damage":0.0,"enemies":"Gensokyo:2_Kodama","floor":3.0,"turns":8.0},{"damage":7.0,"enemies":"Gensokyo:VengefulSpirit","floor":4.0,"turns":6.0},{"damage":13.0,"enemies":"Gensokyo:Cirno","floor":7.0,"turns":8.0},{"damage":16.0,"enemies":"Gensokyo:LivingMonolith","floor":8.0,"turns":9.0},{"damage":6.0,"enemies":"Gensokyo:Kitsune","floor":11.0,"turns":6.0},{"damage":26.0,"enemies":"Gensokyo:Aya","floor":12.0,"turns":10.0},{"damage":0.0,"enemies":"Gensokyo:Gryphon_and_Rabbit","floor":13.0,"turns":21.0},{"damage":0.0,"enemies":"Gensokyo:Mamizou","floor":14.0,"turns":24.0},{"damage":7.0,"enemies":"Gensokyo:Yukari","floor":16.0,"turns":12.0},{"damage":2.0,"enemies":"Gensokyo:CosmicMonolith","floor":18.0,"turns":6.0},{"damage":12.0,"enemies":"Gensokyo:AngelMirror","floor":19.0,"turns":7.0},{"damage":5.0,"enemies":"Gensokyo:Koishi","floor":24.0,"turns":5.0},{"damage":1.0,"enemies":"Gensokyo:Swordslinger","floor":27.0,"turns":5.0},{"damage":13.0,"enemies":"Gensokyo:Slime_Group","floor":28.0,"turns":5.0},{"damage":42.0,"enemies":"Gensokyo:Tenshi","floor":29.0,"turns":6.0},{"damage":0.0,"enemies":"Gensokyo:Wraith","floor":30.0,"turns":6.0},{"damage":12.0,"enemies":"Gensokyo:Eiki","floor":33.0,"turns":10.0},{"damage":54.0,"enemies":"Gensokyo:3_Bats","floor":35.0,"turns":9.0},{"damage":0.0,"enemies":"Gensokyo:3_Boulders","floor":36.0,"turns":5.0},{"damage":2.0,"enemies":"Gensokyo:Kasen","floor":41.0,"turns":8.0},{"damage":0.0,"enemies":"Gensokyo:4_Bats","floor":42.0,"turns":4.0},{"damage":9,"enemies":"Gensokyo:Sharpion","floor":48,"turns":4},{"damage":20,"enemies":"Gensokyo:Shinki","floor":50,"turns":6},{"damage":0,"enemies":"Gensokyo:Scarlet_Devils","floor":51,"turns":6},{"damage":3,"enemies":"Shield and Spear","floor":55,"turns":6},{"damage":50,"enemies":"The Heart","floor":56,"turns":8}],"seed_played":"-4543826833627430197","potions_obtained":[{"floor":2.0,"key":"EssenceOfSteel"},{"floor":3.0,"key":"MagicPotion:ReiMu"},{"floor":12.0,"key":"MagicPotion:ReiMu"},{"floor":28.0,"key":"Fire Potion"},{"floor":42.0,"key":"DistilledChaos"}],"is_trial":false,"path_per_floor":["M","M","M","M","?","R","E","M","T","R","M","E","M","E","R","B",null,"M","M","?","?","?","R","E","COS","T","M","M","E","M","?","R","B",null,"M","M","?","?","$","R","E","M","T","COS","R","?","R","M","R","B","B",null,"R","$","E","B",null],"character_chosen":"REMILIA","items_purchased":["PowerPotion","Frozen Eye"],"campfire_rested":0,"item_purchase_floors":[54,54],"current_hp_per_floor":[63,61,63,56,56,56,43,30,30,30,30,15,30,39,39,45,59,63,54,54,54,54,54,58,58,58,58,47,27,35,35,35,47,55,58,58,58,58,58,58,58,58,58,58,58,58,58,57,57,55,58,58,58,58,58,28],"gold":142,"neow_bonus":"REMOVE_TWO","is_daily":false,"chose_seed":false,"campfire_upgraded":9,"win_rate":0.0,"timestamp":1609401678,"path_taken":["M","M","M","M","?","R","E","M","T","R","M","E","?","E","R","BOSS","M","?","?","?","?","R","E","COS","T","M","M","E","?","?","R","BOSS","M","M","?","?","$","R","E","M","T","COS","R","?","R","M","R","BOSS","BOSS","R","$","E","BOSS"],"items_purchased_type":["Potion","Relic"],"build_version":"2020-12-22","purchased_purges":2,"victory":true,"max_hp_per_floor":[63,63,63,63,63,63,63,63,63,63,63,63,63,63,63,63,63,63,63,63,58,58,58,58,58,58,58,58,58,58,58,58,58,58,58,58,58,58,58,58,58,58,58,58,58,58,58,58,58,58,58,58,58,58,58,58],"card_choices":[{"not_picked":["ScarletImprint","DiffusionOfMisfortune","StarOfDavid"],"picked":"SKIP","floor":1.0},{"not_picked":["BloodyTrap","MastersStateliness","ScarletDevil"],"picked":"SKIP","floor":2.0},{"not_picked":["BombardNight","UnderTheZenith","MastersStateliness"],"picked":"SKIP","floor":3.0},{"not_picked":["UnderTheZenith","MastersStateliness"],"picked":"BombardNight","floor":3.0},{"not_picked":["NightDance","ScarletDevil","UnderTheZenith"],"picked":"SKIP","floor":4.0},{"not_picked":["NightDance","ScarletDevil","UnderTheZenith"],"picked":"SKIP","floor":4.0},{"not_picked":["BlasphemousPunishment","NightDance","ScarletImprint"],"picked":"SKIP","floor":7.0},{"not_picked":["RedRainbow","VampireFantasy","MastersStateliness"],"picked":"SKIP","floor":8.0},{"not_picked":["EndlessAdversity","StarOfDavid","RedRainbow"],"picked":"SKIP","floor":11.0},{"not_picked":["ScarletImprint","UnderTheZenith"],"picked":"BatForm","floor":12.0},{"not_picked":["HunterOfTheNight","NightLord"],"picked":"VampireSweep","floor":13.0},{"not_picked":["VampireClaw","BloodHunter","BadLadyScramble"],"picked":"SKIP","floor":14.0},{"not_picked":["CurseOfVladTepes","CeilingFear"],"picked":"DemonKingCradle","floor":16.0},{"not_picked":["UnderTheZenith","UnstableMagic","VampirishNight"],"picked":"SKIP","floor":18.0},{"not_picked":["NightLord","Stigmanizer","CharismaGuard"],"picked":"SKIP","floor":19.0},{"not_picked":["NightDance","DiffusionOfMisfortune","StarOfDavid"],"picked":"SKIP","floor":24.0},{"not_picked":["FitfulNightmare","RedNightlessCastle","StarOfDavid"],"picked":"SKIP","floor":27.0},{"not_picked":["MillenniumVampire","BloodHunter","Septette"],"picked":"SKIP","floor":28.0},{"not_picked":["EndlessAdversity","RedNightlessCastle","BlasphemousPunishment"],"picked":"SKIP","floor":29.0},{"not_picked":["BloodHunter","UnderTheZenith"],"picked":"MillenniumVampire+1","floor":30.0},{"not_picked":["EquivalentExchange","ForecastOfChange"],"picked":"CurseOfVladTepes","floor":33.0},{"not_picked":["NightDance","VampireKiss+1","BombardNight"],"picked":"SKIP","floor":35.0},{"not_picked":["BloodyTrap","ReincarnationDial","AfternoonTea+1"],"picked":"SKIP","floor":36.0},{"not_picked":["BloodHunter","ScarletDevilSign","BloodRain"],"picked":"SKIP","floor":41.0},{"not_picked":["FavorOfDestiny","VampireKiss","ScarletDevil"],"picked":"SKIP","floor":42.0},{"not_picked":["CharismaGuard+1","DevilSight","UltimateOffering"],"picked":"SKIP","floor":48},{"not_picked":["VampireKiss","Ultimatum"],"picked":"ScarletSymphony","floor":55}],"player_experience":1093310,"relics_obtained":[{"floor":7.0,"key":"Mastiff:ReiMu"},{"floor":9.0,"key":"Bag of Preparation"},{"floor":12.0,"key":"Orichalcum"},{"floor":14.0,"key":"Smiling Mask"},{"floor":24.0,"key":"Anchor"},{"floor":29.0,"key":"Happy Flower"},{"floor":36.0,"key":"Gensokyo:MosesMiracle"},{"floor":41.0,"key":"Toy Ornithopter"},{"floor":43.0,"key":"Darkstone Periapt"},{"floor":55,"key":"Ginger"}],"event_choices":[],"is_beta":false,"boss_relics":[{"not_picked":["SlaversCollar","Empty Cage"],"picked":"Coffee Dripper"},{"not_picked":["RedLine:ReiMu","Cursed Key"],"picked":"Pandora\u0027s Box"}],"items_purged_floors":[39,54],"is_endless":false,"potions_floor_spawned":[2,3,4,12,28,29,33,42,55],"ascension_level":20}}