{"host":"uxx7prhn9zlu6i2v","time":1609381141,"event":{"mods":["2.2 Compatiblity","AchievementEnabler","Act Like it!","Arknights The Spire","Bard","BaseMod","Better Altar","Better Match","Better Note","Better Sensory Stone","Better Skull","Better Third Choice","CapriCore","ChefMod","Colored Powertips","Conspire","Faster Ascension Climbing","Gensokyo","GifTheSpireLib","Hermit","Hubris","KomeijiMod","Lobotomy","LobotomyExtend","Marisa????????","Minty Spire (QoL Compilation)","Permanent Neow","Quick Restart","RNG Fix","Rare Cards Sparkle","Reimu??????","Relic Filter","Relic Sorter","Relic Stats","Replay The Spire","Reworked Bosses","Spicy Shops","StSLib","Stuff the Spire","The Blue Laboratory","The Bug Knight","The Immortal","Yakumo Yukari mod","??????REMEMod"],"gold_per_floor":[114,114,114,302,177,177,210,221,296,296,309,338,353,89,89,166,166,186,66,77,94,94,94,94,112,158,185,203,49,49,67,67,142,142,155,155,168,43,54,54,54,82,105,105,105,105,131,144,144,144,144],"floor_reached":50,"playtime":5047,"items_purged":["Clumsy"],"score":1181,"play_id":"7183a2ef-34b3-4af8-a00f-d85271e9a527","local_time":"20201230201901","is_ascension_mode":true,"campfire_choices":[{"data":"NB:ReiMu","floor":6.0,"key":"SMITH"},{"floor":15.0,"key":"REST"},{"data":"DependentForm:ReiMu","floor":23.0,"key":"SMITH"},{"floor":32.0,"key":"DIG"},{"floor":40.0,"key":"REST"},{"data":"PrepareRite:ReiMu","floor":44.0,"key":"SMITH"},{"floor":49.0,"key":"REST"}],"circlet_count":0,"master_deck":["AscendersBane","Strike_Lin:ReiMu+1","Strike_Lin:ReiMu","Strike_Lin:ReiMu","Defend_Lin:ReiMu","Defend_Lin:ReiMu","Defend_Lin:ReiMu","Defend_Lin:ReiMu","NB:ReiMu+1","PrepareRite:ReiMu+1","Gensokyo:CrescentMoonSlash+1","Free:ReiMu+1","TakeOff:ReiMu","VoidDream","TightArray:ReiMu","SubAcupoint:ReiMu","ats:Roar Of Ursus","OctopathBindingBorder2:ReiMu","RainPray2:ReiMu","SpiderBud","DependentForm:ReiMu+1","UniverseFragment","SpreadBorder2:ReiMu","MikOfLucky:ReiMu","Gensokyo:TekeTeke","Amulet:ReiMu","SpreadBorder2:ReiMu","FantasyMoon:ReiMu","SafetyPray:ReiMu","Gensokyo:ShootingStar+1","CleanRite:ReiMu","AirStrike:ReiMu+1","ShadowOfCrow2:ReiMu","ReplayTheSpireMod:Private Reserves+1","TightArray:ReiMu+1","Gensokyo:GreaterSplit","Doubt","SpreadBorder2:ReiMu","SpreadBorder2:ReiMu"],"relics":["FlyPower:ReiMu","REME_ComplimentaryCards","CogitoBucket","RabbitCall","LetterFromLob","Lantern","ats:Originium","Whetstone","hubris:SphereOfDissonance","Gensokyo:NagashiBinaDoll","SkyOrb:ReiMu","AdjustmentMirror","KyoryuNoHagoromo","Gensokyo:SpiderMask","Sundial","StuffTheSpire:NeowsTribute","Gensokyo:RedStar","HellTrain","Nunchaku","Tea:ReiMu","Anchor","hubris:RunicObelisk","TreeSap","AtMidnight","Iron Hammer","The Courier","Smiling Mask","hubris:FunFungus"],"acts_visited":["Gensokyo:Gensokyo","Gensokyo:Gensokyoer","Gensokyo:Gensokyoest"],"potions_floor_usage":[],"damage_taken":[{"damage":9.0,"enemies":"Gensokyo:Python","floor":1.0,"turns":6.0},{"damage":0.0,"enemies":"Gensokyo:Mamizou","floor":7.0,"turns":8.0},{"damage":0.0,"enemies":"Gensokyo:Gryphon","floor":8.0,"turns":4.0},{"damage":0.0,"enemies":"Gensokyo:2_Kodama","floor":11.0,"turns":3.0},{"damage":6.0,"enemies":"Gensokyo:Aya","floor":12.0,"turns":7.0},{"damage":12.0,"enemies":"Gensokyo:2_Rabbits","floor":13.0,"turns":4.0},{"damage":3.0,"enemies":"Gensokyo:Reimu","floor":16.0,"turns":7.0},{"damage":9.0,"enemies":"Gensokyo:2_Gloops","floor":18.0,"turns":9.0},{"damage":3.0,"enemies":"Gensokyo:CosmicMonolith","floor":20.0,"turns":6.0},{"damage":0.0,"enemies":"Gensokyo:Chomper_and_Gloop","floor":21.0,"turns":3.0},{"damage":2.0,"enemies":"Gensokyo:Slime_Group","floor":25.0,"turns":7.0},{"damage":18.0,"enemies":"Gensokyo:Reisen","floor":27.0,"turns":10.0},{"damage":9.0,"enemies":"Gensokyo:Swordslinger","floor":28.0,"turns":4.0},{"damage":7.0,"enemies":"Gensokyo:Chomper_and_Gloop","floor":31.0,"turns":6.0},{"damage":5.0,"enemies":"Gensokyo:Eternal_Rivals","floor":33.0,"turns":9.0},{"damage":0.0,"enemies":"Gensokyo:3_Bats","floor":35.0,"turns":5.0},{"damage":14.0,"enemies":"Gensokyo:AncientGuardian","floor":37.0,"turns":6.0},{"damage":2.0,"enemies":"Gensokyo:3_Boulders","floor":39.0,"turns":4.0},{"damage":0.0,"enemies":"Gensokyo:Marisa","floor":42.0,"turns":7.0},{"damage":19.0,"enemies":"Gensokyo:Kasen","floor":47.0,"turns":6.0},{"damage":4.0,"enemies":"Gensokyo:AtlasGolem","floor":48.0,"turns":7.0},{"damage":2,"enemies":"Gensokyo:Yuyuko","floor":50,"turns":5}],"seed_played":"7862895471680506548","potions_obtained":[{"floor":1.0,"key":"Milkshake"},{"floor":8.0,"key":"LiquidFlight:ReiMu"},{"floor":13.0,"key":"EntropicBrew"},{"floor":16.0,"key":"Cursed Concoction"},{"floor":18.0,"key":"Swift Potion"},{"floor":31.0,"key":"DuplicationPotion"},{"floor":33.0,"key":"MagicPotion:ReiMu"},{"floor":39.0,"key":"HakureiPotion:ReiMu"},{"floor":47.0,"key":"SpeedPotion"}],"is_trial":false,"path_per_floor":["M","?","T","?","?","R","E","M","T","?","M","E","M","COS","R","B",null,"M","?","M","M","?","R","?","M","T","E","M","$","?","M","R","B",null,"M","?","M","?","M","R","?","E","T","R","?","?","E","M","R","B"],"character_chosen":"REIMU","items_purchased":["FantasyMoon:ReiMu"],"campfire_rested":3,"item_purchase_floors":[29],"current_hp_per_floor":[45,33,33,19,19,19,19,19,19,19,19,13,1,1,19,16,49,40,40,37,37,37,37,37,35,35,36,27,27,28,21,21,42,50,50,50,36,36,34,49,36,36,36,36,37,37,18,18,33,0,0],"gold":144,"neow_bonus":"","is_daily":false,"chose_seed":false,"campfire_upgraded":3,"win_rate":0.0,"timestamp":1609381141,"path_taken":["M","?","?","?","?","R","E","?","T","?","?","E","M","COS","R","BOSS","M","?","?","M","?","R","?","?","T","E","M","$","?","M","R","BOSS","M","?","M","?","?","R","?","E","T","R","?","?","E","M","R","BOSS"],"items_purchased_type":["Card"],"build_version":"2020-12-22","purchased_purges":1,"victory":false,"max_hp_per_floor":[60,60,60,60,60,60,60,60,60,60,60,60,60,60,60,60,60,60,60,60,60,60,60,53,53,53,53,53,53,53,53,53,53,53,53,53,53,53,53,53,53,53,53,53,53,53,53,53,53,1,1],"relic_stats":{"Nunchaku":[6],"counters":[25,133],"Sundial":[4],"Whetstone":["Strike_Lin:ReiMu","Gensokyo:CrescentMoonSlash"],"Smiling Mask":0,"obtain_stats":[{"RabbitCall":0,"Lantern":3,"Tea:ReiMu":27,"Gensokyo:SpiderMask":19,"Gensokyo:NagashiBinaDoll":10,"Whetstone":7,"AdjustmentMirror":13,"hubris:RunicObelisk":34,"Smiling Mask":43,"CogitoBucket":0,"Nunchaku":26,"Sundial":20,"TreeSap":35,"Iron Hammer":41,"hubris:FunFungus":47,"StuffTheSpire:NeowsTribute":21,"hubris:SphereOfDissonance":9,"The Courier":42,"KyoryuNoHagoromo":17,"Gensokyo:RedStar":22,"Anchor":32,"ats:Originium":7,"AtMidnight":35,"LetterFromLob":1,"SkyOrb:ReiMu":12,"HellTrain":25,"FlyPower:ReiMu":0,"REME_ComplimentaryCards":0},{"RabbitCall":0,"Lantern":1,"Tea:ReiMu":14,"Gensokyo:SpiderMask":9,"Gensokyo:NagashiBinaDoll":3,"Whetstone":2,"AdjustmentMirror":7,"hubris:RunicObelisk":17,"Smiling Mask":22,"CogitoBucket":0,"Nunchaku":13,"Sundial":10,"TreeSap":19,"Iron Hammer":21,"hubris:FunFungus":23,"StuffTheSpire:NeowsTribute":11,"hubris:SphereOfDissonance":3,"The Courier":22,"KyoryuNoHagoromo":8,"Gensokyo:RedStar":11,"Anchor":16,"ats:Originium":2,"AtMidnight":19,"LetterFromLob":1,"SkyOrb:ReiMu":5,"HellTrain":13,"FlyPower:ReiMu":0,"REME_ComplimentaryCards":0},{"RabbitCall":0,"Lantern":6,"Tea:ReiMu":74,"Gensokyo:SpiderMask":48,"Gensokyo:NagashiBinaDoll":18,"Whetstone":14,"AdjustmentMirror":33,"hubris:RunicObelisk":93,"Smiling Mask":115,"CogitoBucket":0,"Nunchaku":65,"Sundial":53,"TreeSap":99,"Iron Hammer":108,"hubris:FunFungus":121,"StuffTheSpire:NeowsTribute":56,"hubris:SphereOfDissonance":18,"The Courier":115,"KyoryuNoHagoromo":40,"Gensokyo:RedStar":57,"Anchor":84,"ats:Originium":14,"AtMidnight":99,"LetterFromLob":6,"SkyOrb:ReiMu":28,"HellTrain":65,"FlyPower:ReiMu":0,"REME_ComplimentaryCards":0}]},"card_choices":[{"not_picked":["SingingMachine","BigBird","PunishingBird"],"picked":"Singing Bowl","floor":1.0},{"not_picked":["Meditation:ReiMu","KyokaiOfKami:ReiMu"],"picked":"PrepareRite:ReiMu","floor":1.0},{"not_picked":["BlastKick2:ReiMu+1","Dreaming:ReiMu+1"],"picked":"Free:ReiMu+1","floor":5.0},{"not_picked":["CrumblingArmor","Murderer","Scorched"],"picked":"Singing Bowl","floor":7.0},{"not_picked":["OrbThrow:ReiMu","Crusade:ReiMu"],"picked":"TakeOff:ReiMu","floor":7.0},{"not_picked":["Scorched","CrumblingArmor"],"picked":"VoidDream","floor":8.0},{"not_picked":["Dreaming2:ReiMu","SubAcupoint:ReiMu"],"picked":"TightArray:ReiMu","floor":8.0},{"not_picked":["WallGazer","Bloodbath","QueenBee"],"picked":"Singing Bowl","floor":11.0},{"not_picked":["SpreadBorder2:ReiMu","TightArray:ReiMu"],"picked":"SubAcupoint:ReiMu","floor":11.0},{"not_picked":["Funeral","MHz","FairyFestival"],"picked":"Singing Bowl","floor":12.0},{"not_picked":["SpringWay:ReiMu","CareerPray:ReiMu"],"picked":"OctopathBindingBorder2:ReiMu","floor":12.0},{"not_picked":["Murderer","Bloodbath","OSAHOGD"],"picked":"Singing Bowl","floor":13.0},{"not_picked":["SubAcupoint:ReiMu","KamiSacrifice:ReiMu"],"picked":"RainPray2:ReiMu","floor":13.0},{"not_picked":["Scorched","Funeral"],"picked":"SpiderBud","floor":16.0},{"not_picked":["CleanRite:ReiMu","YinYang:ReiMu"],"picked":"DependentForm:ReiMu","floor":16.0},{"not_picked":["Laetitia","Bloodbath","Yin"],"picked":"Singing Bowl","floor":18.0},{"not_picked":["QueenBee","PunishingBird"],"picked":"UniverseFragment","floor":18.0},{"not_picked":["SubcavityInstant:ReiMu","SubAcupoint:ReiMu"],"picked":"SpreadBorder2:ReiMu","floor":18.0},{"not_picked":["Scorched","BigBird","Variant"],"picked":"Singing Bowl","floor":20.0},{"not_picked":["EmergencyTakeOff:ReiMu+1","Dreaming2:ReiMu"],"picked":"MikOfLucky:ReiMu","floor":20.0},{"not_picked":["FairyFestival","Murderer","MHz"],"picked":"Singing Bowl","floor":21.0},{"not_picked":["OctopathBindingBorder2:ReiMu","ManaGlint:ReiMu","Dreaming2:ReiMu"],"picked":"SKIP","floor":21.0},{"not_picked":["Gensokyo:SpontaneousHumanCombustion","Gensokyo:EightFeetTall"],"picked":"Gensokyo:TekeTeke","floor":24.0},{"not_picked":["QueenOfHatred","Woodsman","HappyTeddy"],"picked":"Singing Bowl","floor":25.0},{"not_picked":["TightArray:ReiMu","Meditation:ReiMu"],"picked":"Amulet:ReiMu","floor":25.0},{"not_picked":["Rudolta","OldLady","DreamingCurrent"],"picked":"Singing Bowl","floor":27.0},{"not_picked":["Crusade:ReiMu","KyokaiOfKami:ReiMu","MountainWay:ReiMu"],"picked":"SKIP","floor":27.0},{"not_picked":["Laetitia","Bloodbath","Alriune"],"picked":"Singing Bowl","floor":28.0},{"not_picked":["Amulet:ReiMu","ShadowOfCrow2:ReiMu"],"picked":"SpreadBorder2:ReiMu","floor":28.0},{"not_picked":["GreedKing","BodiesMountain","OSAHOGD"],"picked":"Singing Bowl","floor":31.0},{"not_picked":["Conquer:ReiMu+1","SpringWay:ReiMu+1"],"picked":"SafetyPray:ReiMu","floor":31.0},{"not_picked":["BeautyBeast","LaLuna","Scorched"],"picked":"Singing Bowl","floor":33.0},{"not_picked":[],"picked":"Gensokyo:ShootingStar","floor":33.0},{"not_picked":["OctopathSalyBorderN:ReiMu","Authority:ReiMu"],"picked":"CleanRite:ReiMu","floor":33.0},{"not_picked":["OldLady","BlackSwan","Mercenary"],"picked":"Singing Bowl","floor":35.0},{"not_picked":["UpKicking:ReiMu","AlertArray:ReiMu"],"picked":"AirStrike:ReiMu+1","floor":35.0},{"not_picked":["CENSORED","GreedKing","OldLady"],"picked":"Singing Bowl","floor":37.0},{"not_picked":["Enchanting:ReiMu","TakeOff:ReiMu"],"picked":"ShadowOfCrow2:ReiMu","floor":37.0},{"not_picked":["Jack Of All Trades+1","Survey Options+1"],"picked":"ReplayTheSpireMod:Private Reserves+1","floor":38.0},{"not_picked":["WonderfulDomain:ReiMu+1","Meditation:ReiMu+1"],"picked":"TightArray:ReiMu+1","floor":38.0},{"not_picked":["BodiesMountain","Yin","Funeral"],"picked":"Singing Bowl","floor":39.0},{"not_picked":["Dreaming2:ReiMu","Conquer:ReiMu","ForcedLanding:ReiMu"],"picked":"SKIP","floor":39.0},{"not_picked":["Murderer","WhiteNight","SingingMachine"],"picked":"Singing Bowl","floor":42.0},{"not_picked":["KamiSacrifice:ReiMu","RunawayExorcism:ReiMu","ForcedLanding:ReiMu"],"picked":"SKIP","floor":42.0},{"not_picked":["BodiesMountain","OSAHOGD","Woodsman"],"picked":"Singing Bowl","floor":47.0},{"not_picked":["PrepareRite:ReiMu","HakureiPhantom:ReiMu"],"picked":"SpreadBorder2:ReiMu","floor":47.0},{"not_picked":["BlackArmy","Yin","HeroicMonk"],"picked":"Singing Bowl","floor":48.0},{"not_picked":["UniversalSpiritual:ReiMu","WonderfulDomain:ReiMu"],"picked":"SpreadBorder2:ReiMu","floor":48.0}],"player_experience":1410491,"relics_obtained":[{"floor":1.0,"key":"LetterFromLob"},{"floor":3.0,"key":"Lantern"},{"floor":7.0,"key":"ats:Originium"},{"floor":7.0,"key":"Whetstone"},{"floor":9.0,"key":"hubris:SphereOfDissonance"},{"floor":12.0,"key":"ats:Originium"},{"floor":12.0,"key":"SkyOrb:ReiMu"},{"floor":26.0,"key":"Nunchaku"},{"floor":27.0,"key":"ats:Originium"},{"floor":27.0,"key":"Tea:ReiMu"},{"floor":32.0,"key":"Anchor"},{"floor":35.0,"key":"AtMidnight"},{"floor":42.0,"key":"The Courier"},{"floor":43.0,"key":"Smiling Mask"},{"floor":47.0,"key":"hubris:FunFungus"}],"event_choices":[{"damage_healed":0.0,"max_hp_gain":0.0,"max_hp_loss":0.0,"gold_gain":188.0,"event_name":"betterSkull:BetterSkull","player_choice":"GO GO ","floor":4.0,"gold_loss":0.0,"damage_taken":16.0,"cards_upgraded":[],"relics_obtained":[]},{"damage_healed":0.0,"max_hp_gain":0.0,"max_hp_loss":0.0,"gold_gain":0.0,"event_name":"betterMatch:BetterMatch","player_choice":"2","floor":5.0,"gold_loss":0.0,"damage_taken":0.0,"cards_obtained":["betterMatch:RareCard"]},{"damage_healed":1.0,"max_hp_gain":0.0,"max_hp_loss":0.0,"gold_gain":0.0,"event_name":"betterSkull:BetterSkull","player_choice":"LEAVE ","floor":30.0,"gold_loss":0.0,"damage_taken":0.0,"cards_upgraded":[],"relics_obtained":[]},{"damage_healed":1.0,"max_hp_gain":0.0,"max_hp_loss":0.0,"gold_gain":0.0,"event_name":"betterSkull:BetterSkull","player_choice":"LEAVE ","floor":30.0,"gold_loss":0.0,"damage_taken":0.0,"cards_upgraded":[],"relics_obtained":[]},{"damage_healed":0.0,"max_hp_gain":0.0,"max_hp_loss":0.0,"gold_gain":0.0,"event_name":"betterMatch:BetterMatch","player_choice":"2","floor":38.0,"gold_loss":0.0,"damage_taken":0.0,"cards_obtained":["betterMatch:ColorlessUncommonCard","betterMatch:CommonCard"]},{"damage_healed":1.0,"max_hp_gain":0.0,"max_hp_loss":0.0,"gold_gain":0.0,"event_name":"betterSkull:BetterSkull","player_choice":"LEAVE ","floor":45.0,"gold_loss":0.0,"damage_taken":0.0,"cards_upgraded":[],"relics_obtained":[]}],"is_beta":false,"boss_relics":[{"not_picked":["Kintsugi","conspire:RunicOctahedron"],"picked":"KyoryuNoHagoromo"},{"not_picked":["Empty Cage","Ring of Chaos"],"picked":"hubris:RunicObelisk"}],"items_purged_floors":[29],"is_endless":false,"potions_floor_spawned":[1,8,13,16,18,31,33,39,47,48],"killed_by":"Gensokyo:Yuyuko","ascension_level":20}}