{"host":"78zdngn0u28jm0pp","time":1609390145,"event":{"mods":["BaseMod","Jorbs\u0027s Wanderer Trilogy","Minty Spire (QoL Compilation)","Permanent Neow","Quick Restart","Relic Stats","StSLib","Unceasing Turn Reminder"],"gold_per_floor":[118,118,6,16,26,26,41,71,71,71,87,114,133,2,2,2,2],"floor_reached":16,"playtime":1071,"items_purged":["Strike_G"],"score":204,"play_id":"e9bbf62f-7dba-4209-9311-61172e4b3b8f","local_time":"20201230214905","is_ascension_mode":true,"campfire_choices":[{"data":"Deadly Poison","floor":6,"key":"SMITH"},{"floor":10,"key":"REST"},{"floor":15,"key":"REST"}],"circlet_count":0,"master_deck":["AscendersBane","Strike_G","Strike_G","Strike_G","Strike_G+1","Defend_G","Defend_G","Defend_G","Defend_G+1","Defend_G","Survivor","Neutralize","Dagger Spray","Blade Dance","Deadly Poison+1","Deadly Poison","Acrobatics","Noxious Fumes","Slice","Bane"],"relics":["Sozu","Anchor","Letter Opener"],"acts_visited":["Exordium"],"potions_floor_usage":[],"damage_taken":[{"damage":0,"enemies":"2 Louse","floor":1,"turns":3},{"damage":0,"enemies":"Jaw Worm","floor":4,"turns":3},{"damage":1,"enemies":"Cultist","floor":5,"turns":4},{"damage":0,"enemies":"Looter","floor":7,"turns":2},{"damage":15,"enemies":"Exordium Wildlife","floor":11,"turns":4},{"damage":19,"enemies":"Lagavulin","floor":12,"turns":7},{"damage":3,"enemies":"Exordium Thugs","floor":13,"turns":3},{"damage":42,"enemies":"Slime Boss","floor":16,"turns":7}],"seed_played":"-7794972936354981442","potions_obtained":[],"is_trial":false,"path_per_floor":["M","?","?","M","M","R","M","?","T","R","M","E","M","$","R","B"],"character_chosen":"THE_SILENT","items_purchased":["Bane"],"campfire_rested":2,"item_purchase_floors":[14],"current_hp_per_floor":[59,39,39,39,38,38,38,38,38,57,42,23,20,20,39,0,0],"gold":2,"neow_bonus":"BOSS_RELIC","is_daily":false,"chose_seed":false,"campfire_upgraded":1,"win_rate":0.0,"timestamp":1609390145,"path_taken":["M","?","?","M","?","R","M","?","T","R","M","E","M","?","R","BOSS"],"items_purchased_type":["Card"],"build_version":"2020-12-22","purchased_purges":1,"victory":false,"max_hp_per_floor":[66,66,66,66,66,66,66,66,66,66,66,66,66,66,66,66,66],"relic_stats":{"Sozu":3,"counters":[8,33],"Letter Opener":[24],"obtain_stats":[{"Sozu":0,"Anchor":3,"Letter Opener":12,"Ring of the Snake":0},{"Sozu":0,"Anchor":1,"Letter Opener":6,"Ring of the Snake":0},{"Sozu":0,"Anchor":3,"Letter Opener":23,"Ring of the Snake":0}]},"card_choices":[{"not_picked":["Deflect","Cloak And Dagger"],"picked":"Dagger Spray","floor":1},{"not_picked":["Deadly Poison","Accuracy"],"picked":"Blade Dance","floor":4},{"not_picked":["Setup","Distraction"],"picked":"Deadly Poison","floor":5},{"not_picked":["Underhanded Strike","Blade Dance"],"picked":"Deadly Poison","floor":7},{"not_picked":["Reflex","Expertise"],"picked":"Acrobatics","floor":11},{"not_picked":["Bane","Tactician"],"picked":"Noxious Fumes","floor":12},{"not_picked":["Deflect","Bullet Time"],"picked":"Slice","floor":13}],"player_experience":745233,"relics_obtained":[{"floor":12,"key":"Letter Opener"}],"event_choices":[{"damage_healed":0,"gold_gain":0,"player_choice":"Entered Light","damage_taken":20,"max_hp_gain":0,"max_hp_loss":0,"event_name":"Shining Light","floor":2,"gold_loss":0,"cards_upgraded":["Defend_G","Strike_G"]},{"damage_healed":0,"gold_gain":0,"player_choice":"Paid Gold","damage_taken":0,"relics_obtained":["Anchor"],"max_hp_gain":0,"max_hp_loss":0,"event_name":"WeMeetAgain","floor":3,"gold_loss":112},{"damage_healed":0,"gold_gain":30,"player_choice":"Searched \u00272\u0027 times","damage_taken":0,"max_hp_gain":0,"max_hp_loss":0,"event_name":"Dead Adventurer","floor":8,"gold_loss":0}],"is_beta":false,"boss_relics":[],"items_purged_floors":[14],"is_endless":false,"potions_floor_spawned":[4,7,13],"killed_by":"Slime Boss","ascension_level":20}}