{"host":"g7trc0x2teqyd8ye","time":1609450554,"event":{"mods":["BaseMod","Key Reminder","Minty Spire (QoL Compilation)","Relic Stats"],"gold_per_floor":[118,134,134,409,432,470,489,489,541,541,46,46,64,38,38,38,38],"floor_reached":16,"playtime":335,"items_purged":["Strike_R"],"score":194,"play_id":"b3686b56-a090-4199-aa63-12db34da052b","local_time":"20201231223554","is_ascension_mode":true,"campfire_choices":[{"floor":10,"key":"REST"},{"data":"Bash","floor":12,"key":"SMITH"},{"floor":15,"key":"REST"}],"circlet_count":0,"master_deck":["AscendersBane","Strike_R","Strike_R","Strike_R","Strike_R","Defend_R","Defend_R","Defend_R","Defend_R","Bash+1","Clothesline","Shrug It Off","Injury","Combust","Carnage","Hemokinesis","Double Tap","Dark Embrace","Blood for Blood","Warcry"],"relics":["Burning Blood","NeowsBlessing","Golden Idol","Sundial","Spirit Poop","Potion Belt","Tiny Chest"],"acts_visited":["Exordium"],"potions_floor_usage":[6,16,16],"damage_taken":[{"damage":0,"enemies":"Cultist","floor":1,"turns":1},{"damage":0,"enemies":"Small Slimes","floor":2,"turns":1},{"damage":0,"enemies":"2 Louse","floor":5,"turns":1},{"damage":49,"enemies":"Gremlin Nob","floor":6,"turns":5},{"damage":23,"enemies":"Exordium Thugs","floor":7,"turns":4},{"damage":18,"enemies":"Looter","floor":13,"turns":4},{"damage":49,"enemies":"Hexaghost","floor":16,"turns":7}],"seed_played":"7626311455782519476","potions_obtained":[{"floor":1,"key":"DistilledChaos"},{"floor":6,"key":"SteroidPotion"},{"floor":7,"key":"Fire Potion"}],"is_trial":false,"path_per_floor":["M","M","?","?","M","E","M","?","T","R","$","R","M","$","R","B"],"character_chosen":"IRONCLAD","items_purchased":["Double Tap","Tiny Chest","Dark Embrace","Warcry"],"campfire_rested":2,"item_purchase_floors":[11,11,11,14],"current_hp_per_floor":[74,75,75,75,75,32,15,15,15,37,37,37,25,25,47,0,0],"gold":38,"neow_bonus":"THREE_ENEMY_KILL","is_daily":false,"chose_seed":false,"campfire_upgraded":1,"win_rate":0.0,"timestamp":1609450554,"path_taken":["M","?","?","?","M","E","?","?","T","R","$","R","M","?","R","BOSS"],"items_purchased_type":["Card","Relic","Card","Card"],"build_version":"2020-12-22","purchased_purges":1,"victory":false,"max_hp_per_floor":[75,75,75,75,75,75,75,75,75,75,75,75,75,75,75,75,75],"relic_stats":{"counters":[7,23],"Golden Idol":21,"Sundial":[2],"Tiny Chest":0,"obtain_stats":[{"Potion Belt":9,"NeowsBlessing":0,"Golden Idol":3,"Sundial":6,"Spirit Poop":8,"Tiny Chest":11,"Burning Blood":0},{"Potion Belt":5,"NeowsBlessing":0,"Golden Idol":2,"Sundial":4,"Spirit Poop":5,"Tiny Chest":5,"Burning Blood":0},{"Potion Belt":12,"NeowsBlessing":0,"Golden Idol":2,"Sundial":8,"Spirit Poop":12,"Tiny Chest":12,"Burning Blood":0}],"Burning Blood":25},"card_choices":[{"not_picked":["Rage","Headbutt"],"picked":"Clothesline","floor":1},{"not_picked":["True Grit","Clash"],"picked":"Shrug It Off","floor":2},{"not_picked":["Iron Wave","Shrug It Off"],"picked":"Combust","floor":5},{"not_picked":["Cleave","Thunderclap"],"picked":"Carnage","floor":6},{"not_picked":["Perfected Strike","Body Slam"],"picked":"Hemokinesis","floor":7},{"not_picked":["Reckless Charge","Shrug It Off"],"picked":"Blood for Blood","floor":13}],"player_experience":848375,"relics_obtained":[{"floor":6,"key":"Sundial"},{"floor":9,"key":"Potion Belt"}],"event_choices":[{"damage_healed":0,"gold_gain":0,"player_choice":"Take Wound","damage_taken":0,"relics_obtained":["Golden Idol"],"max_hp_gain":0,"max_hp_loss":0,"event_name":"Golden Idol","floor":3,"gold_loss":0,"cards_obtained":["Injury"]},{"damage_healed":0,"gold_gain":275,"player_choice":"Desecrate","damage_taken":0,"max_hp_gain":0,"max_hp_loss":0,"event_name":"Golden Shrine","floor":4,"gold_loss":0,"cards_obtained":["Regret"]},{"cards_removed":["Regret"],"damage_healed":0,"gold_gain":0,"player_choice":"Offered Curse","damage_taken":0,"relics_obtained":["Spirit Poop"],"max_hp_gain":0,"max_hp_loss":0,"event_name":"Bonfire Elementals","floor":8,"gold_loss":0}],"is_beta":false,"boss_relics":[],"items_purged_floors":[11],"is_endless":false,"potions_floor_spawned":[1,6,7],"killed_by":"Hexaghost","ascension_level":19}}