{"host":"p6y17sixyu8q9v1f","time":1609401980,"event":{"mods":["BaseMod","Colored Map","Minty Spire (QoL Compilation)"],"gold_per_floor":[361,361,371,386,262,287,287,87,157,191,210,210,221,221,221,323,323,342,342,257,268,14,14,48,48,72,72,72],"floor_reached":27,"playtime":8006,"items_purged":["Defend_R","Defend_R"],"score":333,"play_id":"7abe8b11-8ab5-4f17-8469-e5f3eb4e98b9","local_time":"20201231020620","is_ascension_mode":true,"campfire_choices":[{"data":"Armaments","floor":7,"key":"SMITH"},{"data":"Heavy Blade","floor":12,"key":"SMITH"},{"floor":15,"key":"REST"},{"data":"1","floor":23,"key":"LIFT"}],"circlet_count":0,"master_deck":["Strike_R","Strike_R","Strike_R","Strike_R","Defend_R","Defend_R","Bash","Armaments+1","Whirlwind","Inflame","Flex","Demon Form","Heavy Blade+1","Bloodletting","CurseOfTheBell","Iron Wave"],"relics":["Burning Blood","Orichalcum","Brimstone","Question Card","Magic Flower","Calling Bell","Potion Belt","White Beast Statue","Girya","Happy Flower","Blood Vial","MealTicket","Bag of Preparation"],"acts_visited":["Exordium","TheCity"],"potions_floor_usage":[3,16,16,18,24,24,25,25],"damage_taken":[{"damage":1,"enemies":"Cultist","floor":1,"turns":4},{"damage":4,"enemies":"Jaw Worm","floor":3,"turns":4},{"damage":1,"enemies":"Small Slimes","floor":4,"turns":4},{"damage":32,"enemies":"Lagavulin","floor":6,"turns":8},{"damage":4,"enemies":"Gremlin Nob","floor":10,"turns":3},{"damage":11,"enemies":"Exordium Thugs","floor":11,"turns":3},{"damage":11,"enemies":"Red Slaver","floor":13,"turns":3},{"damage":19,"enemies":"The Guardian","floor":16,"turns":6},{"damage":44,"enemies":"3 Byrds","floor":18,"turns":6},{"damage":14,"enemies":"Chosen","floor":21,"turns":4},{"damage":31,"enemies":"Slavers","floor":24,"turns":3},{"damage":0,"enemies":"Snake Plant","floor":25,"turns":1},{"damage":44,"enemies":"Book of Stabbing","floor":27,"turns":3}],"seed_played":"9004306779706124822","potions_obtained":[{"floor":1,"key":"Energy Potion"},{"floor":3,"key":"SmokeBomb"},{"floor":11,"key":"DistilledChaos"},{"floor":13,"key":"Dexterity Potion"},{"floor":16,"key":"Dexterity Potion"},{"floor":18,"key":"CultistPotion"},{"floor":21,"key":"PowerPotion"},{"floor":24,"key":"DistilledChaos"}],"is_trial":false,"path_per_floor":["M","?","M","M","$","E","R","$","T","E","M","R","M","?","R","B",null,"M","?","?","M","$","R","E","M","T","E"],"character_chosen":"IRONCLAD","items_purchased":["Flex","Brimstone","Heavy Blade","Blood Vial"],"campfire_rested":1,"item_purchase_floors":[5,8,8,22],"current_hp_per_floor":[61,61,63,68,68,42,42,42,42,44,42,42,40,40,64,54,74,39,39,39,34,34,34,15,27,27,0,0],"gold":72,"neow_bonus":"TWO_FIFTY_GOLD","is_daily":false,"chose_seed":false,"campfire_upgraded":2,"win_rate":0.0,"timestamp":1609401980,"path_taken":["M","?","M","M","$","E","R","?","T","E","M","R","M","?","R","BOSS","M","?","?","M","$","R","E","?","T","E"],"items_purchased_type":["Card","Relic","Card","Relic"],"build_version":"2020-12-22","purchased_purges":2,"victory":false,"max_hp_per_floor":[80,80,80,80,80,80,80,80,80,80,80,80,80,80,80,80,80,80,80,80,80,80,80,80,80,80,80,80],"card_choices":[{"not_picked":["Cleave","True Grit"],"picked":"Armaments","floor":1},{"not_picked":["Anger","Thunderclap"],"picked":"Whirlwind","floor":3},{"not_picked":["Perfected Strike","Cleave"],"picked":"Inflame","floor":4},{"not_picked":["Shrug It Off","Sword Boomerang"],"picked":"Demon Form","floor":6},{"not_picked":["Combust","Body Slam","Hemokinesis"],"picked":"Bloodletting","floor":10},{"not_picked":["Thunderclap","Havoc","Heavy Blade","Wild Strike"],"picked":"SKIP","floor":11},{"not_picked":["Brutality","Sword Boomerang","Thunderclap","Pommel Strike"],"picked":"SKIP","floor":13},{"not_picked":["Sentinel","Metallicize","Searing Blow"],"picked":"Iron Wave","floor":18},{"not_picked":["Carnage+1","Body Slam","Second Wind","Combust"],"picked":"SKIP","floor":21},{"not_picked":["Impervious","Clothesline","Heavy Blade","Power Through"],"picked":"SKIP","floor":24}],"player_experience":800516,"relics_obtained":[{"floor":6,"key":"Orichalcum"},{"floor":9,"key":"Question Card"},{"floor":10,"key":"Magic Flower"},{"floor":17,"key":"Potion Belt"},{"floor":17,"key":"White Beast Statue"},{"floor":17,"key":"Girya"},{"floor":24,"key":"MealTicket"},{"floor":26,"key":"Bag of Preparation"}],"event_choices":[{"damage_healed":0,"gold_gain":0,"player_choice":"Bought 0 Potions","damage_taken":0,"max_hp_gain":0,"max_hp_loss":0,"event_name":"The Woman in Blue","floor":2,"gold_loss":0},{"cards_removed":["Strike_R"],"damage_healed":0,"gold_gain":0,"player_choice":"Purged","damage_taken":0,"max_hp_gain":0,"max_hp_loss":0,"event_name":"Purifier","floor":14,"gold_loss":0},{"damage_healed":0,"gold_gain":0,"player_choice":"Ignored","damage_taken":0,"max_hp_gain":0,"max_hp_loss":0,"event_name":"Ghosts","floor":19,"gold_loss":0},{"damage_healed":0,"gold_gain":0,"player_choice":"Obtained Relic","damage_taken":0,"relics_obtained":["Happy Flower"],"max_hp_gain":0,"max_hp_loss":0,"event_name":"Addict","floor":20,"gold_loss":85}],"is_beta":false,"boss_relics":[{"not_picked":["Runic Pyramid","Ectoplasm"],"picked":"Calling Bell"}],"items_purged_floors":[5,22],"is_endless":false,"potions_floor_spawned":[1,3,11,13,16,18,21,24,25],"killed_by":"Book of Stabbing","ascension_level":5}}