{"host":"1wc1t0a2rk7esptd","time":1609418204,"event":{"mods":["ATMod(阿瑾Mod)","Act Like it!","Arknights The Spire","Aspiration","Bard","BaseMod","Downfall","Friendly Minions","FutureSeer","Gensokyo","Gremlin Mod","Hermit","KinomotoSakuraMod(木之本樱)","Kiyohime（清姬）","Koishi","LagranYue(拉格朗・月)","Lobotomy","Mari Mod (Legacy)","Mari\u0027s V1 Patch","Marisa（F雨　魔理沙）","Minty Spire (QoL Compilation)","Pale of the Ancients","Remilia_Scarlet Moed（蕾米莉亚・斯卡雷特）3.3.5","Replay The Spire","Robot Space Explorer","RumiaBox-露米娅的神秘盒子","StSLib","The Administrix","The Alterego","The Animator","The Bladedancer","The Bug Knight","The Construct","The Cursed","The Gatherer","The Hierophant","The Marked","The Mystic","The Poker Player","The Runesmith","Yakumo Yukari mod","Youmu（魂魄妖梦）","Yuyuko","【功能Mod】混沌之环修复补丁","【功能Mod】聪明的最终Boss","【角色mod】十八桐人","【遗物卡牌】REMEMod"],"gold_per_floor":[114,114,114,114,90,90,90,90,115,2,12,12,28,61,61,163,163,173,273,276,289,10,10,20,40,67,67,67,67,92,110,110,110,110],"floor_reached":33,"playtime":2447,"items_purged":[],"score":265,"play_id":"5c299f47-2d50-4daf-a5b0-316947b37771","local_time":"20201231203644","is_ascension_mode":false,"campfire_choices":[{"data":"DeepEcoloBomb","floor":6,"key":"SMITH"},{"floor":8,"key":"RECALL"},{"data":"IllusionStar","floor":12,"key":"SMITH"},{"data":"UpSweep","floor":15,"key":"SMITH"},{"floor":23,"key":"REST"},{"floor":29,"key":"REST"},{"floor":32,"key":"REST"}],"circlet_count":0,"master_deck":["Strike_MRS","Strike_MRS","Strike_MRS","Strike_MRS","Defend_MRS","Defend_MRS","Defend_MRS","Defend_MRS","MasterSpark","UpSweep+1","6A","RemiliaMod:CWYW","Glass Knife","DeepEcoloBomb+1","IllusionStar+1","MagicAbsorber","MagicAbsorber","PowerUp","ShootTheMoon","EarthLightRay","AlicesGift","FinalSpark","AsteroidBelt","DarkSpark","MysteriousBeam","MysteriousBeam+1","REME_EyeOfCthun","WitchLeyline","EventHorizon+1","Replay:Hysterical Blindness","CasketOfStar","MagicChant"],"relics":["MiniHakkero","AT_ATBox","REME_ComplimentaryCards","LagranYue:RandomDrawCardRelic","AddBug","SecretRecord","Baka","SecretRecord","SecretRecord"],"acts_visited":["Exordium","TheCity"],"potions_floor_usage":[33],"damage_taken":[{"damage":6.0,"enemies":"Jaw Worm","floor":1.0,"turns":3.0},{"damage":1,"enemies":"2 Louse","floor":5,"turns":2},{"damage":2,"enemies":"Small Slimes","floor":11,"turns":4},{"damage":2,"enemies":"3 Louse","floor":13,"turns":3},{"damage":5,"enemies":"3 Sentries","floor":14,"turns":5},{"damage":48,"enemies":"Slime Boss","floor":16,"turns":11},{"damage":25,"enemies":"3 Byrds","floor":18,"turns":5},{"damage":16,"enemies":"2 Thieves","floor":20,"turns":5},{"damage":24,"enemies":"Centurion and Healer","floor":21,"turns":5},{"damage":31,"enemies":"Chosen and Byrds","floor":24,"turns":5},{"damage":0,"enemies":"Sentry and Sphere","floor":25,"turns":2},{"damage":20,"enemies":"HollowMod:Nosk","floor":30,"turns":7},{"damage":37,"enemies":"Centurion and Healer","floor":31,"turns":7},{"damage":56,"enemies":"Champ","floor":33,"turns":9}],"seed_played":"-6799380462956630157","potions_obtained":[{"floor":14,"key":"EssenceOfSteel"},{"floor":16,"key":"Strength Potion"},{"floor":18,"key":"ColorlessPotion"},{"floor":25,"key":"BlessingOfTheForge"}],"is_trial":false,"path_per_floor":["M","?","?","?","M","R","?","R","T","$","M","R","M","E","R","B",null,"M","?","M","M","$","R","M","M","T","T","?","R","E","M","R","B"],"character_chosen":"MARISA","items_purchased":["IllusionStar","MagicAbsorber","MysteriousBeam+1","Membership Card","REME_EyeOfCthun"],"campfire_rested":3,"item_purchase_floors":[10,10,22,22,22],"current_hp_per_floor":[62,62,89,86,85,85,85,85,85,85,83,83,81,81,81,38,89,69,69,59,41,41,67,36,36,36,36,36,62,48,17,43,0,0],"gold":110,"neow_bonus":"TWENTY_PERCENT_HP_BONUS","is_daily":false,"chose_seed":false,"campfire_upgraded":3,"win_rate":0.0,"timestamp":1609418204,"path_taken":["M","?","?","?","M","R","?","R","T","?","?","R","M","E","R","BOSS","M","?","M","M","$","R","M","?","T","?","?","R","E","M","R","BOSS"],"items_purchased_type":["Card","Card","Card","Relic","Card"],"build_version":"2020-12-22","purchased_purges":0,"victory":false,"max_hp_per_floor":[89,89,89,89,89,89,89,89,89,89,89,89,89,89,89,89,89,89,89,89,89,89,89,89,89,89,89,89,89,89,89,89,89,89],"card_choices":[{"not_picked":["DarkMatter","DC"],"picked":"6A","floor":1.0},{"not_picked":["ShootingEcho","BlazeAway"],"picked":"DeepEcoloBomb","floor":5},{"not_picked":["SporeBomb","AsteroidBelt"],"picked":"PowerUp","floor":11},{"not_picked":["PowerUp","ShootingEcho"],"picked":"ShootTheMoon","floor":13},{"not_picked":["EscapeVelocity","BlazingStar"],"picked":"EarthLightRay","floor":14},{"not_picked":["BlazingStar","EscapeVelocity"],"picked":"FinalSpark","floor":16},{"not_picked":["ShootingEcho+1","GalacticHalo"],"picked":"AsteroidBelt","floor":18},{"not_picked":["DeepEcoloBomb","GalacticHalo"],"picked":"DarkSpark","floor":20},{"not_picked":["Acceleration","6A+1"],"picked":"MysteriousBeam","floor":21},{"not_picked":["MilkyWay+1","CollectingQuirk"],"picked":"WitchLeyline","floor":24},{"not_picked":["PowerUp","AlicesGift"],"picked":"EventHorizon+1","floor":25},{"not_picked":["GrandCross","EventHorizon"],"picked":"CasketOfStar","floor":30},{"not_picked":["Singularity","NonDirectionalLaser"],"picked":"MagicChant","floor":31}],"player_experience":66965,"relics_obtained":[{"floor":1.0,"key":"AddBug"},{"floor":1.0,"key":"Baka"},{"floor":9,"key":"Centennial Puzzle"},{"floor":14,"key":"ats:Originium"},{"floor":14,"key":"Replay:Mystery Machine"},{"floor":18,"key":"SecretRecord"},{"floor":26,"key":"Pen Nib"},{"floor":30,"key":"ats:Originium"},{"floor":30,"key":"MagicDraw1"},{"floor":31,"key":"SecretRecord"}],"event_choices":[{"damage_healed":0.0,"max_hp_gain":0.0,"max_hp_loss":0.0,"gold_gain":0.0,"event_name":"Golden Wing","player_choice":"Ignored","floor":2.0,"gold_loss":0.0,"damage_taken":0.0},{"damage_healed":29,"gold_gain":0,"player_choice":"CWYW","damage_taken":0,"max_hp_gain":0,"max_hp_loss":0,"event_name":"Remilia_CDSJ09","floor":3,"gold_loss":0},{"damage_healed":0,"gold_gain":0,"player_choice":"Success","damage_taken":3,"relics_obtained":["Replay:WaspNest"],"max_hp_gain":0,"max_hp_loss":0,"event_name":"Scrap Ooze","floor":4,"gold_loss":0},{"damage_healed":0,"gold_gain":100,"player_choice":"Pray","damage_taken":0,"max_hp_gain":0,"max_hp_loss":0,"event_name":"Golden Shrine","floor":19,"gold_loss":0}],"is_beta":false,"boss_relics":[{"not_picked":["Kintsugi","SlaversCollar"],"picked":"EasyGame_NEW"}],"items_purged_floors":[],"is_endless":false,"potions_floor_spawned":[14,16,18,25,31],"killed_by":"Champ","ascension_level":0}}