{"host":"873t0y8ybyo38pfq","time":1609434570,"event":{"mods":["BaseMod","Bestiary","Colored Map","Colored Powertips","Highlight Path","Minty Spire (QoL Compilation)","Quick Restart","RNG Fix","Rare Cards Sparkle","Relic Stats","StSLib"],"gold_per_floor":[112,112,131,0,18,53,67,67,94,94,114,114,132,161,161,161,161],"floor_reached":16,"playtime":281,"items_purged":["Strike_B"],"score":224,"play_id":"118b7a5d-1f45-4574-8811-123a8442c3c0","local_time":"20201231120930","is_ascension_mode":true,"campfire_choices":[{"floor":8,"key":"REST"},{"data":"Doom and Gloom","floor":10,"key":"SMITH"},{"floor":15,"key":"REST"}],"circlet_count":0,"master_deck":["AscendersBane","Strike_B","Strike_B","Defend_B","Defend_B","Defend_B","Defend_B","Zap","Dualcast","Redo","Sweeping Beam","Doom and Gloom+1","Biased Cognition+1","Cold Snap","Conserve Battery"],"relics":["Cracked Core","NeowsBlessing","Bronze Scales","Oddly Smooth Stone","Potion Belt"],"acts_visited":["Exordium"],"potions_floor_usage":[6,13,14,16],"damage_taken":[{"damage":0,"enemies":"Cultist","floor":1,"turns":1},{"damage":0,"enemies":"Small Slimes","floor":3,"turns":1},{"damage":0,"enemies":"Jaw Worm","floor":5,"turns":1},{"damage":54,"enemies":"Gremlin Nob","floor":6,"turns":4},{"damage":0,"enemies":"Large Slime","floor":7,"turns":4},{"damage":10,"enemies":"2 Fungi Beasts","floor":11,"turns":2},{"damage":9,"enemies":"Exordium Thugs","floor":13,"turns":3},{"damage":4,"enemies":"Lagavulin","floor":14,"turns":5},{"damage":24,"enemies":"Slime Boss","floor":16,"turns":10}],"seed_played":"-5540515072747895000","potions_obtained":[{"floor":3,"key":"Explosive Potion"},{"floor":7,"key":"Dexterity Potion"},{"floor":11,"key":"Block Potion"},{"floor":13,"key":"FocusPotion"}],"is_trial":false,"path_per_floor":["M","?","M","$","M","E","M","R","T","R","M","?","M","E","R","B"],"character_chosen":"DEFECT","items_purchased":["Sweeping Beam"],"campfire_rested":2,"item_purchase_floors":[4],"current_hp_per_floor":[64,57,57,57,57,3,3,24,24,24,14,14,5,1,22,0,0],"gold":161,"neow_bonus":"THREE_ENEMY_KILL","is_daily":false,"chose_seed":false,"campfire_upgraded":1,"win_rate":0.0,"timestamp":1609434570,"path_taken":["M","?","?","$","M","E","?","R","T","R","M","?","?","E","R","BOSS"],"items_purchased_type":["Card"],"build_version":"2020-12-22","purchased_purges":1,"victory":false,"max_hp_per_floor":[71,71,71,71,71,71,71,71,71,71,71,71,71,71,71,71,71],"relic_stats":{"counters":[9,31],"Bronze Scales":[39],"obtain_stats":[{"Potion Belt":14,"NeowsBlessing":0,"Bronze Scales":6,"Oddly Smooth Stone":9,"Cracked Core":0},{"Potion Belt":8,"NeowsBlessing":0,"Bronze Scales":4,"Oddly Smooth Stone":5,"Cracked Core":0},{"Potion Belt":21,"NeowsBlessing":0,"Bronze Scales":7,"Oddly Smooth Stone":11,"Cracked Core":0}]},"card_choices":[{"not_picked":["Go for the Eyes","Leap","Sunder"],"picked":"SKIP","floor":1},{"not_picked":["Recycle","Gash"],"picked":"Redo","floor":3},{"not_picked":["Gash","Steam","Barrage"],"picked":"SKIP","floor":5},{"not_picked":["Turbo","Rebound"],"picked":"Doom and Gloom","floor":6},{"not_picked":["Steam","Capacitor"],"picked":"Biased Cognition","floor":7},{"not_picked":["Double Energy","Sweeping Beam"],"picked":"Cold Snap","floor":11},{"not_picked":["FTL","Rebound","Stack"],"picked":"SKIP","floor":13},{"not_picked":["Hologram","Go for the Eyes"],"picked":"Conserve Battery","floor":14}],"player_experience":1446037,"relics_obtained":[{"floor":6,"key":"Bronze Scales"},{"floor":9,"key":"Oddly Smooth Stone"},{"floor":14,"key":"Potion Belt"}],"event_choices":[{"cards_removed":["Strike_B"],"damage_healed":0,"gold_gain":0,"player_choice":"Card Removal","damage_taken":7,"max_hp_gain":0,"max_hp_loss":0,"event_name":"Golden Wing","floor":2,"gold_loss":0},{"damage_healed":0,"gold_gain":0,"player_choice":"Grow","damage_taken":0,"max_hp_gain":0,"max_hp_loss":0,"event_name":"Living Wall","floor":12,"gold_loss":0,"cards_upgraded":["Biased Cognition"]}],"is_beta":false,"boss_relics":[],"items_purged_floors":[4],"is_endless":false,"potions_floor_spawned":[3,7,11,13],"killed_by":"Slime Boss","ascension_level":20}}