{"host":"g1wmg2w41xhsnw8g","time":1609435172,"event":{"mods":["2.2 Compatiblity","Act Like it!","Aspiration","BaseMod","Better Altar","Better Match","Better Note","Better Sensory Stone","Better Skull","Better Third Choice","BetterRewards","Booster Modes","CapriCore","CatGirl Mod","ChefMod","Colored Map","Colored Powertips","Curses Come First","Defuse TimeMaze Blight","Displayed Cursed Tome","Evolution","Friendly Minions","GifTheSpireLib","Googly Eyes","Infinite Spire","Minty Spire (QoL Compilation)","Red Circlet Mod","Relic Sorter","SCP261 Mod","Shop Mod","Spicy Shops","StSLib","The Sage","Transform Curses","Wandering Minibosses","????"],"gold_per_floor":[113,128,0,10,10,41,57,57,57],"floor_reached":8,"playtime":529,"items_purged":[],"score":61,"play_id":"9b98c8b7-253c-4aec-94c3-38f22b9cf27c","local_time":"20201231121932","is_ascension_mode":true,"campfire_choices":[],"circlet_count":0,"master_deck":["Strike_R","Strike_R","Strike_R","Strike_R","Strike_R","Defend_R","Defend_R","Defend_R","Bash","Flame Barrier","Rage","Enlightenment","Headbutt","Thunderclap"],"relics":["Burning Blood","EVO:Axolotl","WingedGreaves"],"acts_visited":["Exordium"],"potions_floor_usage":[],"damage_taken":[{"damage":6,"enemies":"Cultist","floor":1,"turns":3},{"damage":11,"enemies":"Jaw Worm","floor":2,"turns":4},{"damage":12,"enemies":"2 Louse","floor":4,"turns":4},{"damage":52,"enemies":"3 Sentries","floor":6,"turns":13},{"damage":8,"enemies":"Lots of Slimes","floor":7,"turns":3},{"damage":36,"enemies":"Gremlin Nob","floor":8,"turns":4}],"seed_played":"9093933867724129247","potions_obtained":[{"floor":6,"key":"SCP261:AppleJuicePotion"}],"is_trial":false,"path_per_floor":["M","M","?","M","?","E","M","E"],"character_chosen":"IRONCLAD","items_purchased":[],"campfire_rested":0,"item_purchase_floors":[],"current_hp_per_floor":[88,83,89,83,83,37,35,0,0],"gold":57,"neow_bonus":"TEN_PERCENT_HP_BONUS","is_daily":false,"chose_seed":false,"campfire_upgraded":0,"win_rate":0.0,"timestamp":1609435172,"path_taken":["M","?","?","M","?","E","M","E"],"items_purchased_type":[],"build_version":"2020-12-22","purchased_purges":0,"victory":false,"max_hp_per_floor":[88,88,94,94,94,94,94,94,94],"card_choices":[{"not_picked":["Combust","Bloodletting"],"picked":"Flame Barrier","floor":1},{"not_picked":["Entrench","Wild Strike"],"picked":"Rage","floor":2},{"not_picked":["Sever Soul","Thunderclap"],"picked":"Headbutt","floor":4},{"not_picked":["Headbutt","Bludgeon"],"picked":"Thunderclap","floor":6},{"not_picked":["Dual Wield","True Grit","Spot Weakness"],"picked":"SKIP","floor":7}],"player_experience":977764,"relics_obtained":[{"floor":6,"key":"WingedGreaves"}],"event_choices":[{"damage_healed":0,"gold_gain":0,"player_choice":"RENOUNCE","damage_taken":128,"max_hp_gain":0,"max_hp_loss":0,"event_name":"betterThird:BetterSerpent","floor":3,"gold_loss":128,"cards_obtained":["Enlightenment"]},{"cards_removed":["Defend_R"],"damage_healed":0,"gold_gain":0,"player_choice":"Offered Basic","damage_taken":0,"max_hp_gain":0,"max_hp_loss":0,"event_name":"Bonfire Elementals","floor":5,"gold_loss":0}],"is_beta":false,"boss_relics":[],"items_purged_floors":[],"is_endless":false,"potions_floor_spawned":[6],"killed_by":"Gremlin Nob","ascension_level":1}}