{"host":"sav7uxregyirlf69","time":1609426837,"event":{"mods":["AchievementEnabler","BaseMod","Colored Map","DeckTracker","Keyboard Shortcuts","Minty Spire (QoL Compilation)","READ ME - Guardian Mod","StSLib","SuperFastMode"],"gold_per_floor":[115,126,126,138,138,138,163,163,217,217,292,317,335,355,355,355,355],"floor_reached":16,"playtime":224,"items_purged":[],"score":184,"play_id":"327ccb07-bd65-4973-9c8f-e9626f5fb9d8","local_time":"20210101000037","is_ascension_mode":true,"campfire_choices":[{"data":"Recycle","floor":6.0,"key":"SMITH"},{"data":"Go for the Eyes","floor":8.0,"key":"SMITH"},{"data":"Hologram","floor":10.0,"key":"SMITH"},{"data":"Zap","floor":15.0,"key":"SMITH"}],"circlet_count":0,"master_deck":["AscendersBane","Strike_B","Strike_B","Strike_B","Strike_B","Defend_B","Defend_B","Defend_B","Defend_B","Zap+1","Dualcast","Hologram+1","Compile Driver","Recycle+1","Go for the Eyes+1","Meteor Strike","Ball Lightning"],"relics":["Cracked Core","Tiny Chest","Golden Idol","Vajra","Bag of Preparation"],"acts_visited":["Exordium"],"potions_floor_usage":[16],"damage_taken":[{"damage":7.0,"enemies":"Jaw Worm","floor":1.0,"turns":3.0},{"damage":8.0,"enemies":"Small Slimes","floor":2.0,"turns":2.0},{"damage":1.0,"enemies":"Cultist","floor":4.0,"turns":3.0},{"damage":12.0,"enemies":"2 Fungi Beasts","floor":7.0,"turns":3.0},{"damage":4.0,"enemies":"Blue Slaver","floor":13.0,"turns":4.0},{"damage":1.0,"enemies":"Looter","floor":14.0,"turns":2.0},{"damage":25,"enemies":"Hexaghost","floor":16,"turns":9}],"seed_played":"1255150793842558282","potions_obtained":[{"floor":1.0,"key":"Weak Potion"},{"floor":4.0,"key":"PowerPotion"},{"floor":7.0,"key":"Explosive Potion"}],"is_trial":false,"path_per_floor":["M","M","?","M","?","R","M","R","T","R","?","T","M","M","R","B"],"character_chosen":"DEFECT","items_purchased":[],"campfire_rested":0,"item_purchase_floors":[],"current_hp_per_floor":[57,49,54,53,53,53,41,41,41,41,30,30,26,25,25,0,0],"gold":355,"neow_bonus":"RANDOM_COMMON_RELIC","is_daily":false,"chose_seed":false,"campfire_upgraded":4,"win_rate":0.0,"timestamp":1609426837,"path_taken":["M","M","?","M","?","R","M","R","T","R","?","?","?","M","R","BOSS"],"items_purchased_type":[],"build_version":"2020-12-22","purchased_purges":0,"victory":false,"max_hp_per_floor":[71,71,76,76,69,69,69,69,69,69,69,69,69,69,69,69,69],"card_choices":[{"not_picked":["Scrape","Leap"],"picked":"Hologram","floor":1.0},{"not_picked":["Gash","Conserve Battery"],"picked":"Compile Driver","floor":2.0},{"not_picked":["Conserve Battery","Leap"],"picked":"Recycle","floor":4.0},{"not_picked":["Stack","Conserve Battery"],"picked":"Go for the Eyes","floor":7.0},{"not_picked":["Stack","Reprogram"],"picked":"Meteor Strike","floor":13.0},{"not_picked":["Blizzard","Turbo"],"picked":"Ball Lightning","floor":14.0}],"player_experience":1082396,"relics_obtained":[{"floor":9.0,"key":"Vajra"},{"floor":12.0,"key":"Bag of Preparation"}],"event_choices":[{"damage_healed":0.0,"max_hp_gain":5.0,"max_hp_loss":0.0,"gold_gain":0.0,"event_name":"Big Fish","player_choice":"Donut","floor":3.0,"gold_loss":0.0,"damage_taken":0.0},{"damage_healed":0.0,"max_hp_gain":0.0,"max_hp_loss":7.0,"gold_gain":0.0,"event_name":"Golden Idol","player_choice":"Lose Max HP","floor":5.0,"gold_loss":0.0,"damage_taken":0.0,"relics_obtained":["Golden Idol"]},{"damage_healed":0.0,"max_hp_gain":0.0,"max_hp_loss":0.0,"gold_gain":75.0,"event_name":"World of Goop","player_choice":"Gather Gold","floor":11.0,"gold_loss":0.0,"damage_taken":11.0}],"is_beta":false,"boss_relics":[],"items_purged_floors":[],"is_endless":false,"potions_floor_spawned":[1,4,7],"killed_by":"Hexaghost","ascension_level":20}}