{"host":"2lvuisjyit3p3u01","time":1609456773,"event":{"mods":["Act Like it!","BaseMod","Bestiary","Better Synergies","CapriCore","Colored Map","Colored Powertips","Evolution","GifTheSpireLib","Minty Spire (QoL Compilation)","Quick Restart","Replay The Spire","StSLib"],"gold_per_floor":[115,115,290,300,317,349,349,42,42,55,72,87,87,87,87,87,87],"floor_reached":16,"playtime":520,"items_purged":["Doubt"],"score":117,"play_id":"23997ef1-d5e7-4d5c-ab74-5290cfcc6a83","local_time":"20210101011933","is_ascension_mode":true,"campfire_choices":[{"data":"Iron Wave","floor":7.0,"key":"SMITH"},{"data":"Flex","floor":13,"key":"SMITH"},{"data":"Rage","floor":15,"key":"SMITH"}],"circlet_count":1,"master_deck":["Strike_R","Strike_R","Strike_R","Strike_R","Strike_R","Defend_R","Defend_R","Defend_R","Bash","Clash","Cleave","Heavy Blade","Iron Wave+1","Rage+1","Flex+1","Intimidate","Sword Boomerang","Sickly"],"relics":["Burning Blood","EVO:Axolotl","Circlet","Sling","TungstenRod","Ring of Hypnosis","ReplayTheSpireMod:Ring of Exchange"],"acts_visited":["Exordium"],"potions_floor_usage":[16],"damage_taken":[{"damage":10.0,"enemies":"Small Slimes","floor":1.0,"turns":4.0},{"damage":2.0,"enemies":"2 Louse","floor":4.0,"turns":4.0},{"damage":11.0,"enemies":"Jaw Worm","floor":5.0,"turns":4.0},{"damage":25.0,"enemies":"Replay:BlueRogue","floor":6.0,"turns":5.0},{"damage":0.0,"enemies":"2 Fungi Beasts","floor":10.0,"turns":2.0},{"damage":15.0,"enemies":"Large Slime","floor":11.0,"turns":4.0},{"damage":5,"enemies":"Gremlin Gang","floor":12,"turns":5},{"damage":62,"enemies":"Slime Boss","floor":16,"turns":8}],"seed_played":"6909290721456247215","potions_obtained":[{"floor":1.0,"key":"Cursed Concoction"},{"floor":10.0,"key":"ElixirPotion"}],"is_trial":false,"path_per_floor":["M","?","?","M","M","E","R","$","T","M","M","M","R","?","R","B"],"character_chosen":"IRONCLAD","items_purchased":["Rage","Sling"],"campfire_rested":0,"item_purchase_floors":[8,8],"current_hp_per_floor":[84,77,77,81,76,57,57,57,57,68,59,60,60,60,60,0,0],"gold":87,"neow_bonus":"TEN_PERCENT_HP_BONUS","is_daily":false,"chose_seed":false,"campfire_upgraded":3,"win_rate":0.0,"timestamp":1609456773,"path_taken":["M","?","?","M","M","E","R","?","T","M","M","M","R","?","R","BOSS"],"items_purchased_type":["Card","Relic"],"build_version":"2020-12-22","purchased_purges":1,"victory":false,"max_hp_per_floor":[88,88,88,88,88,88,88,88,88,88,88,88,88,88,88,88,88],"card_choices":[{"not_picked":["Iron Wave","Armaments"],"picked":"Clash","floor":1.0},{"not_picked":["Burning Pact","Wild Strike"],"picked":"Cleave","floor":4.0},{"not_picked":["ReplayReversal","Headbutt"],"picked":"Heavy Blade","floor":5.0},{"not_picked":["ReplayReversal","Shrug It Off"],"picked":"Iron Wave","floor":6.0},{"not_picked":["Iron Wave","Twin Strike"],"picked":"Flex","floor":10.0},{"not_picked":["Reckless Charge","Havoc"],"picked":"Intimidate","floor":11.0},{"not_picked":["Exhume","Cleave"],"picked":"Sword Boomerang","floor":12}],"player_experience":205064,"relics_obtained":[{"floor":6.0,"key":"Dead Branch"},{"floor":9.0,"key":"TungstenRod"},{"floor":14,"key":"Ring of Hypnosis"},{"floor":14,"key":"ReplayTheSpireMod:Ring of Exchange"}],"event_choices":[{"cards_removed":["Defend_R"],"damage_healed":0.0,"max_hp_gain":0.0,"max_hp_loss":0.0,"gold_gain":0.0,"event_name":"Golden Wing","player_choice":"Card Removal","floor":2.0,"gold_loss":0.0,"damage_taken":7.0},{"damage_healed":0.0,"max_hp_gain":0.0,"max_hp_loss":0.0,"gold_gain":175.0,"event_name":"Liars Game","player_choice":"AGREE","floor":3.0,"gold_loss":0.0,"damage_taken":0.0,"cards_obtained":["Doubt"]}],"is_beta":false,"boss_relics":[],"items_purged_floors":[8],"is_endless":false,"potions_floor_spawned":[1,10],"killed_by":"Slime Boss","ascension_level":3}}