{"host":"5o2n8gt0sn3szjgb","time":1609412280,"event":{"mods":["BaseMod","BetterRewards","Library of Ruina","Library of Ruina Extra","Minty Spire (QoL Compilation)","StSLib"],"gold_per_floor":[112,132,143,162,87,122,122,47,47,60,92,112,141,216,216,288,288,301,318,337,351,362,362,394,394,394],"floor_reached":25,"playtime":1203,"items_purged":["LightDefense"],"score":541,"play_id":"f7705e7d-3bc4-4578-97f2-06b462152355","local_time":"20201231185800","is_ascension_mode":true,"campfire_choices":[{"data":"FocusedStrikes","floor":7.0,"key":"SMITH"},{"floor":15.0,"key":"REST"},{"data":"Reload","floor":23.0,"key":"SMITH"}],"circlet_count":0,"master_deck":["AscendersBane","LightAttack","LightAttack","LightDefense","LightDefense","LightDefense","ChargeAndCover","FocusedStrikes+1","GrazeTheGrass","ToWhereThePrescriptPoints","SomberProcuration","Reload+1","Disposal","SavageMode","CurseOfTheBell","QuickSuppression"],"relics":["PageOfLibrarian","Calipers","PageOfWrath","PageOfTheQueenOfHatred","Odd Mushroom","PageOfTheKnightOfDespair","Calling Bell","Meat on the Bone","PageOfSingingMachine","PageOfFreischutz","PageOfGreed"],"acts_visited":["Exordium","TheCity"],"potions_floor_usage":[25,25],"damage_taken":[{"damage":8.0,"enemies":"Small Slimes","floor":1.0,"turns":4.0},{"damage":0.0,"enemies":"2 Louse","floor":2.0,"turns":2.0},{"damage":0.0,"enemies":"Cultist","floor":3.0,"turns":2.0},{"damage":1.0,"enemies":"Looter","floor":4.0,"turns":3.0},{"damage":15.0,"enemies":"3 Sentries","floor":6.0,"turns":7.0},{"damage":0.0,"enemies":"Large Slime","floor":10.0,"turns":2.0},{"damage":8.0,"enemies":"Lagavulin","floor":11.0,"turns":3.0},{"damage":7.0,"enemies":"The Mushroom Lair","floor":12.0,"turns":3.0},{"damage":0.0,"enemies":"3 Sentries","floor":13.0,"turns":3.0},{"damage":3.0,"enemies":"Hexaghost","floor":16.0,"turns":5.0},{"damage":8.0,"enemies":"Shell Parasite","floor":18.0,"turns":2.0},{"damage":2.0,"enemies":"Spheric Guardian","floor":19.0,"turns":2.0},{"damage":7.0,"enemies":"Cultist and Chosen","floor":20.0,"turns":3.0},{"damage":2.0,"enemies":"3 Cultists","floor":21.0,"turns":3.0},{"damage":16.0,"enemies":"Centurion and Healer","floor":22.0,"turns":3.0},{"damage":4.0,"enemies":"Book of Stabbing","floor":24.0,"turns":3.0},{"damage":50,"enemies":"Snake Plant","floor":25,"turns":3}],"seed_played":"7431408598854352312","potions_obtained":[{"floor":1.0,"key":"DuplicationPotion"},{"floor":3.0,"key":"GamblersBrew"},{"floor":11.0,"key":"DistilledChaos"},{"floor":21.0,"key":"Energy Potion"},{"floor":22.0,"key":"EssenceOfSteel"},{"floor":24.0,"key":"Fire Potion"}],"is_trial":false,"path_per_floor":["M","M","M","M","$","E","R","?","T","M","E","?","E","?","R","B",null,"M","M","M","M","M","R","E","M"],"character_chosen":"Librarian","items_purchased":[],"campfire_rested":1,"item_purchase_floors":[],"current_hp_per_floor":[46,46,46,45,45,30,30,30,30,30,22,15,15,4,27,24,65,57,55,48,46,42,42,50,0,0],"gold":394,"neow_bonus":"TRANSFORM_CARD","is_daily":false,"chose_seed":false,"campfire_upgraded":2,"win_rate":0.0,"timestamp":1609412280,"path_taken":["M","M","M","M","$","E","R","?","T","M","E","?","E","?","R","BOSS","M","M","M","M","M","R","E","M"],"items_purchased_type":[],"build_version":"2020-12-22","purchased_purges":1,"victory":false,"max_hp_per_floor":[63,63,63,86,86,86,86,86,86,78,78,78,78,78,78,78,78,78,78,78,78,78,78,78,78,78],"card_choices":[{"not_picked":["Rewind","Leap_lor","EnergyShield"],"picked":"SKIP","floor":1.0},{"not_picked":["Leap_lor","SunsetBlade"],"picked":"ToWhereThePrescriptPoints","floor":2.0},{"not_picked":["DarkCloud","EnergyCycle","Multislash"],"picked":"SKIP","floor":3.0},{"not_picked":["EnergyConversion","ClassAndRespect"],"picked":"SomberProcuration","floor":4.0},{"not_picked":["Clone","AGoldenOpportunity","WillOfThePrescript"],"picked":"SKIP","floor":6.0},{"not_picked":["UncannyStrike","ClassAndRespect","EnergyStrike"],"picked":"SKIP","floor":10.0},{"not_picked":["SuppressingShot","GuardingStance"],"picked":"Reload","floor":11.0},{"not_picked":["GuardingStance","FocusFire"],"picked":"Disposal","floor":13.0},{"not_picked":["Eradication","RipSpace"],"picked":"SavageMode","floor":16.0},{"not_picked":["ViolentFlame","DarkCloud","EnergyStrike"],"picked":"SKIP","floor":18.0},{"not_picked":["EnergyCycle","AGoldenOpportunity","SunsetBlade"],"picked":"SKIP","floor":19.0},{"not_picked":["EnergyStrike","EnergyCycle+1","GuardingStance"],"picked":"SKIP","floor":20.0},{"not_picked":["GrazeTheGrass","EnergyCycle"],"picked":"QuickSuppression","floor":21.0},{"not_picked":["SomberProcuration+1","GrazeTheGrass","Leap_lor"],"picked":"SKIP","floor":22.0},{"not_picked":["EnergyStrike","GroundSmash","Multislash"],"picked":"SKIP","floor":24.0}],"player_experience":358524,"relics_obtained":[{"floor":6.0,"key":"Calipers"},{"floor":9.0,"key":"PageOfWrath"},{"floor":11.0,"key":"PageOfTheQueenOfHatred"},{"floor":12.0,"key":"Odd Mushroom"},{"floor":13.0,"key":"PageOfTheKnightOfDespair"},{"floor":17.0,"key":"Meat on the Bone"},{"floor":17.0,"key":"PageOfSingingMachine"},{"floor":17.0,"key":"PageOfFreischutz"},{"floor":24.0,"key":"PageOfGreed"}],"event_choices":[{"cards_removed":["LightAttack"],"damage_healed":0.0,"max_hp_gain":0.0,"max_hp_loss":0.0,"gold_gain":0.0,"event_name":"The Cleric","player_choice":"Card Removal","floor":8.0,"gold_loss":75.0,"damage_taken":0.0},{"damage_healed":0.0,"max_hp_gain":0.0,"max_hp_loss":0.0,"gold_gain":0.0,"event_name":"Mushrooms","player_choice":"Fought Mushrooms","floor":12.0,"gold_loss":0.0,"damage_taken":0.0},{"damage_healed":0.0,"max_hp_gain":0.0,"max_hp_loss":0.0,"gold_gain":75.0,"event_name":"World of Goop","player_choice":"Gather Gold","floor":14.0,"gold_loss":0.0,"damage_taken":11.0}],"is_beta":false,"boss_relics":[{"not_picked":["Sozu","SacredBark"],"picked":"Calling Bell"}],"items_purged_floors":[5],"is_endless":false,"potions_floor_spawned":[1,3,11,21,22,24],"killed_by":"Snake Plant","ascension_level":15}}