{"host":"52m1o8iwwagurbjs","time":1609455552,"event":{"mods":["AchievementEnabler","BaseMod","Bestiary","Colored Powertips","GifTheSpireLib","Minty Spire (QoL Compilation)","Quick Restart","RNG Fix","Relic Stats","StSLib"],"gold_per_floor":[112,125,85,0,0,0,0,14,62,89,89,106,139,155,155,234,234,234,234,234,254,264,264,264,264],"floor_reached":24,"playtime":930,"items_purged":[],"score":340,"play_id":"7d9f3c9a-95e6-4d56-8c8d-68c981754e62","local_time":"20201231175912","is_ascension_mode":true,"campfire_choices":[{"data":"Feel No Pain","floor":6,"key":"SMITH"},{"data":"True Grit","floor":11,"key":"SMITH"},{"data":"Strike_R","floor":15,"key":"PURGE"},{"floor":23,"key":"REST"}],"circlet_count":0,"master_deck":["AscendersBane","Strike_R+1","Strike_R+1","Strike_R+1","Defend_R+1","Defend_R+1","Defend_R+1","Defend_R+1","Bash+1","Heavy Blade","Rampage","Feel No Pain+1","True Grit+1","Flame Barrier","Battle Trance","Disarm","True Grit","Cleave","Impervious","Power Through","Burning Pact"],"relics":["Burning Blood","MealTicket","Bottled Tornado","Peace Pipe","SacredBark"],"acts_visited":["Exordium","TheCity"],"potions_floor_usage":[8,10,13,15,18,18,22],"damage_taken":[{"damage":10,"enemies":"2 Louse","floor":1,"turns":2},{"damage":6,"enemies":"Cultist","floor":2,"turns":3},{"damage":5,"enemies":"Small Slimes","floor":8,"turns":5},{"damage":38,"enemies":"3 Sentries","floor":10,"turns":8},{"damage":0,"enemies":"Blue Slaver","floor":12,"turns":6},{"damage":28,"enemies":"Lagavulin","floor":13,"turns":7},{"damage":3,"enemies":"3 Louse","floor":14,"turns":4},{"damage":28,"enemies":"Hexaghost","floor":16,"turns":13},{"damage":0,"enemies":"2 Thieves","floor":18,"turns":1},{"damage":16,"enemies":"Spheric Guardian","floor":21,"turns":12},{"damage":37,"enemies":"Snake Plant","floor":22,"turns":7},{"damage":51,"enemies":"Gremlin Leader","floor":24,"turns":10}],"seed_played":"-3924707332441326653","potions_obtained":[{"floor":3,"key":"Explosive Potion"},{"floor":3,"key":"Regen Potion"},{"floor":8,"key":"SmokeBomb"},{"floor":10,"key":"Strength Potion"},{"floor":14,"key":"BloodPotion"},{"floor":16,"key":"AttackPotion"},{"floor":21,"key":"BlessingOfTheForge"}],"is_trial":false,"path_per_floor":["M","M","?","$","?","R","?","M","T","E","R","M","E","M","R","B",null,"M","?","?","M","M","R","E"],"character_chosen":"IRONCLAD","items_purchased":["Feel No Pain","True Grit"],"campfire_rested":1,"item_purchase_floors":[4,4],"current_hp_per_floor":[68,68,68,68,52,52,52,65,65,33,33,39,17,20,36,14,64,70,70,70,60,29,53,2,2],"gold":264,"neow_bonus":"UPGRADE_CARD","is_daily":false,"chose_seed":false,"campfire_upgraded":2,"win_rate":0.0,"timestamp":1609455552,"path_taken":["M","M","?","$","?","R","?","M","T","E","R","M","E","M","R","BOSS","M","?","?","?","M","R","E"],"items_purchased_type":["Card","Card"],"build_version":"2020-12-22","purchased_purges":0,"victory":false,"max_hp_per_floor":[80,80,80,80,80,80,80,80,80,80,80,80,80,80,80,80,80,80,80,80,80,80,80,80,80],"relic_stats":{"Peace Pipe":1,"counters":[12,78],"MealTicket":0,"obtain_stats":[{"Peace Pipe":13,"SacredBark":17,"MealTicket":9,"Bottled Tornado":10,"Burning Blood":0},{"Peace Pipe":6,"SacredBark":8,"MealTicket":3,"Bottled Tornado":4,"Burning Blood":0},{"Peace Pipe":31,"SacredBark":48,"MealTicket":10,"Bottled Tornado":18,"Burning Blood":0}],"Burning Blood":66},"card_choices":[{"not_picked":["Havoc","Feel No Pain"],"picked":"Heavy Blade","floor":1},{"not_picked":["Fire Breathing","Hemokinesis"],"picked":"Rampage","floor":2},{"not_picked":["Anger","Thunderclap"],"picked":"Battle Trance","floor":8},{"not_picked":["Anger","Heavy Blade"],"picked":"Disarm","floor":10},{"not_picked":["Dropkick","Thunderclap"],"picked":"True Grit","floor":12},{"not_picked":["Clash","Havoc","Clothesline"],"picked":"SKIP","floor":13},{"not_picked":["Perfected Strike","True Grit"],"picked":"Cleave","floor":14},{"not_picked":["Brutality","Barricade"],"picked":"Impervious","floor":16},{"not_picked":["Wild Strike","Heavy Blade"],"picked":"Power Through","floor":21},{"not_picked":["Dropkick","Sever Soul"],"picked":"Burning Pact","floor":22}],"player_experience":1067813,"relics_obtained":[{"floor":9,"key":"MealTicket"},{"floor":10,"key":"Bottled Tornado"},{"floor":13,"key":"Peace Pipe"}],"event_choices":[{"damage_healed":0,"gold_gain":0,"player_choice":"Bought 3 Potions","damage_taken":0,"max_hp_gain":0,"max_hp_loss":0,"event_name":"The Woman in Blue","floor":3,"gold_loss":0},{"damage_healed":0,"gold_gain":0,"player_choice":"Entered Light","damage_taken":16,"max_hp_gain":0,"max_hp_loss":0,"event_name":"Shining Light","floor":5,"gold_loss":0,"cards_upgraded":["Defend_R","Strike_R"]},{"damage_healed":0,"gold_gain":0,"cards_transformed":["Strike_R"],"player_choice":"Transformed","damage_taken":0,"max_hp_gain":0,"max_hp_loss":0,"event_name":"Transmorgrifier","floor":7,"gold_loss":0,"cards_obtained":["Flame Barrier"]},{"damage_healed":0,"gold_gain":0,"player_choice":"Simplicity","damage_taken":0,"max_hp_gain":0,"max_hp_loss":0,"event_name":"Back to Basics","floor":19,"gold_loss":0,"cards_upgraded":["Strike_R","Strike_R","Defend_R","Defend_R","Defend_R"]},{"damage_healed":0,"gold_gain":0,"player_choice":"Ignored","damage_taken":0,"max_hp_gain":0,"max_hp_loss":0,"event_name":"Ghosts","floor":20,"gold_loss":0}],"is_beta":false,"boss_relics":[{"not_picked":["Ectoplasm","Mark of Pain"],"picked":"SacredBark"}],"items_purged_floors":[],"is_endless":false,"potions_floor_spawned":[8,10,14,16,21],"killed_by":"Gremlin Leader","ascension_level":13}}