{"host":"egwexuw5uvnxf11j","time":1609452697,"event":{"mods":["2.2 Compatiblity","Aspiration","BaseMod","Better Altar","Better Note","Better Sensory Stone","Better Third Choice","Displayed Cursed Tome","Downfall","Hermit","Key Reminder","Koishi","Marisa????????","Minty Spire (QoL Compilation)","Quick Restart","Shade Mod","Spicy Shops","StSLib","The Construct","The Cursed","The Hierophant","The Runesmith","The Senshi","The Servant 0.9.4","Transform Curses"],"gold_per_floor":[119,135,155,166,177,206,222,255,255,255,273,273,273,273,273,376,376,386,403,202,202,302,329,339,356,406,406,425,440,440,440],"floor_reached":30,"playtime":1712,"items_purged":["Injury","Defend_G"],"score":293,"play_id":"2cd60046-4b37-4467-9a2e-7095c20ef910","local_time":"20201231171137","is_ascension_mode":true,"campfire_choices":[{"floor":10,"key":"REST"},{"floor":13,"key":"REST"},{"floor":15,"key":"REST"},{"floor":27,"key":"REST"}],"circlet_count":0,"master_deck":["Strike_G","Strike_G","Strike_G","Defend_G","Defend_G","Defend_G","Defend_G","Survivor","Neutralize","Backflip","Dagger Spray","Underhanded Strike","Setup","Flying Knee","Unload","Cloak And Dagger","Blade Dance","Flying Knee","Apotheosis+1","Die Die Die","Reflex","Infinite Blades","Quick Slash","Finisher","Caltrops+1","Backflip","Sucker Punch","Burst","Leg Sweep"],"relics":["Ring of the Snake","theSenshi:SuperSailorFukuRelic","Pen Nib","Paper Crane","construct:ClawGrip","Membership Card","Regal Pillow","aspiration:ChemicalBlood"],"acts_visited":["Exordium","TheCity"],"potions_floor_usage":[8,8,16,19,25,30,30],"damage_taken":[{"damage":0,"enemies":"Small Slimes","floor":1,"turns":3},{"damage":1,"enemies":"2 Louse","floor":2,"turns":3},{"damage":0,"enemies":"Jaw Worm","floor":3,"turns":5},{"damage":11,"enemies":"Lots of Slimes","floor":4,"turns":3},{"damage":10,"enemies":"3 Louse","floor":5,"turns":3},{"damage":34,"enemies":"3 Sentries","floor":6,"turns":7},{"damage":1,"enemies":"Exordium Thugs","floor":7,"turns":5},{"damage":8,"enemies":"Gremlin Nob","floor":8,"turns":4},{"damage":0,"enemies":"Gremlin Gang","floor":11,"turns":5},{"damage":20,"enemies":"The Guardian","floor":16,"turns":11},{"damage":0,"enemies":"3 Byrds","floor":18,"turns":4},{"damage":0,"enemies":"Spheric Guardian","floor":19,"turns":3},{"damage":9,"enemies":"Book of Stabbing","floor":23,"turns":4},{"damage":13,"enemies":"Snake Plant","floor":24,"turns":5},{"damage":41,"enemies":"Shelled Parasite and Fungi","floor":25,"turns":3},{"damage":28,"enemies":"Centurion and Healer","floor":28,"turns":6},{"damage":2,"enemies":"3 Cultists","floor":29,"turns":4},{"damage":29,"enemies":"Gremlin Leader","floor":30,"turns":3}],"seed_played":"1165898202036637501","potions_obtained":[{"floor":4,"key":"CunningPotion"},{"floor":6,"key":"Block Potion"},{"floor":7,"key":"SkillPotion"},{"floor":8,"key":"LiquidBronze"},{"floor":23,"key":"AttackPotion"},{"floor":24,"key":"PowerPotion"},{"floor":28,"key":"Strength Potion"}],"is_trial":false,"path_per_floor":["M","M","M","M","M","E","M","E","T","R","M","?","R","?","R","B",null,"M","M","$","?","?","E","M","M","T","R","M","M","E"],"character_chosen":"THE_SILENT","items_purchased":["Membership Card","Quick Slash","Finisher"],"campfire_rested":4,"item_purchase_floors":[20,20,20],"current_hp_per_floor":[77,76,76,65,55,21,20,12,12,35,35,35,58,58,77,57,77,77,77,77,77,77,68,55,14,14,52,24,22,0,0],"gold":440,"neow_bonus":"TEN_PERCENT_HP_BONUS","is_daily":false,"chose_seed":false,"campfire_upgraded":0,"win_rate":0.0,"timestamp":1609452697,"path_taken":["M","M","M","M","M","E","M","E","T","R","M","?","R","?","R","BOSS","M","M","$","?","?","E","M","M","T","R","M","?","E"],"items_purchased_type":["Relic","Card","Card"],"build_version":"2020-12-22","purchased_purges":2,"victory":false,"max_hp_per_floor":[77,77,77,77,77,77,77,77,77,77,77,77,77,77,77,77,77,77,77,77,77,77,77,77,77,77,77,77,77,77,77],"card_choices":[{"not_picked":["Sucker Punch","Bane"],"picked":"Backflip","floor":1},{"not_picked":["Terror","Underhanded Strike"],"picked":"Dagger Spray","floor":2},{"not_picked":["Night Terror","Deadly Poison"],"picked":"Underhanded Strike","floor":3},{"not_picked":["Concentrate","Tactician"],"picked":"Setup","floor":4},{"not_picked":["Reflex","Quick Slash"],"picked":"Flying Knee","floor":5},{"not_picked":["Sucker Punch","Poisoned Stab"],"picked":"Unload","floor":6},{"not_picked":["Outmaneuver","Backflip"],"picked":"Cloak And Dagger","floor":7},{"not_picked":["Flechettes","Eviscerate"],"picked":"Blade Dance","floor":8},{"not_picked":["Prepared","Distraction"],"picked":"Flying Knee","floor":11},{"not_picked":["Grand Finale","Unload"],"picked":"Die Die Die","floor":16},{"not_picked":["Concentrate","Flying Knee"],"picked":"Reflex","floor":18},{"not_picked":["Sucker Punch+1","Footwork"],"picked":"Infinite Blades","floor":19},{"not_picked":["Dodge and Roll","Glass Knife"],"picked":"Caltrops+1","floor":23},{"not_picked":["Underhanded Strike+1","Flechettes"],"picked":"Backflip","floor":24},{"not_picked":["Deadly Poison","Acrobatics"],"picked":"Sucker Punch","floor":25},{"not_picked":["Dagger Spray+1","Underhanded Strike"],"picked":"Burst","floor":28},{"not_picked":["Prepared","Skewer"],"picked":"Leg Sweep","floor":29}],"player_experience":2114380,"relics_obtained":[{"floor":6,"key":"theSenshi:SuperSailorFukuRelic"},{"floor":8,"key":"Pen Nib"},{"floor":9,"key":"Paper Crane"},{"floor":23,"key":"Regal Pillow"},{"floor":26,"key":"aspiration:ChemicalBlood"}],"event_choices":[{"damage_healed":35,"gold_gain":0,"player_choice":"Embrace","damage_taken":0,"max_hp_gain":0,"max_hp_loss":77,"event_name":"betterThird:BetterShining","floor":12,"gold_loss":0},{"cards_removed":["Strike_G"],"damage_healed":0,"gold_gain":0,"player_choice":"Forget","damage_taken":0,"max_hp_gain":0,"max_hp_loss":0,"event_name":"Living Wall","floor":14,"gold_loss":0},{"cards_removed":["Strike_G"],"damage_healed":0,"gold_gain":0,"player_choice":"Elegance","damage_taken":0,"max_hp_gain":0,"max_hp_loss":0,"event_name":"betterThird:BetterWriting","floor":21,"gold_loss":0},{"damage_healed":0,"gold_gain":100,"player_choice":"Pray","damage_taken":0,"max_hp_gain":0,"max_hp_loss":0,"event_name":"Golden Shrine","floor":22,"gold_loss":0}],"is_beta":false,"boss_relics":[{"not_picked":["aspiration:PoetsPen_weak","Snecko Eye"],"picked":"construct:ClawGrip"}],"items_purged_floors":[20,20],"is_endless":false,"potions_floor_spawned":[4,6,7,8,23,24,28,29],"killed_by":"Gremlin Leader","ascension_level":2}}