{"host":"867cnhxguf2bzj4x","time":1609437884,"event":{"mods":["BaseMod","GifTheSpireLib","Lobotomy","Minty Spire (QoL Compilation)","StSLib","The Bug Knight","The Cursed"],"gold_per_floor":[117,217,47,57,71,71,82,98,98,108,119,119,84,98,98,98,98],"floor_reached":16,"playtime":629,"items_purged":[],"score":106,"play_id":"0ef1cfe5-ac2e-4aeb-98b3-4a05789ac2d1","local_time":"20201231190444","is_ascension_mode":true,"campfire_choices":[{"data":"Mayhem","floor":6,"key":"SMITH"},{"floor":15,"key":"REST"}],"circlet_count":0,"master_deck":["Strike_G","Strike_G","Strike_G","Strike_G","Strike_G","Defend_G","Defend_G","Defend_G","Defend_G","Defend_G","Survivor","Neutralize","QueenBee","Acrobatics","Mayhem+1","CrumblingArmor","CherryBlossoms","Dagger Throw","Die Die Die","Prepared","Bloodbath","PunishingBird","Escape Plan"],"relics":["Ring of the Snake","CogitoBucket","Eternal Feather","AspirationHeart"],"acts_visited":["Exordium"],"potions_floor_usage":[16,16],"damage_taken":[{"damage":4,"enemies":"Small Slimes","floor":1,"turns":5},{"damage":5,"enemies":"Cultist","floor":4,"turns":4},{"damage":10,"enemies":"2 Louse","floor":5,"turns":3},{"damage":11,"enemies":"Blue Slaver","floor":7,"turns":6},{"damage":6,"enemies":"Exordium Thugs","floor":8,"turns":5},{"damage":29,"enemies":"Looter","floor":10,"turns":4},{"damage":9,"enemies":"3 Louse","floor":11,"turns":2},{"damage":19,"enemies":"Large Slime","floor":14,"turns":5},{"damage":111,"enemies":"Hexaghost","floor":16,"turns":3}],"seed_played":"-5231200495050333230","potions_obtained":[{"floor":4,"key":"GamblersBrew"},{"floor":5,"key":"Poison Potion"},{"floor":14,"key":"EssenceOfSteel"}],"is_trial":false,"path_per_floor":["M","?","$","M","M","R","M","M","T","M","M","$","?","M","R","B"],"character_chosen":"THE_SILENT","items_purchased":["Mayhem"],"campfire_rested":1,"item_purchase_floors":[3],"current_hp_per_floor":[66,66,66,61,51,51,40,34,34,15,7,7,27,12,48,0,0],"gold":98,"neow_bonus":"","is_daily":false,"chose_seed":false,"campfire_upgraded":1,"win_rate":0.0,"timestamp":1609437884,"path_taken":["M","?","$","M","M","R","M","M","T","M","?","?","?","M","R","BOSS"],"items_purchased_type":["Card"],"build_version":"2020-12-22","purchased_purges":0,"victory":false,"max_hp_per_floor":[70,70,70,70,70,70,70,70,70,80,80,80,80,80,80,80,80],"card_choices":[{"not_picked":["MeatLantern","QueenOfHatred"],"picked":"QueenBee","floor":1},{"not_picked":["Sucker Punch","Leg Sweep"],"picked":"Acrobatics","floor":1},{"not_picked":["Scarecrow","WallGazer"],"picked":"CrumblingArmor","floor":4},{"not_picked":["Sucker Punch","Footwork","Dash"],"picked":"SKIP","floor":4},{"not_picked":["Scorched","MeatLantern"],"picked":"CherryBlossoms","floor":5},{"not_picked":["Dodge and Roll","Poisoned Stab"],"picked":"Dagger Throw","floor":5},{"not_picked":["Deflect","Deadly Poison"],"picked":"Die Die Die","floor":7},{"not_picked":["Backflip","Deflect","Finisher"],"picked":"SKIP","floor":8},{"not_picked":["All Out Attack","Infinite Blades"],"picked":"Prepared","floor":10},{"not_picked":["HappyTeddy","PunishingBird"],"picked":"Bloodbath","floor":10},{"not_picked":["Mercenary","LittlePrince"],"picked":"PunishingBird","floor":11},{"not_picked":["Blade Dance","Bane","Slice"],"picked":"SKIP","floor":11},{"not_picked":["Masterful Stab","Dodge and Roll"],"picked":"Escape Plan","floor":14}],"player_experience":87265,"relics_obtained":[{"floor":9,"key":"Eternal Feather"}],"event_choices":[{"damage_healed":0,"gold_gain":100,"player_choice":"Pray","damage_taken":0,"max_hp_gain":0,"max_hp_loss":0,"event_name":"Golden Shrine","floor":2,"gold_loss":0},{"damage_healed":20,"gold_gain":0,"player_choice":"Healed","damage_taken":0,"max_hp_gain":0,"max_hp_loss":0,"event_name":"The Cleric","floor":13,"gold_loss":35}],"is_beta":false,"boss_relics":[],"items_purged_floors":[],"is_endless":false,"potions_floor_spawned":[4,5,14],"killed_by":"Hexaghost","ascension_level":2}}