{"host":"7khtwbkyze7y134w","time":1609418617,"event":{"mods":["AchievementEnabler","BaseMod","Bestiary","Colored Map","Colored Powertips","Curses Come First","Highlight Path","Minty Spire (QoL Compilation)","Quick Restart","Relic Stats","Slay-I","StSLib","SuperFastMode"],"gold_per_floor":[363,380,394,364,3,37,37,49,49,65,394,394,405,431,431,527,527,541,556,392,411,429,460,460,493,493,518,518,618,637,652,652,751,751,769,769,769,459,475,501,501,533,612,643,660,695,695,726,726,726],"floor_reached":51,"playtime":3891,"items_purged":["Writhe","Strike_R"],"score":1205,"play_id":"5a2da620-e73c-41da-8529-709e8297333f","local_time":"20201231124337","is_ascension_mode":true,"campfire_choices":[{"data":"Spot Weakness","floor":7,"key":"SMITH"},{"floor":12,"key":"REST"},{"data":"Barricade","floor":15,"key":"SMITH"},{"floor":24,"key":"REST"},{"floor":28,"key":"REST"},{"floor":32,"key":"REST"},{"floor":41,"key":"REST"},{"data":"Apotheosis","floor":47,"key":"SMITH"},{"floor":49,"key":"REST"}],"circlet_count":0,"master_deck":["Strike_R","Strike_R","Strike_R","Defend_R","Defend_R","Defend_R+1","Defend_R","Bash","Spot Weakness+1","Pommel Strike","Rage","Shrug It Off","Armaments","Iron Wave","Barricade+1","Cleave","Battle Trance+1","Corruption","Dark Embrace","Body Slam","Apotheosis+1","Clothesline","Iron Wave","Offering","Feel No Pain","Shrug It Off+1","Iron Wave","Metallicize","Entrench+1","Iron Wave+1","Body Slam","Injury","Spot Weakness+1","Iron Wave"],"relics":["Burning Blood","StrikeDummy","Bag of Marbles","InkBottle","Old Coin","Bottled Tornado","Sozu","Bottled Lightning","Thread and Needle","Mummified Hand","CaptainsWheel","Incense Burner","Meat on the Bone","Cursed Key","Membership Card","Juzu Bracelet","Dream Catcher","Self Forming Clay","Toxic Egg 2","Unceasing Top","War Paint","Toy Ornithopter"],"acts_visited":["Exordium","TheCity","TheBeyond"],"potions_floor_usage":[10,16,16],"damage_taken":[{"damage":4.0,"enemies":"Small Slimes","floor":1.0,"turns":4.0},{"damage":6,"enemies":"Cultist","floor":2,"turns":4},{"damage":14,"enemies":"Jaw Worm","floor":3,"turns":3},{"damage":23,"enemies":"3 Sentries","floor":6,"turns":9},{"damage":6,"enemies":"Looter","floor":8,"turns":3},{"damage":13,"enemies":"Large Slime","floor":10,"turns":2},{"damage":44,"enemies":"Lagavulin","floor":11,"turns":7},{"damage":0,"enemies":"2 Fungi Beasts","floor":13,"turns":2},{"damage":7,"enemies":"Gremlin Nob","floor":14,"turns":3},{"damage":33,"enemies":"Slime Boss","floor":16,"turns":13},{"damage":7,"enemies":"Chosen","floor":18,"turns":4},{"damage":8,"enemies":"Shell Parasite","floor":19,"turns":5},{"damage":13,"enemies":"Centurion and Healer","floor":21,"turns":7},{"damage":45,"enemies":"Shelled Parasite and Fungi","floor":22,"turns":7},{"damage":20,"enemies":"Book of Stabbing","floor":23,"turns":6},{"damage":25,"enemies":"Gremlin Leader","floor":25,"turns":8},{"damage":6,"enemies":"Book of Stabbing","floor":27,"turns":5},{"damage":24,"enemies":"Colosseum Slavers","floor":29,"turns":3},{"damage":6,"enemies":"Colosseum Nobs","floor":29,"turns":4},{"damage":26,"enemies":"Snake Plant","floor":30,"turns":3},{"damage":1,"enemies":"Cultist and Chosen","floor":31,"turns":5},{"damage":6,"enemies":"Automaton","floor":33,"turns":8},{"damage":6,"enemies":"3 Darklings","floor":35,"turns":6},{"damage":1,"enemies":"Orb Walker","floor":39,"turns":3},{"damage":50,"enemies":"Reptomancer","floor":40,"turns":6},{"damage":6,"enemies":"Nemesis","floor":42,"turns":1},{"damage":3,"enemies":"Giant Head","floor":44,"turns":4},{"damage":43,"enemies":"3 Darklings","floor":45,"turns":4},{"damage":6,"enemies":"Reptomancer","floor":46,"turns":5},{"damage":6,"enemies":"Nemesis","floor":48,"turns":7},{"damage":1,"enemies":"Donu and Deca","floor":50,"turns":6}],"seed_played":"4480860222714352846","potions_obtained":[{"floor":3,"key":"SpeedPotion"},{"floor":4,"key":"LiquidMemories"},{"floor":4,"key":"ElixirPotion"},{"floor":11,"key":"SpeedPotion"},{"floor":16,"key":"FairyPotion"}],"is_trial":false,"path_per_floor":["M","M","M","?","$","E","R","M","T","M","E","R","M","E","R","B",null,"M","M","$","M","M","E","R","E","T","E","R","?","M","M","R","B",null,"M","?","?","$","M","E","R","E","T","E","M","E","R","E","R","B",null],"character_chosen":"IRONCLAD","items_purchased":["Shrug It Off","StrikeDummy","Apotheosis","Membership Card","Juzu Bracelet","Metallicize"],"campfire_rested":6,"item_purchase_floors":[5,5,20,38,38,38],"current_hp_per_floor":[80,80,72,72,72,55,55,55,55,48,10,34,40,39,39,12,80,79,77,77,70,31,17,41,22,22,22,46,28,20,37,61,61,80,80,80,80,80,80,48,72,72,72,75,50,50,50,50,74,79],"gold":726,"neow_bonus":"TWO_FIFTY_GOLD","is_daily":false,"chose_seed":true,"campfire_upgraded":3,"win_rate":0.0,"timestamp":1609418617,"path_taken":["M","M","M","?","?","E","R","M","T","M","E","R","M","E","R","BOSS","M","M","$","M","M","E","R","E","T","E","R","?","M","M","R","BOSS","M","?","?","$","M","E","R","E","T","E","M","E","R","E","R","BOSS"],"items_purchased_type":["Card","Relic","Card","Relic","Relic","Card"],"build_version":"2020-12-22","purchased_purges":2,"victory":true,"max_hp_per_floor":[80,80,80,80,80,80,80,80,80,80,80,80,80,80,80,80,80,80,80,80,80,80,80,80,80,80,80,80,80,80,80,80,80,80,80,80,80,80,80,80,80,80,80,80,80,80,80,80,80,80],"relic_stats":{"counters":[31,157],"Self Forming Clay":[27],"Juzu Bracelet":0,"War Paint":["Battle Trance","Defend_R"],"Cursed Key":1,"Burning Blood":179,"Sozu":7,"Dream Catcher":2,"Mummified Hand":[63],"obtain_stats":[{"Self Forming Clay":42,"Thread and Needle":25,"Incense Burner":29,"Juzu Bracelet":38,"Bottled Tornado":14,"War Paint":46,"Cursed Key":34,"Burning Blood":0,"Old Coin":11,"Sozu":17,"CaptainsWheel":27,"Dream Catcher":40,"Mummified Hand":26,"Bag of Marbles":6,"Bottled Lightning":23,"Membership Card":38,"Toxic Egg 2":43,"StrikeDummy":5,"InkBottle":9,"Unceasing Top":44,"Toy Ornithopter":48,"Meat on the Bone":29},{"Self Forming Clay":26,"Thread and Needle":16,"Incense Burner":19,"Juzu Bracelet":23,"Bottled Tornado":9,"War Paint":29,"Cursed Key":22,"Burning Blood":0,"Old Coin":7,"Sozu":10,"CaptainsWheel":17,"Dream Catcher":25,"Mummified Hand":16,"Bag of Marbles":4,"Bottled Lightning":15,"Membership Card":23,"Toxic Egg 2":26,"StrikeDummy":3,"InkBottle":5,"Unceasing Top":27,"Toy Ornithopter":30,"Meat on the Bone":19},{"Self Forming Clay":131,"Thread and Needle":87,"Incense Burner":99,"Juzu Bracelet":121,"Bottled Tornado":37,"War Paint":144,"Cursed Key":115,"Burning Blood":0,"Old Coin":32,"Sozu":50,"CaptainsWheel":92,"Dream Catcher":130,"Mummified Hand":87,"Bag of Marbles":20,"Bottled Lightning":79,"Membership Card":121,"Toxic Egg 2":131,"StrikeDummy":11,"InkBottle":23,"Unceasing Top":135,"Toy Ornithopter":151,"Meat on the Bone":99}],"InkBottle":[56],"Unceasing Top":[8],"Toy Ornithopter":0,"Meat on the Bone":48},"card_choices":[{"not_picked":["Heavy Blade","Blood for Blood"],"picked":"Spot Weakness","floor":1.0},{"not_picked":["True Grit","Warcry"],"picked":"Pommel Strike","floor":2},{"not_picked":["Pummel","Blood for Blood"],"picked":"Rage","floor":3},{"not_picked":["Sword Boomerang","Feed"],"picked":"Armaments","floor":6},{"not_picked":["Wild Strike","Flex"],"picked":"Iron Wave","floor":8},{"not_picked":["Clash","Second Wind","Warcry"],"picked":"SKIP","floor":10},{"not_picked":["Uppercut","Armaments"],"picked":"Barricade","floor":11},{"not_picked":["Perfected Strike","Burning Pact"],"picked":"Cleave","floor":13},{"not_picked":["Sword Boomerang","Heavy Blade"],"picked":"Battle Trance","floor":14},{"not_picked":["Limit Break","Demon Form"],"picked":"Corruption","floor":16},{"not_picked":["Cleave","Fire Breathing"],"picked":"Dark Embrace","floor":18},{"not_picked":["Thunderclap+1","Flex"],"picked":"Body Slam","floor":19},{"not_picked":["Searing Blow","Heavy Blade"],"picked":"Clothesline","floor":21},{"not_picked":["Clothesline","Combust"],"picked":"Iron Wave","floor":22},{"not_picked":["Pommel Strike","Clothesline","Second Wind"],"picked":"SKIP","floor":23},{"not_picked":["Shrug It Off","Flex"],"picked":"Offering","floor":25},{"not_picked":["Perfected Strike","Headbutt"],"picked":"Feel No Pain","floor":27},{"not_picked":["Searing Blow","Anger+1"],"picked":"Shrug It Off+1","floor":29},{"not_picked":["Heavy Blade","Dropkick","Twin Strike"],"picked":"SKIP","floor":30},{"not_picked":["Uppercut","Second Wind"],"picked":"Iron Wave","floor":31},{"not_picked":["Cleave+1","Flex+1","Pummel"],"picked":"SKIP","floor":35},{"not_picked":["Battle Trance+1","Metallicize"],"picked":"Entrench+1","floor":39},{"not_picked":["Shrug It Off+1","Offering"],"picked":"Iron Wave+1","floor":40},{"not_picked":["Ghostly Armor+1","Headbutt+1"],"picked":"Body Slam","floor":41},{"not_picked":["Warcry+1","Corruption","Power Through"],"picked":"SKIP","floor":42},{"not_picked":["Perfected Strike+1","Heavy Blade+1"],"picked":"Spot Weakness+1","floor":44},{"not_picked":["Seeing Red+1","Thunderclap"],"picked":"Iron Wave","floor":45},{"not_picked":["Double Tap+1","Second Wind+1","Blood for Blood+1"],"picked":"SKIP","floor":46},{"not_picked":["Fiend Fire","Rampage","Flex+1"],"picked":"SKIP","floor":48}],"player_experience":42037,"relics_obtained":[{"floor":6,"key":"Bag of Marbles"},{"floor":9,"key":"InkBottle"},{"floor":11,"key":"Old Coin"},{"floor":14,"key":"Bottled Tornado"},{"floor":23,"key":"Bottled Lightning"},{"floor":25,"key":"Thread and Needle"},{"floor":26,"key":"Mummified Hand"},{"floor":27,"key":"CaptainsWheel"},{"floor":29,"key":"Incense Burner"},{"floor":29,"key":"Meat on the Bone"},{"floor":40,"key":"Dream Catcher"},{"floor":42,"key":"Self Forming Clay"},{"floor":43,"key":"Toxic Egg 2"},{"floor":44,"key":"Unceasing Top"},{"floor":46,"key":"War Paint"},{"floor":48,"key":"Toy Ornithopter"}],"event_choices":[{"damage_healed":0,"gold_gain":0,"player_choice":"Bought 2 Potions","damage_taken":0,"max_hp_gain":0,"max_hp_loss":0,"event_name":"The Woman in Blue","floor":4,"gold_loss":0},{"damage_healed":0,"gold_gain":0,"player_choice":"Fight","damage_taken":0,"max_hp_gain":0,"max_hp_loss":0,"event_name":"Colosseum","floor":29,"gold_loss":0},{"damage_healed":0,"gold_gain":0,"player_choice":"Fought Nobs","damage_taken":0,"max_hp_gain":0,"max_hp_loss":0,"event_name":"Colosseum","floor":29,"gold_loss":0},{"damage_healed":0,"gold_gain":0,"player_choice":"Ignored","damage_taken":0,"max_hp_gain":0,"max_hp_loss":0,"event_name":"Tomb of Lord Red Mask","floor":36,"gold_loss":0},{"cards_removed":["Strike_R"],"damage_healed":0,"gold_gain":0,"player_choice":"Removed Attack","damage_taken":0,"max_hp_gain":0,"max_hp_loss":0,"event_name":"Falling","floor":37,"gold_loss":0}],"is_beta":false,"boss_relics":[{"not_picked":["Busted Crown","Astrolabe"],"picked":"Sozu"},{"not_picked":["SacredBark","Runic Cube"],"picked":"Cursed Key"}],"items_purged_floors":[5,38],"is_endless":false,"potions_floor_spawned":[3,6,11,16,22,25,30,31,33,40,48],"ascension_level":2}}