{"host":"a4s27ghlnr83kbqz","time":1609420613,"event":{"mods":["AchievementEnabler","BaseMod","Colored Map","Minty Spire (QoL Compilation)","Permanent Neow","SuperFastMode"],"gold_per_floor":[116,130,130,130,147,147,160,160,160,185,202,213,243,262,262,262,262],"floor_reached":16,"playtime":344,"items_purged":[],"score":228,"play_id":"25bb7421-d387-4b46-a609-1d94a8778345","local_time":"20201231211653","is_ascension_mode":true,"campfire_choices":[{"data":"Uppercut","floor":6,"key":"SMITH"},{"data":"Carnage","floor":8,"key":"SMITH"},{"data":"Shockwave","floor":15,"key":"SMITH"}],"circlet_count":0,"master_deck":["AscendersBane","Strike_R","Defend_R","Defend_R","Defend_R","Defend_R","Bash","Uppercut+1","Carnage+1","Corruption","Flame Barrier","Bloodletting","Offering","Seeing Red","Shockwave+1"],"relics":["Burning Blood","The Courier","Meat on the Bone","Mercury Hourglass"],"acts_visited":["Exordium"],"potions_floor_usage":[10],"damage_taken":[{"damage":7,"enemies":"2 Louse","floor":1,"turns":4},{"damage":4,"enemies":"Small Slimes","floor":2,"turns":5},{"damage":9,"enemies":"Jaw Worm","floor":5,"turns":3},{"damage":11,"enemies":"3 Louse","floor":7,"turns":4},{"damage":7,"enemies":"Gremlin Nob","floor":10,"turns":3},{"damage":25,"enemies":"Large Slime","floor":11,"turns":5},{"damage":8,"enemies":"Blue Slaver","floor":12,"turns":4},{"damage":14,"enemies":"Lagavulin","floor":13,"turns":5},{"damage":7,"enemies":"2 Fungi Beasts","floor":14,"turns":3},{"damage":49,"enemies":"Hexaghost","floor":16,"turns":9}],"seed_played":"-6465393101905004466","potions_obtained":[{"floor":1,"key":"BlessingOfTheForge"},{"floor":5,"key":"DistilledChaos"},{"floor":12,"key":"Block Potion"}],"is_trial":false,"path_per_floor":["M","M","?","?","M","R","M","R","T","E","M","M","E","M","R","B"],"character_chosen":"IRONCLAD","items_purchased":[],"campfire_rested":0,"item_purchase_floors":[],"current_hp_per_floor":[67,68,68,61,58,58,53,53,53,52,45,43,47,46,46,0,0],"gold":262,"neow_bonus":"REMOVE_TWO","is_daily":false,"chose_seed":false,"campfire_upgraded":3,"win_rate":0.0,"timestamp":1609420613,"path_taken":["M","M","?","?","M","R","M","R","T","E","M","M","E","M","R","BOSS"],"items_purchased_type":[],"build_version":"2020-12-22","purchased_purges":0,"victory":false,"max_hp_per_floor":[68,68,68,68,68,68,68,68,68,68,68,68,68,68,68,68,68],"card_choices":[{"not_picked":["Twin Strike","Sever Soul"],"picked":"Uppercut","floor":1},{"not_picked":["Thunderclap","Havoc"],"picked":"Carnage","floor":2},{"not_picked":["Clash","Burning Pact"],"picked":"Flame Barrier","floor":5},{"not_picked":["Second Wind","True Grit"],"picked":"Bloodletting","floor":7},{"not_picked":["Corruption","Combust"],"picked":"Offering","floor":10},{"not_picked":["Anger","Bloodletting"],"picked":"Seeing Red","floor":11},{"not_picked":["Cleave","Dual Wield","Clothesline"],"picked":"SKIP","floor":12},{"not_picked":["Clash","Cleave","Armaments"],"picked":"SKIP","floor":13},{"not_picked":["Reckless Charge","Warcry"],"picked":"Shockwave","floor":14}],"player_experience":1068488,"relics_obtained":[{"floor":9,"key":"The Courier"},{"floor":10,"key":"Meat on the Bone"},{"floor":13,"key":"Mercury Hourglass"}],"event_choices":[{"damage_healed":0,"gold_gain":0,"cards_transformed":["Strike_R"],"player_choice":"Change","damage_taken":0,"max_hp_gain":0,"max_hp_loss":0,"event_name":"Living Wall","floor":3,"gold_loss":0,"cards_obtained":["Corruption"]},{"cards_removed":["Strike_R"],"damage_healed":0,"gold_gain":0,"player_choice":"Card Removal","damage_taken":7,"max_hp_gain":0,"max_hp_loss":0,"event_name":"Golden Wing","floor":4,"gold_loss":0}],"is_beta":false,"boss_relics":[],"items_purged_floors":[],"is_endless":false,"potions_floor_spawned":[1,5,12,14],"killed_by":"Hexaghost","ascension_level":20}}