{"host":"i0dqv19ybe2atd47","time":1609378607,"event":{"mods":["2.2 Compatiblity","AchievementEnabler","Act Like it!","Bard","BaseMod","Beaked The Cultist","Bestiary","BetterRewards","CapriCore","ChefMod","Colored Map","Conspire","Curses Come First","Dio Mod","Downfall","GungeonMod","Hallownest","Hermit","Kratos Character Expansion","Melee Mod","Minty Spire (QoL Compilation)","Quick Restart","RRrroohrrRGHHhhh!!","Rare Cards Sparkle","Replay The Spire","Robot Space Explorer","SCP261 Mod","Shade Mod","Spicy Shops","StSLib","The Blackbeard","The Bug Knight","The Caster","The Cursed","The Disciple","The Dragon Tamer","The IronCluck","The Jungle","The Necromancer","The Runesmith","The Showman","The Trickster","The Wild Card","TheLocksmith","TheVacant"],"gold_per_floor":[212,229,269,285,303,303,317,345,345,345,345,355,120,132,132,132,132],"floor_reached":16,"playtime":1895,"items_purged":[],"score":129,"play_id":"bd52d116-8abc-43b5-8666-7211d75a5f63","local_time":"20201230203647","is_ascension_mode":false,"campfire_choices":[{"data":"Clash","floor":6,"key":"SMITH"},{"floor":15,"key":"REST"}],"circlet_count":0,"master_deck":["Strike_R","Strike_R","Strike_R","Strike_R","Strike_R","Defend_R","Defend_R","Defend_R","Defend_R","Bash","Body Slam","Clash+1","Hemogenesis","Cleave","Heavy Blade","Rampage","conspire:ExplosiveBarrier","Self Repair+1","ReplayTheSpireMod:GoodbyeWorld+1","Clash","Clash","Turbo","Clash"],"relics":["Meat on the Bone","Sundial","Frozen Egg 2","Iron Core","KratosMod:chalice","Inserter","DemoMod:GnawedKey"],"acts_visited":["Exordium"],"potions_floor_usage":[8,12],"damage_taken":[{"damage":5,"enemies":"2 Louse","floor":1,"turns":4},{"damage":8,"enemies":"Cultist","floor":2,"turns":4},{"damage":30,"enemies":"conspire:MimicChest","floor":3,"turns":7},{"damage":0,"enemies":"conspire:RoseBush","floor":4,"turns":2},{"damage":12,"enemies":"2 Fungi Beasts","floor":5,"turns":5},{"damage":10,"enemies":"conspire:2 RoseBushes","floor":7,"turns":5},{"damage":26,"enemies":"Gremlin Nob","floor":8,"turns":4},{"damage":16,"enemies":"Exordium Wildlife","floor":12,"turns":3},{"damage":9,"enemies":"2 Fungi Beasts","floor":14,"turns":2},{"damage":60,"enemies":"Fading Forest","floor":16,"turns":10}],"seed_played":"540361427483056952","potions_obtained":[{"floor":1,"key":"sneckomod:MuddlingPotion"},{"floor":7,"key":"SteroidPotion"},{"floor":8,"key":"DistilledChaos"},{"floor":14,"key":"Reflective Coating"}],"is_trial":false,"path_per_floor":["M","M","?","M","M","R","M","E","T","?","?","M","$","M","R","B"],"character_chosen":"IRONCLAD","items_purchased":["Clash","Turbo","DemoMod:GnawedKey"],"campfire_rested":1,"item_purchase_floors":[13,13,13],"current_hp_per_floor":[80,78,54,60,59,59,60,57,57,57,57,51,51,52,76,16,16],"gold":132,"neow_bonus":"HUNDRED_GOLD","is_daily":false,"chose_seed":false,"campfire_upgraded":1,"win_rate":0.0,"timestamp":1609378607,"path_taken":["M","M","?","?","M","R","M","E","T","?","?","M","?","?","R","BOSS"],"items_purchased_type":["Card","Card","Relic"],"build_version":"2020-12-22","purchased_purges":0,"victory":false,"max_hp_per_floor":[80,80,80,80,80,80,80,80,80,80,80,80,80,80,80,80,80],"card_choices":[{"not_picked":["Dropkick","Thunderclap"],"picked":"Body Slam","floor":1},{"not_picked":["True Grit","Replay:Undeath\u0027s Touch"],"picked":"Clash","floor":2},{"not_picked":["Clothesline","Heavy Blade"],"picked":"Hemogenesis","floor":3},{"not_picked":["Replay:Undeath\u0027s Touch","Thunderclap"],"picked":"Cleave","floor":4},{"not_picked":["Replay:Undeath\u0027s Touch","Hemokinesis"],"picked":"Heavy Blade","floor":5},{"not_picked":["True Grit","Sever Soul"],"picked":"Rampage","floor":7},{"not_picked":["ReplayTheSpireMod:Stacked","Heavy Blade"],"picked":"conspire:ExplosiveBarrier","floor":8},{"not_picked":["Brutality+1","True Grit"],"picked":"ReplayTheSpireMod:GoodbyeWorld+1","floor":12},{"not_picked":["Shrug It Off","Gash"],"picked":"Clash","floor":14}],"player_experience":32249,"relics_obtained":[{"floor":3,"key":"Meat on the Bone"},{"floor":8,"key":"Sundial"},{"floor":9,"key":"Frozen Egg 2"}],"event_choices":[],"is_beta":false,"boss_relics":[],"items_purged_floors":[],"is_endless":false,"potions_floor_spawned":[1,7,8,14],"killed_by":"Fading Forest","ascension_level":0}}