{"host":"7khtwbkyze7y134w","time":1609419511,"event":{"mods":["AchievementEnabler","BaseMod","Bestiary","Colored Map","Colored Powertips","Curses Come First","Highlight Path","Minty Spire (QoL Compilation)","Quick Restart","Relic Stats","Slay-I","StSLib","SuperFastMode"],"gold_per_floor":[109,109,31,48,58,58,85,85,85,122,122,157,157,178,178,178,178],"floor_reached":16,"playtime":377,"items_purged":[],"score":124,"play_id":"79b142a6-c1cc-44b8-b10d-50e27ce63d33","local_time":"20201231125831","is_ascension_mode":true,"campfire_choices":[{"data":"Backstab","floor":6,"key":"SMITH"},{"floor":8,"key":"REST"},{"floor":13,"key":"REST"},{"data":"Backstab","floor":15,"key":"SMITH"}],"circlet_count":0,"master_deck":["Strike_G","Strike_G","Strike_G","Strike_G","Strike_G","Defend_G","Defend_G","Defend_G","Defend_G","Defend_G","Survivor","Neutralize","Backstab+1","Slice","Endless Agony","Crippling Poison","Envenom","Poisoned Stab","Backstab+1"],"relics":["Ring of the Snake","NeowsBlessing","Bird Faced Urn","Gambling Chip","CeramicFish","InkBottle"],"acts_visited":[],"potions_floor_usage":[7,12,12],"damage_taken":[{"damage":0,"enemies":"Small Slimes","floor":1,"turns":1},{"damage":0,"enemies":"Jaw Worm","floor":4,"turns":1},{"damage":0,"enemies":"Cultist","floor":5,"turns":1},{"damage":29,"enemies":"Lagavulin","floor":7,"turns":7},{"damage":10,"enemies":"Gremlin Nob","floor":10,"turns":4},{"damage":37,"enemies":"Lagavulin","floor":12,"turns":7},{"damage":0,"enemies":"Gremlin Gang","floor":14,"turns":3},{"damage":52,"enemies":"Slime Boss","floor":16,"turns":9}],"seed_played":"-8469083823248726629","potions_obtained":[{"floor":4,"key":"LiquidBronze"},{"floor":5,"key":"Block Potion"},{"floor":7,"key":"GhostInAJar"}],"is_trial":false,"path_per_floor":["M","?","$","M","M","R","E","R","T","E","$","E","R","M","R","B"],"character_chosen":"THE_SILENT","items_purchased":["Backstab"],"campfire_rested":2,"item_purchase_floors":[3],"current_hp_per_floor":[70,75,75,75,75,75,46,68,68,58,58,23,45,45,45,0,0],"gold":178,"neow_bonus":"THREE_ENEMY_KILL","is_daily":false,"chose_seed":false,"campfire_upgraded":2,"win_rate":0.0,"timestamp":1609419511,"path_taken":["M","?","?","?","M","R","E","R","T","E","$","E","R","M","R","BOSS"],"items_purchased_type":["Card"],"build_version":"2020-12-22","purchased_purges":0,"victory":false,"max_hp_per_floor":[70,75,75,75,75,75,75,75,75,75,75,75,75,75,75,75,75],"relic_stats":{"counters":[8,33],"Bird Faced Urn":[4],"Gambling Chip":[14],"CeramicFish":27,"obtain_stats":[{"NeowsBlessing":0,"Bird Faced Urn":7,"Gambling Chip":9,"CeramicFish":10,"InkBottle":12,"Ring of the Snake":0},{"NeowsBlessing":0,"Bird Faced Urn":4,"Gambling Chip":4,"CeramicFish":5,"InkBottle":6,"Ring of the Snake":0},{"NeowsBlessing":0,"Bird Faced Urn":10,"Gambling Chip":10,"CeramicFish":14,"InkBottle":21,"Ring of the Snake":0}],"InkBottle":[4],"Ring of the Snake":[17]},"card_choices":[{"not_picked":["Dodge and Roll","All Out Attack","Deflect"],"picked":"SKIP","floor":1},{"not_picked":["Quick Slash","Prepared"],"picked":"Slice","floor":4},{"not_picked":["Deflect","All Out Attack"],"picked":"Endless Agony","floor":5},{"not_picked":["Sucker Punch","Underhanded Strike"],"picked":"Crippling Poison","floor":7},{"not_picked":["Underhanded Strike","Dagger Throw"],"picked":"Envenom","floor":10},{"not_picked":["All Out Attack","Blur"],"picked":"Poisoned Stab","floor":12},{"not_picked":["PiercingWail","Prepared"],"picked":"Backstab","floor":14}],"player_experience":45928,"relics_obtained":[{"floor":7,"key":"Bird Faced Urn"},{"floor":9,"key":"Gambling Chip"},{"floor":10,"key":"CeramicFish"},{"floor":12,"key":"InkBottle"}],"event_choices":[{"damage_healed":0,"gold_gain":0,"player_choice":"Donut","damage_taken":0,"max_hp_gain":5,"max_hp_loss":0,"event_name":"Big Fish","floor":2,"gold_loss":0}],"is_beta":false,"boss_relics":[],"items_purged_floors":[],"is_endless":false,"potions_floor_spawned":[4,5,7],"killed_by":"Slime Boss","ascension_level":1}}