{"host":"n23juj4d9qam5hh1","time":1609407539,"event":{"mods":["BaseMod","Better Note","BetterRewards","Infinite Spire","Minty Spire (QoL Compilation)","Relic Stats","StSLib"],"gold_per_floor":[109,124,199,199,42,68,81,81,81,111,111,130,130,130,130,229,279,299,299,315,335,335,355,355,355],"floor_reached":24,"playtime":951,"items_purged":[],"score":254,"play_id":"80aaa05d-cd49-4bae-bf50-cb653e325baa","local_time":"20201231043859","is_ascension_mode":true,"campfire_choices":[{"floor":8.0,"key":"REST"},{"data":"Noxious Fumes","floor":11.0,"key":"SMITH"},{"data":"Bouncing Flask","floor":13.0,"key":"SMITH"},{"data":"Catalyst","floor":15.0,"key":"SMITH"}],"circlet_count":0,"master_deck":["Strike_G+1","Strike_G+1","Strike_G+1","Strike_G","Defend_G","Defend_G","Defend_G","Defend_G","Defend_G+1","Survivor","Neutralize","Dagger Spray+1","Noxious Fumes+1","Bouncing Flask+1","Masterful Stab","Catalyst+1","infinitespire:Neurotoxin","Riddle With Holes","Backflip+1","Noxious Fumes+1","Bane"],"relics":["Ring of the Snake","NeowsBlessing","infinitespire:ShieldingShard","Incense Burner","Whetstone","Tiny House"],"acts_visited":["Exordium","TheCity"],"potions_floor_usage":[24,24],"damage_taken":[{"damage":0.0,"enemies":"Cultist","floor":1.0,"turns":1.0},{"damage":0.0,"enemies":"Small Slimes","floor":2.0,"turns":1.0},{"damage":0.0,"enemies":"Lagavulin","floor":6.0,"turns":1.0},{"damage":4.0,"enemies":"Jaw Worm","floor":7.0,"turns":4.0},{"damage":3.0,"enemies":"3 Sentries","floor":10.0,"turns":6.0},{"damage":5.0,"enemies":"Large Slime","floor":12.0,"turns":6.0},{"damage":30.0,"enemies":"Slime Boss","floor":16.0,"turns":10.0},{"damage":11.0,"enemies":"Spheric Guardian","floor":18.0,"turns":4.0},{"damage":4.0,"enemies":"3 Byrds","floor":20.0,"turns":5.0},{"damage":23.0,"enemies":"3 Cultists","floor":21.0,"turns":5.0},{"damage":16,"enemies":"Chosen and Byrds","floor":23,"turns":6},{"damage":24,"enemies":"Snake Plant","floor":24,"turns":3}],"seed_played":"6219212090906365588","potions_obtained":[{"floor":1.0,"key":"Swift Potion"},{"floor":6.0,"key":"Energy Potion"},{"floor":7.0,"key":"SpeedPotion"},{"floor":12.0,"key":"Energy Potion"},{"floor":17.0,"key":"Ancient Potion"},{"floor":20.0,"key":"PowerPotion"},{"floor":23,"key":"ColorlessPotion"}],"is_trial":false,"path_per_floor":["M","M","?","?","$","E","M","R","T","E","R","M","R","?","R","B",null,"M","?","M","M","?","M","M"],"character_chosen":"THE_SILENT","items_purchased":["Noxious Fumes","Bouncing Flask"],"campfire_rested":1,"item_purchase_floors":[5,5],"current_hp_per_floor":[70,70,59,45,45,45,41,62,62,59,59,54,54,54,54,24,75,64,64,60,37,37,21,0,0],"gold":355,"neow_bonus":"THREE_ENEMY_KILL","is_daily":false,"chose_seed":false,"campfire_upgraded":3,"win_rate":0.0,"timestamp":1609407539,"path_taken":["M","?","?","?","$","E","M","R","T","E","R","M","R","?","R","BOSS","M","?","M","M","?","M","?"],"items_purchased_type":["Card","Card"],"build_version":"2020-12-22","purchased_purges":0,"victory":false,"max_hp_per_floor":[70,70,70,70,70,70,70,70,70,70,70,70,70,70,70,70,75,75,75,75,75,75,75,75,75],"relic_stats":{"counters":[12,52],"Whetstone":["Strike_G","Strike_G"],"obtain_stats":[{"infinitespire:ShieldingShard":6,"Tiny House":17,"NeowsBlessing":0,"Incense Burner":9,"Whetstone":10,"Ring of the Snake":0},{"infinitespire:ShieldingShard":3,"Tiny House":7,"NeowsBlessing":0,"Incense Burner":4,"Whetstone":5,"Ring of the Snake":0},{"infinitespire:ShieldingShard":3,"Tiny House":29,"NeowsBlessing":0,"Incense Burner":7,"Whetstone":13,"Ring of the Snake":0}],"Ring of the Snake":[24]},"card_choices":[{"not_picked":["Leg Sweep","Deflect"],"picked":"Dagger Spray","floor":1.0},{"not_picked":["Endless Agony","Underhanded Strike","Prepared"],"picked":"SKIP","floor":2.0},{"not_picked":["Well Laid Plans","Dagger Spray","Acrobatics"],"picked":"SKIP","floor":6.0},{"not_picked":["Venomology","Endless Agony"],"picked":"Masterful Stab","floor":7.0},{"not_picked":["Sucker Punch","Underhanded Strike"],"picked":"Catalyst","floor":10.0},{"not_picked":["Cloak And Dagger","Infinite Blades","Flechettes"],"picked":"SKIP","floor":12.0},{"not_picked":["Grand Finale","Doppelganger"],"picked":"infinitespire:Neurotoxin","floor":16.0},{"not_picked":["Deadly Poison","Slice"],"picked":"Riddle With Holes","floor":17.0},{"not_picked":["Choke","Underhanded Strike"],"picked":"Backflip+1","floor":18.0},{"not_picked":["Finisher","Cloak And Dagger+1"],"picked":"Noxious Fumes+1","floor":20.0},{"not_picked":["Expertise","Heel Hook+1","Bane"],"picked":"SKIP","floor":21.0},{"not_picked":["Well Laid Plans","Slice+1"],"picked":"Bane","floor":23}],"player_experience":211520,"relics_obtained":[{"floor":6.0,"key":"infinitespire:ShieldingShard"},{"floor":9.0,"key":"Incense Burner"},{"floor":10.0,"key":"Whetstone"}],"event_choices":[{"damage_healed":0.0,"max_hp_gain":0.0,"max_hp_loss":0.0,"gold_gain":75.0,"event_name":"World of Goop","player_choice":"Gather Gold","floor":3.0,"gold_loss":0.0,"damage_taken":11.0},{"damage_healed":0.0,"max_hp_gain":0.0,"max_hp_loss":0.0,"gold_gain":0.0,"event_name":"Shining Light","player_choice":"Entered Light","floor":4.0,"gold_loss":0.0,"damage_taken":14.0,"cards_upgraded":["Dagger Spray","Strike_G"]},{"damage_healed":0.0,"max_hp_gain":0.0,"max_hp_loss":0.0,"gold_gain":0.0,"event_name":"Liars Game","player_choice":"Ignored","floor":14.0,"gold_loss":0.0,"damage_taken":0.0},{"cards_removed":["Strike_G"],"damage_healed":0.0,"max_hp_gain":0.0,"max_hp_loss":0.0,"gold_gain":0.0,"event_name":"Back to Basics","player_choice":"Elegance","floor":19.0,"gold_loss":0.0,"damage_taken":0.0},{"damage_healed":0,"gold_gain":0,"player_choice":"Leave","damage_taken":0,"max_hp_gain":0,"max_hp_loss":0,"event_name":"FaceTrader","floor":22,"gold_loss":0}],"is_beta":false,"boss_relics":[{"not_picked":["Pandora\u0027s Box","Ectoplasm"],"picked":"Tiny House"}],"items_purged_floors":[],"is_endless":false,"potions_floor_spawned":[1,6,7,12,20,23],"killed_by":"Snake Plant","ascension_level":2}}