{"host":"ky7z67tg8zpdk0g7","time":1609408741,"event":{"mods":["BaseMod","Better Third Choice","CapriCore","Displayed Cursed Tome","Energized Spire","Halation","Hubris","Minty Spire (QoL Compilation)","Replay The Spire","Shop Mod","StSLib"],"gold_per_floor":[114,124,124,74,87,87,114,114,186,201,214,214,239,289,289,386,386,403,403,403,519,538,568,644,328,328,328,328,343,423,433,433,529,529,541,206,206,216,242,270,270,284,364,341,361,375,409,423,423,423,423,423,58,85,85],"floor_reached":56,"playtime":2845,"items_purged":["hubris:Lust","ReplayTheSpireMod:Doomed","Writhe"],"score":1415,"play_id":"87f8f8da-c7b7-41a6-bd87-406fb3311de2","local_time":"20201231165901","is_ascension_mode":true,"campfire_choices":[{"data":"Poisoned Stab","floor":6.0,"key":"SMITH"},{"data":"Dagger Throw","floor":8.0,"key":"SMITH"},{"data":"After Image","floor":15.0,"key":"SMITH"},{"floor":27.0,"key":"REST"},{"data":"Languid","floor":32.0,"key":"PURGE"},{"floor":41.0,"key":"REST"},{"floor":49,"key":"RECALL"},{"data":"Noxious Fumes","floor":52,"key":"SMITH"}],"circlet_count":0,"master_deck":["Strike_G+1","Strike_G+1","Strike_G+1","Defend_G+1","Defend_G+1","Defend_G+1","Defend_G+1","Survivor","Neutralize+1","Poisoned Stab+1","Calculated Gamble+1","ReplayTheSpireMod:The Works","Dagger Throw+1","Backflip","After Image+1","Hallucinations","Corpse Explosion","Toxin Wave+1","Bane+1","Adrenaline","Specialist","Tools of the Trade","Draining Mist","Atom Bomb+1","Footwork","Replay:Poison Smokescreen","Noxious Fumes+1","Deadly Poison+1","hubris:Lust","Fluid Movement+1","Malaise+1","Replay:Hysterical Blindness","Doubt","Dodge and Roll+1","Crippling Poison+1","AbeCurse"],"relics":["Ring of the Snake","Replay:Wax Seal","Ornamental Fan","hubris:Icosahedron","hubris:AncientText","Ring of Greed","Ring of Panic","Membership Card","Tiny Chest","hubris:VirtuousBlindfold","Snack Pack","Bottled Lightning","halation:Jellyphish","Anchor","Meat on the Bone","halation:EternalFortune","Replay:Rubber Ducky","Empty Cage","Snake Skull","Durian","Bottled Flame","hubris:CrystalStatue","Toxic Egg 2","hubris:MedicalManual","hubris:SphereOfDissonance","Whetstone","halation:Sosunser","Akabeko"],"acts_visited":["Exordium","TheCity","TheBeyond","TheEnding"],"potions_floor_usage":[47,50,54,55,55],"damage_taken":[{"damage":0.0,"enemies":"2 Louse","floor":1.0,"turns":3.0},{"damage":0.0,"enemies":"Jaw Worm","floor":2.0,"turns":3.0},{"damage":0.0,"enemies":"Cultist","floor":5.0,"turns":3.0},{"damage":0.0,"enemies":"3 Louse","floor":10.0,"turns":4.0},{"damage":0.0,"enemies":"2 Fungi Beasts","floor":11.0,"turns":3.0},{"damage":0.0,"enemies":"Gremlin Nob","floor":13.0,"turns":3.0},{"damage":14.0,"enemies":"Hexaghost","floor":16.0,"turns":13.0},{"damage":7.0,"enemies":"2 Thieves","floor":18.0,"turns":2.0},{"damage":2.0,"enemies":"Shell Parasite","floor":21.0,"turns":5.0},{"damage":15.0,"enemies":"Snake Plant","floor":22.0,"turns":4.0},{"damage":38.0,"enemies":"Slavers","floor":23.0,"turns":4.0},{"damage":0.0,"enemies":"Centurion and Healer","floor":29.0,"turns":2.0},{"damage":0.0,"enemies":"Chosen and Byrds","floor":31.0,"turns":3.0},{"damage":19.0,"enemies":"Collector","floor":33.0,"turns":8.0},{"damage":0.0,"enemies":"3 Darklings","floor":35.0,"turns":3.0},{"damage":0.0,"enemies":"Orb Walker","floor":38.0,"turns":3.0},{"damage":67.0,"enemies":"Giant Head","floor":40.0,"turns":10.0},{"damage":0.0,"enemies":"Spire Growth","floor":42.0,"turns":4.0},{"damage":1.0,"enemies":"R_Hoarder","floor":44.0,"turns":6.0},{"damage":0.0,"enemies":"Maw","floor":45.0,"turns":6.0},{"damage":0.0,"enemies":"3 Darklings","floor":46.0,"turns":1.0},{"damage":0,"enemies":"Giant Head","floor":47,"turns":8},{"damage":0,"enemies":"Transient","floor":48,"turns":5},{"damage":25,"enemies":"Replay:Hell Engine","floor":50,"turns":11},{"damage":11,"enemies":"Shield and Spear","floor":54,"turns":4},{"damage":53,"enemies":"The Heart","floor":55,"turns":9}],"seed_played":"-8695327672810043630","potions_obtained":[{"floor":5.0,"key":"Swift Potion"},{"floor":10.0,"key":"GamblersBrew"},{"floor":11.0,"key":"SpeedPotion"},{"floor":16.0,"key":"SmokeBomb"},{"floor":18.0,"key":"Dexterity Potion"},{"floor":30.0,"key":"DistilledChaos"},{"floor":33.0,"key":"ColorlessPotion"},{"floor":35.0,"key":"DuplicationPotion"},{"floor":45.0,"key":"Adrenaline Potion"},{"floor":47,"key":"LiquidMemories"}],"is_trial":false,"path_per_floor":["M","M","?","?","M","R","T","R","T","M","M","?","E","?","R","B",null,"M","?","?","M","M","E","T","$","T","R","?","M","?","M","R","B",null,"M","$","?","M","T","E","R","M","T","E","M","M","E","M","R","B",null,"R","$","E","B",null],"character_chosen":"THE_SILENT","items_purchased":["halation:Jellyphish","Anchor","Adrenaline","Specialist","Snake Skull","Footwork","Durian","Replay:Poison Smokescreen","hubris:SphereOfDissonance","PowerPotion","Whetstone","halation:Sosunser"],"campfire_rested":2,"item_purchase_floors":[25,25,25,25,36,36,36,36,53,53,53,53],"current_hp_per_floor":[70,70,70,70,70,70,70,70,70,70,70,70,70,70,70,56,70,63,63,63,61,46,8,8,8,8,29,32,44,44,46,46,47,73,73,78,78,78,78,25,48,52,52,55,55,55,59,61,61,50,78,78,78,67,36],"gold":85,"neow_bonus":"UPGRADE_CARD","is_daily":false,"chose_seed":false,"campfire_upgraded":4,"win_rate":0.0,"timestamp":1609408741,"path_taken":["M","M","?","?","M","R","?","R","T","?","M","?","E","?","R","BOSS","M","?","?","?","M","E","?","$","T","R","?","M","?","M","R","BOSS","M","$","?","M","?","E","R","M","T","E","M","?","E","M","R","BOSS","R","$","E","BOSS"],"items_purchased_type":["Relic","Relic","Card","Card","Relic","Card","Relic","Card","Relic","Potion","Relic","Relic"],"build_version":"2020-12-22","purchased_purges":3,"victory":true,"max_hp_per_floor":[70,70,70,70,70,70,70,70,70,70,70,70,70,70,70,70,70,70,70,70,70,70,70,70,70,70,70,73,73,73,73,73,73,73,73,78,78,78,78,78,78,78,78,78,78,78,78,78,78,78,78,78,78,78,78],"card_choices":[{"not_picked":["hubris:SlightOfHand","ReplayTheSpireMod:Shiv Toss"],"picked":"Poisoned Stab","floor":1.0},{"not_picked":["Acrobatics","Finisher"],"picked":"Calculated Gamble","floor":2.0},{"not_picked":["Acrobatics","Riddle With Holes"],"picked":"Dagger Throw","floor":5.0},{"not_picked":["Crippling Poison","hubris:Sniper"],"picked":"Backflip","floor":10.0},{"not_picked":["ReplayTheSpireMod:The Works","Blade Dance","Flechettes"],"picked":"SKIP","floor":11.0},{"not_picked":["Cloak And Dagger","Flying Knee"],"picked":"After Image","floor":13.0},{"not_picked":["Envenom","Die Die Die"],"picked":"Corpse Explosion","floor":16.0},{"not_picked":["PiercingWail","ReplayTheSpireMod:Scrap Shanks","Infinite Blades"],"picked":"SKIP","floor":18.0},{"not_picked":["Escape Plan","Hidden Blade","Finisher"],"picked":"SKIP","floor":21.0},{"not_picked":["Outmaneuver","Dodge and Roll"],"picked":"Toxin Wave+1","floor":22.0},{"not_picked":["Escape Plan","Leg Sweep"],"picked":"Bane","floor":23.0},{"not_picked":["Infinite Blades","Slice"],"picked":"Tools of the Trade","floor":29.0},{"not_picked":["Deadly Poison","Bouncing Flask"],"picked":"Draining Mist","floor":31.0},{"not_picked":["Venomology","Doppelganger"],"picked":"Atom Bomb","floor":33.0},{"not_picked":["Heel Hook+1","Prepared","Backflip"],"picked":"SKIP","floor":35.0},{"not_picked":["Underhanded Strike+1","Slice+1"],"picked":"Noxious Fumes","floor":38.0},{"not_picked":["Sucker Punch","Riddle With Holes"],"picked":"Deadly Poison+1","floor":40.0},{"not_picked":["Slice","Dagger Throw+1","Blade Dance+1"],"picked":"SKIP","floor":42.0},{"not_picked":["hubris:SlightOfHand+1","Expertise+1","Slice+1"],"picked":"SKIP","floor":44.0},{"not_picked":["Blade Dance+1","Bane"],"picked":"Fluid Movement+1","floor":45.0},{"not_picked":["Dodge and Roll+1","Blade Dance+1"],"picked":"Malaise+1","floor":46.0},{"not_picked":["Dash","Riddle With Holes"],"picked":"Dodge and Roll+1","floor":47},{"not_picked":["Quick Slash+1","Hidden Blade+1","Prepared+1"],"picked":"SKIP","floor":48},{"not_picked":["PiercingWail+1","Dodge and Roll+1"],"picked":"Crippling Poison+1","floor":54}],"player_experience":57711,"relics_obtained":[{"floor":7.0,"key":"Replay:Wax Seal"},{"floor":9.0,"key":"Ornamental Fan"},{"floor":13.0,"key":"hubris:AncientText"},{"floor":14.0,"key":"Ring of Greed"},{"floor":14.0,"key":"Ring of Panic"},{"floor":14.0,"key":"Membership Card"},{"floor":14.0,"key":"Tiny Chest"},{"floor":23.0,"key":"Snack Pack"},{"floor":24.0,"key":"Bottled Lightning"},{"floor":26.0,"key":"Meat on the Bone"},{"floor":30.0,"key":"Replay:Rubber Ducky"},{"floor":40.0,"key":"Bottled Flame"},{"floor":43.0,"key":"hubris:CrystalStatue"},{"floor":44.0,"key":"Toxic Egg 2"},{"floor":47,"key":"hubris:MedicalManual"},{"floor":54,"key":"Akabeko"}],"event_choices":[{"damage_healed":0.0,"max_hp_gain":0.0,"max_hp_loss":0.0,"gold_gain":0.0,"cards_transformed":["Strike_G"],"event_name":"Living Wall","player_choice":"Change","floor":3.0,"gold_loss":0.0,"damage_taken":0.0,"cards_obtained":["ReplayTheSpireMod:The Works"]},{"cards_removed":["Defend_G"],"damage_healed":0.0,"max_hp_gain":0.0,"max_hp_loss":0.0,"gold_gain":0.0,"event_name":"The Cleric","player_choice":"Card Removal","floor":4.0,"gold_loss":50.0,"damage_taken":0.0},{"damage_healed":0.0,"max_hp_gain":0.0,"max_hp_loss":8.0,"gold_gain":0.0,"event_name":"betterThird:BetterWriting","player_choice":"Simplicity","floor":19.0,"gold_loss":0.0,"damage_taken":0.0},{"cards_removed":["Strike_G"],"damage_healed":0.0,"max_hp_gain":0.0,"max_hp_loss":0.0,"gold_gain":0.0,"event_name":"Falling","player_choice":"Removed Attack","floor":37.0,"gold_loss":0.0,"damage_taken":0.0}],"is_beta":false,"boss_relics":[{"not_picked":["Fusion Hammer","ReplayTheSpireMod:DimensionalGlitch"],"picked":"hubris:VirtuousBlindfold"},{"not_picked":["energizedSpire:RedRose","Coffee Dripper"],"picked":"Empty Cage"}],"items_purged_floors":[25,36,53],"is_endless":false,"potions_floor_spawned":[5,10,11,16,18,21,33,35,38,44,45,47],"ascension_level":2}}