{"host":"2461dio7vetlq1z3","time":1609440103,"event":{"mods":["2.2 Compatiblity","AchievementEnabler","BaseMod","Better Third Choice","Friendly Minions","Hubris","Minty Spire (QoL Compilation)","Relic Stats","Spicy Shops","StSLib","Waifu the Spire"],"gold_per_floor":[111,124,138,138,138,166,184,184,184,184,23,23,55,70,70,146,146,162,1,20,20,20,45,63,63,113,140,140,173,183,183,183],"floor_reached":31,"playtime":1143,"items_purged":[],"score":606,"play_id":"663f1203-8282-469e-ab15-cb70ae61d2b4","local_time":"20201231194143","is_ascension_mode":true,"campfire_choices":[{"floor":8,"key":"REST"},{"data":"Fire Breathing","floor":10,"key":"SMITH"},{"data":"hubris:CleavingFinish","floor":12,"key":"SMITH"},{"data":"Blood for Blood","floor":15,"key":"SMITH"},{"floor":25,"key":"REST"},{"floor":28,"key":"REST"}],"circlet_count":0,"master_deck":["AscendersBane","Strike_R+1","Strike_R+1","Strike_R+1","Strike_R+1","Defend_R+1","Defend_R+1","Defend_R+1","Defend_R+1","Bash+1","Blood for Blood+1","hubris:CleavingFinish+1","Clothesline","hubris:SharpeningStone","Fire Breathing+1","Shrug It Off","Double Tap","hubris:CleavingFinish+1","Uppercut+1","Fire Breathing+1","Decay"],"relics":["Mark of Pain","hubris:Zylophone","Mummified Hand","hubris:OldNail","Darkstone Periapt","Cursed Key","DollysMirror","Kunai","Bag of Marbles","Blood Vial","Bronze Scales"],"acts_visited":["Exordium","TheCity"],"potions_floor_usage":[18,23,27],"damage_taken":[{"damage":1.0,"enemies":"Cultist","floor":1.0,"turns":3.0},{"damage":7.0,"enemies":"Small Slimes","floor":2.0,"turns":3.0},{"damage":2.0,"enemies":"Jaw Worm","floor":3.0,"turns":3.0},{"damage":25.0,"enemies":"Lagavulin","floor":6.0,"turns":6.0},{"damage":0,"enemies":"Large Slime","floor":7,"turns":4},{"damage":10,"enemies":"3 Sentries","floor":13,"turns":4},{"damage":7,"enemies":"Exordium Wildlife","floor":14,"turns":4},{"damage":26,"enemies":"The Guardian","floor":16,"turns":8},{"damage":5,"enemies":"Shell Parasite","floor":18,"turns":3},{"damage":6,"enemies":"3 Byrds","floor":20,"turns":3},{"damage":12,"enemies":"Gremlin Leader","floor":23,"turns":5},{"damage":10,"enemies":"3 Cultists","floor":24,"turns":4},{"damage":28,"enemies":"Slavers","floor":27,"turns":3},{"damage":17,"enemies":"Book of Stabbing","floor":29,"turns":3},{"damage":36,"enemies":"Shelled Parasite and Fungi","floor":30,"turns":4},{"damage":8,"enemies":"Snake Plant","floor":31,"turns":1}],"seed_played":"-7965455062798791727","potions_obtained":[{"floor":1.0,"key":"Block Potion"},{"floor":7,"key":"Explosive Potion"},{"floor":13,"key":"DistilledChaos"},{"floor":14,"key":"Swift Potion"},{"floor":18,"key":"Dexterity Potion"},{"floor":24,"key":"ColorlessPotion"}],"is_trial":false,"path_per_floor":["M","M","M","?","?","E","M","R","T","R","$","R","E","M","R","B",null,"M","$","M","?","?","E","M","R","T","E","R","E","M","M"],"character_chosen":"IRONCLAD","items_purchased":["hubris:OldNail","DollysMirror"],"campfire_rested":3,"item_purchase_floors":[11,19],"current_hp_per_floor":[67,60,58,58,58,33,33,55,55,55,55,55,45,38,38,12,59,54,54,48,48,48,36,26,48,54,26,50,35,1,0,0],"gold":183,"neow_bonus":"BOSS_RELIC","is_daily":false,"chose_seed":false,"campfire_upgraded":3,"win_rate":0.0,"timestamp":1609440103,"path_taken":["M","?","M","?","?","E","M","R","T","R","?","R","E","M","R","BOSS","M","$","M","?","?","E","M","R","T","E","R","E","M","M"],"items_purchased_type":["Relic","Relic"],"build_version":"2020-12-22","purchased_purges":0,"victory":false,"max_hp_per_floor":[75,75,75,75,75,75,75,75,75,75,75,75,75,75,75,75,75,75,75,75,75,75,75,75,75,81,81,81,81,81,81,81],"relic_stats":{"Darkstone Periapt":6,"Blood Vial":6,"counters":[16,61],"Mummified Hand":[13],"Bronze Scales":[15],"Kunai":[5],"Cursed Key":1,"obtain_stats":[{"hubris:Zylophone":6,"Darkstone Periapt":13,"Blood Vial":27,"Mummified Hand":9,"DollysMirror":19,"Bronze Scales":29,"Mark of Pain":0,"Bag of Marbles":26,"Kunai":23,"Cursed Key":17,"Burning Blood":0,"hubris:OldNail":11},{"hubris:Zylophone":4,"Darkstone Periapt":6,"Blood Vial":13,"Mummified Hand":5,"DollysMirror":9,"Bronze Scales":14,"Mark of Pain":0,"Bag of Marbles":12,"Kunai":11,"Cursed Key":8,"Burning Blood":0,"hubris:OldNail":5},{"hubris:Zylophone":15,"Darkstone Periapt":23,"Blood Vial":53,"Mummified Hand":19,"DollysMirror":38,"Bronze Scales":56,"Mark of Pain":0,"Bag of Marbles":50,"Kunai":46,"Cursed Key":35,"Burning Blood":0,"hubris:OldNail":19}]},"card_choices":[{"not_picked":["Sword Boomerang","Body Slam"],"picked":"Blood for Blood","floor":1.0},{"not_picked":["True Grit","Wild Strike"],"picked":"hubris:CleavingFinish","floor":2.0},{"not_picked":["Twin Strike","Clash"],"picked":"Clothesline","floor":3.0},{"not_picked":["Clash","Barricade"],"picked":"hubris:SharpeningStone","floor":6},{"not_picked":["Thunderclap","Body Slam"],"picked":"Fire Breathing","floor":7},{"not_picked":["Body Slam","Dropkick","Twin Strike"],"picked":"SKIP","floor":13},{"not_picked":["hubris:CleavingFinish","Blood for Blood"],"picked":"Shrug It Off","floor":14},{"not_picked":["Limit Break","Berserk"],"picked":"Double Tap","floor":16},{"not_picked":["Thunderclap","Clash","Warcry"],"picked":"SKIP","floor":18},{"not_picked":["Anger","Havoc","Infernal Blade"],"picked":"SKIP","floor":20},{"not_picked":["Power Through","Clothesline+1"],"picked":"Uppercut+1","floor":23},{"not_picked":["Reckless Charge","Clothesline"],"picked":"Fire Breathing+1","floor":24},{"not_picked":["Seeing Red","Wild Strike","Rampage"],"picked":"SKIP","floor":27},{"not_picked":["Heavy Blade","hubris:ReadiedAction","Reckless Charge"],"picked":"SKIP","floor":29},{"not_picked":["Anger","hubris:CleavingFinish","Twin Strike"],"picked":"SKIP","floor":30}],"player_experience":966396,"relics_obtained":[{"floor":6,"key":"hubris:Zylophone"},{"floor":9,"key":"Mummified Hand"},{"floor":13,"key":"Darkstone Periapt"},{"floor":23,"key":"Kunai"},{"floor":26,"key":"Bag of Marbles"},{"floor":27,"key":"Blood Vial"},{"floor":29,"key":"Bronze Scales"}],"event_choices":[{"damage_healed":0.0,"max_hp_gain":0.0,"max_hp_loss":0.0,"gold_gain":0.0,"event_name":"Living Wall","player_choice":"Grow","floor":4.0,"gold_loss":0.0,"damage_taken":0.0,"cards_upgraded":["Bash"]},{"cards_removed":["Strike_R"],"damage_healed":0.0,"max_hp_gain":0.0,"max_hp_loss":0.0,"gold_gain":0.0,"event_name":"Bonfire Elementals","player_choice":"Offered Basic","floor":5.0,"gold_loss":0.0,"damage_taken":0.0},{"damage_healed":0,"gold_gain":0,"player_choice":"Simplicity","damage_taken":0,"max_hp_gain":0,"max_hp_loss":8,"event_name":"betterThird:BetterWriting","floor":21,"gold_loss":0},{"damage_healed":0,"gold_gain":0,"player_choice":"Ignored","damage_taken":0,"max_hp_gain":0,"max_hp_loss":0,"event_name":"Vampires","floor":22,"gold_loss":0}],"is_beta":false,"boss_relics":[{"not_picked":["hubris:RunicObelisk","Sozu"],"picked":"Cursed Key"}],"items_purged_floors":[],"is_endless":false,"potions_floor_spawned":[1,7,13,14,18,20,24],"killed_by":"Snake Plant","ascension_level":20}}