{"host":"yn17ruofed46ymbq","time":1609401411,"event":{"mods":["AchievementEnabler","BaseMod","Colored Map","Colored Powertips","DeckTracker","Highlight Path","Keyboard Shortcuts","Minty Spire (QoL Compilation)","Permanent Neow","Quick Restart","Rare Cards Sparkle","Relic Stats","SuperFastMode"],"gold_per_floor":[116,9,28,44,55,390,401,401,427,427,447,473,491,501,501,501,501],"floor_reached":16,"playtime":439,"items_purged":[],"score":151,"play_id":"bd1342d3-8933-428b-b36b-45ed0c40ce78","local_time":"20201231165651","is_ascension_mode":true,"campfire_choices":[{"floor":10.0,"key":"REST"},{"floor":15.0,"key":"REST"}],"circlet_count":0,"master_deck":["Strike_R","Strike_R","Strike_R","Strike_R","Strike_R","Defend_R","Defend_R","Defend_R","Defend_R","Bash+1","Double Tap","Reckless Charge","Carnage","Evolve","Wild Strike","Flex","Sword Boomerang+1","Spot Weakness","Juggernaut","Pummel","Reaper","Shockwave"],"relics":["Burning Blood","Old Coin","MealTicket","Whetstone"],"acts_visited":["Exordium"],"potions_floor_usage":[16],"damage_taken":[{"damage":8.0,"enemies":"Jaw Worm","floor":1.0,"turns":4.0},{"damage":0.0,"enemies":"2 Louse","floor":3.0,"turns":2.0},{"damage":7.0,"enemies":"Small Slimes","floor":4.0,"turns":2.0},{"damage":21.0,"enemies":"Blue Slaver","floor":5.0,"turns":4.0},{"damage":40.0,"enemies":"3 Sentries","floor":6.0,"turns":6.0},{"damage":18.0,"enemies":"3 Louse","floor":7.0,"turns":3.0},{"damage":14.0,"enemies":"Red Slaver","floor":11.0,"turns":2.0},{"damage":16.0,"enemies":"Gremlin Nob","floor":12.0,"turns":3.0},{"damage":7.0,"enemies":"Gremlin Gang","floor":13.0,"turns":4.0},{"damage":17.0,"enemies":"Large Slime","floor":14.0,"turns":4.0},{"damage":36,"enemies":"Slime Boss","floor":16,"turns":7}],"seed_played":"-3277556711275816777","potions_obtained":[{"floor":1.0,"key":"ElixirPotion"},{"floor":3.0,"key":"Swift Potion"},{"floor":11.0,"key":"Swift Potion"},{"floor":13.0,"key":"FearPotion"}],"is_trial":false,"path_per_floor":["M","$","M","M","M","E","M","?","T","R","M","E","M","M","R","B"],"character_chosen":"IRONCLAD","items_purchased":["Carnage","Evolve"],"campfire_rested":2,"item_purchase_floors":[2,2],"current_hp_per_floor":[70,70,76,75,60,26,14,14,14,38,30,20,19,8,32,0,0],"gold":501,"neow_bonus":"ONE_RANDOM_RARE_CARD","is_daily":false,"chose_seed":false,"campfire_upgraded":0,"win_rate":0.0,"timestamp":1609401411,"path_taken":["M","$","M","M","M","E","M","?","T","R","M","E","M","M","R","BOSS"],"items_purchased_type":["Card","Card"],"build_version":"2020-12-22","purchased_purges":0,"victory":false,"max_hp_per_floor":[80,80,80,80,80,80,80,80,80,80,80,80,80,80,80,80,80],"relic_stats":{"counters":[11,41],"MealTicket":0,"Whetstone":["Bash","Sword Boomerang"],"obtain_stats":[{"MealTicket":9,"Whetstone":12,"Burning Blood":0,"Old Coin":6},{"MealTicket":6,"Whetstone":8,"Burning Blood":0,"Old Coin":5},{"MealTicket":21,"Whetstone":26,"Burning Blood":0,"Old Coin":18}],"Burning Blood":60},"card_choices":[{"not_picked":["Headbutt","Twin Strike"],"picked":"Reckless Charge","floor":1.0},{"not_picked":["Combust","Havoc"],"picked":"Wild Strike","floor":3.0},{"not_picked":["Shrug It Off","Pommel Strike"],"picked":"Flex","floor":4.0},{"not_picked":["Clothesline","Twin Strike"],"picked":"Sword Boomerang","floor":5.0},{"not_picked":["Warcry","Heavy Blade"],"picked":"Spot Weakness","floor":6.0},{"not_picked":["Twin Strike","Perfected Strike"],"picked":"Juggernaut","floor":7.0},{"not_picked":["Body Slam","Clash","Sword Boomerang"],"picked":"SKIP","floor":11.0},{"not_picked":["Heavy Blade","Armaments"],"picked":"Pummel","floor":12.0},{"not_picked":["Cleave","Shrug It Off"],"picked":"Reaper","floor":13.0},{"not_picked":["Perfected Strike","Rampage"],"picked":"Shockwave","floor":14.0}],"player_experience":435621,"relics_obtained":[{"floor":6.0,"key":"Old Coin"},{"floor":9.0,"key":"MealTicket"},{"floor":12.0,"key":"Whetstone"}],"event_choices":[{"damage_healed":0.0,"max_hp_gain":0.0,"max_hp_loss":0.0,"gold_gain":0.0,"event_name":"Liars Game","player_choice":"Ignored","floor":8.0,"gold_loss":0.0,"damage_taken":0.0}],"is_beta":false,"boss_relics":[],"items_purged_floors":[],"is_endless":false,"potions_floor_spawned":[1,3,11,13],"killed_by":"Slime Boss","ascension_level":6}}