{"host":"i19jjmeqmvseha12","time":1609402130,"event":{"mods":["BaseMod","Colored Powertips","Dota2Spire","Minty Spire (QoL Compilation)","Replay The Spire","StSLib","The Cursed"],"gold_per_floor":[115,133,151,169,181,181,214,214,214,214,231,141,141,153,153,253,253,272,247,260,278,288,288,320,320,320,346,358,358,369,379,379,475,475,488,488,488,503,273,273,288,288,313,348,358,408,423,443,443,443],"floor_reached":51,"playtime":1852,"items_purged":[],"score":775,"play_id":"d700ec94-9a81-418d-902f-d9ac64339753","local_time":"20201231000850","is_ascension_mode":false,"campfire_choices":[{"data":"Flex","floor":6,"key":"SMITH"},{"data":"True Grit","floor":8,"key":"SMITH"},{"data":"Cleave","floor":10,"key":"SMITH"},{"floor":15,"key":"DIG"},{"data":"Armaments","floor":23,"key":"SMITH"},{"floor":29,"key":"REST"},{"data":"Immolate","floor":32,"key":"SMITH"},{"floor":40,"key":"REST"},{"data":"Inflame","floor":42,"key":"SMITH"},{"floor":49,"key":"REST"}],"circlet_count":0,"master_deck":["Strike_R","Strike_R","Strike_R","Strike_R","Strike_R","Defend_R","Defend_R","Defend_R","Defend_R","Bash","Reaper","ReplayTheSpireMod:Strike From Hell","Flex+1","Perfected Strike","Cleave+1","True Grit+1","Perfected Strike","ReplayTheSpireMod:Private Reserves","ReplayTheSpireMod:Strike From Hell","Impervious","Armaments+1","Shockwave+1","Pommel Strike+1","Immolate+1","Headbutt+1","Juggernaut","Perfected Strike+1","Dark Shackles","Inflame+1","Parasite","Cleave+1","Bloodletting"],"relics":["Burning Blood","Nunchaku","Gremlin Horn","Meat on the Bone","Dota2Spire:PhaseBoots","Dota2Spire:Bloodstone","Bottled Lightning","Dota2Spire:ArmletOfMordiggian","ReplayTheSpireMod:Lightbulb","Busted Crown","Dota2Spire:EchoSabre","Juzu Bracelet","Regal Pillow","Dota2Spire:Satanic"],"acts_visited":["Exordium","TheCity","TheBeyond"],"potions_floor_usage":[7,16,24,28,50,50],"damage_taken":[{"damage":9,"enemies":"Small Slimes","floor":1,"turns":3},{"damage":10,"enemies":"Cultist","floor":2,"turns":4},{"damage":11,"enemies":"Jaw Worm","floor":3,"turns":4},{"damage":10,"enemies":"Looter","floor":4,"turns":3},{"damage":10,"enemies":"Exordium Wildlife","floor":5,"turns":3},{"damage":24,"enemies":"3 Sentries","floor":7,"turns":5},{"damage":7,"enemies":"Large Slime","floor":11,"turns":4},{"damage":0,"enemies":"Gremlin Gang","floor":14,"turns":4},{"damage":0,"enemies":"Slime Boss","floor":16,"turns":5},{"damage":5,"enemies":"Spheric Guardian","floor":18,"turns":3},{"damage":5,"enemies":"Chosen","floor":20,"turns":4},{"damage":6,"enemies":"Snake Plant","floor":21,"turns":4},{"damage":19,"enemies":"Shelled Parasite and Fungi","floor":22,"turns":4},{"damage":29,"enemies":"Book of Stabbing","floor":24,"turns":6},{"damage":29,"enemies":"Gremlin Leader","floor":27,"turns":5},{"damage":20,"enemies":"Centurion and Healer","floor":28,"turns":4},{"damage":4,"enemies":"3 Cultists","floor":30,"turns":2},{"damage":18,"enemies":"Shelled Parasite and Fungi","floor":31,"turns":4},{"damage":49,"enemies":"Collector","floor":33,"turns":8},{"damage":30,"enemies":"3 Darklings","floor":35,"turns":4},{"damage":17,"enemies":"3 Shapes","floor":38,"turns":3},{"damage":2,"enemies":"Writhing Mass","floor":41,"turns":3},{"damage":45,"enemies":"Reptomancer","floor":44,"turns":5},{"damage":30,"enemies":"4 Shapes","floor":45,"turns":4},{"damage":18,"enemies":"Mind Bloom Boss Battle","floor":46,"turns":4},{"damage":14,"enemies":"Sphere and 2 Shapes","floor":47,"turns":2},{"damage":6,"enemies":"Writhing Mass","floor":48,"turns":4},{"damage":111,"enemies":"Donu and Deca","floor":50,"turns":7}],"seed_played":"-7404133206703057682","potions_obtained":[{"floor":4,"key":"ElixirPotion"},{"floor":5,"key":"Dota2Spire:Clarity"},{"floor":7,"key":"Dota2Spire:HealingSalve"},{"floor":11,"key":"Dota2Spire:HealingSalve"},{"floor":14,"key":"ElixirPotion"},{"floor":22,"key":"SpeedPotion"},{"floor":24,"key":"BloodPotion"},{"floor":27,"key":"SteroidPotion"},{"floor":28,"key":"Fruit Juice"},{"floor":33,"key":"Elixir"},{"floor":41,"key":"BloodPotion"}],"is_trial":false,"path_per_floor":["M","M","M","M","M","R","E","R","T","R","M","$","?","M","R","B",null,"M","$","M","M","M","R","E","?","T","E","M","R","M","M","R","B",null,"M","?","?","M","$","R","M","R","T","E","M","?","M","M","R","B",null],"character_chosen":"IRONCLAD","items_purchased":["ReplayTheSpireMod:Private Reserves","Armaments","Dota2Spire:EchoSabre","Inflame"],"campfire_rested":3,"item_purchase_floors":[12,19,39,39],"current_hp_per_floor":[80,78,79,75,73,73,76,76,76,76,75,75,75,80,80,80,80,80,80,80,80,67,67,56,56,56,45,56,81,83,71,71,49,85,73,73,73,62,62,85,85,85,85,53,51,57,49,66,85,72],"gold":443,"neow_bonus":"ONE_RANDOM_RARE_CARD","is_daily":false,"chose_seed":false,"campfire_upgraded":6,"win_rate":0.0,"timestamp":1609402130,"path_taken":["M","M","M","M","M","R","E","R","T","R","M","$","?","M","R","BOSS","M","$","M","M","?","R","E","?","T","E","?","R","M","M","R","BOSS","M","?","?","M","?","R","M","R","T","E","M","?","M","M","R","BOSS"],"items_purchased_type":["Card","Card","Relic","Card"],"build_version":"2020-12-22","purchased_purges":0,"victory":true,"max_hp_per_floor":[80,80,80,80,80,80,80,80,80,80,80,80,80,80,80,80,80,80,80,80,80,80,80,80,80,80,80,85,85,85,85,85,85,85,85,85,85,85,85,85,85,85,85,85,85,85,85,85,85,85],"card_choices":[{"not_picked":["Cleave","Twin Strike"],"picked":"ReplayTheSpireMod:Strike From Hell","floor":1},{"not_picked":["Run Through","Perfected Strike"],"picked":"Flex","floor":2},{"not_picked":["Whirlwind","Defy Death"],"picked":"Perfected Strike","floor":3},{"not_picked":["Warcry","Twin Strike"],"picked":"Cleave","floor":4},{"not_picked":["Rage","ReplayTheSpireMod:Limb From Limb"],"picked":"True Grit","floor":5},{"not_picked":["True Grit","ReplayTheSpireMod:Corrosion Curse","Reckless Charge"],"picked":"SKIP","floor":7},{"not_picked":["Thunderclap","Armaments"],"picked":"Perfected Strike","floor":11},{"not_picked":["Dropkick","Havoc"],"picked":"ReplayTheSpireMod:Strike From Hell","floor":14},{"not_picked":["Demonic Infusion","Corruption"],"picked":"Impervious","floor":16},{"not_picked":["Metallicize","Anger+1","Thunderclap"],"picked":"SKIP","floor":18},{"not_picked":["Entrench","Disarm"],"picked":"Shockwave+1","floor":20},{"not_picked":["Clothesline+1","Twin Strike","Heavy Blade"],"picked":"SKIP","floor":21},{"not_picked":["Armaments","Rupture","Heavy Blade+1"],"picked":"SKIP","floor":22},{"not_picked":["True Grit","Sword Boomerang+1"],"picked":"Pommel Strike+1","floor":24},{"not_picked":["Clothesline","Eclipse"],"picked":"Immolate","floor":27},{"not_picked":["True Grit","Burning Pact","Iron Wave"],"picked":"SKIP","floor":28},{"not_picked":["Searing Blow","Rage"],"picked":"Headbutt+1","floor":30},{"not_picked":["Anger","Pommel Strike","Armaments"],"picked":"SKIP","floor":31},{"not_picked":["Eclipse","Offering"],"picked":"Juggernaut","floor":33},{"not_picked":[],"picked":"Perfected Strike+1","floor":35},{"not_picked":[],"picked":"Dark Shackles","floor":36},{"not_picked":["Anger"],"picked":"SKIP","floor":38},{"not_picked":["Sword Boomerang"],"picked":"SKIP","floor":41},{"not_picked":["Clothesline+1"],"picked":"SKIP","floor":44},{"not_picked":["Infernal Blade"],"picked":"SKIP","floor":45},{"not_picked":[],"picked":"Cleave+1","floor":46},{"not_picked":[],"picked":"Bloodletting","floor":47},{"not_picked":["Shrug It Off+1"],"picked":"SKIP","floor":48}],"player_experience":121557,"relics_obtained":[{"floor":7,"key":"Nunchaku"},{"floor":9,"key":"Gremlin Horn"},{"floor":15,"key":"Dota2Spire:PhaseBoots"},{"floor":24,"key":"Bottled Lightning"},{"floor":26,"key":"Dota2Spire:ArmletOfMordiggian"},{"floor":27,"key":"ReplayTheSpireMod:Lightbulb"},{"floor":43,"key":"Juzu Bracelet"},{"floor":44,"key":"Regal Pillow"},{"floor":46,"key":"Dota2Spire:Satanic"}],"event_choices":[{"damage_healed":0,"gold_gain":0,"player_choice":"Gave Potion","damage_taken":0,"relics_obtained":["Meat on the Bone"],"max_hp_gain":0,"max_hp_loss":0,"event_name":"WeMeetAgain","floor":13,"gold_loss":0},{"damage_healed":0,"gold_gain":0,"player_choice":"Bought 0 Potions","damage_taken":0,"max_hp_gain":0,"max_hp_loss":0,"event_name":"The Woman in Blue","floor":25,"gold_loss":0},{"damage_healed":0,"gold_gain":0,"player_choice":"Memory 1","damage_taken":0,"max_hp_gain":0,"max_hp_loss":0,"event_name":"SensoryStone","floor":36,"gold_loss":0},{"damage_healed":0,"gold_gain":0,"player_choice":"Fight","damage_taken":0,"max_hp_gain":0,"max_hp_loss":0,"event_name":"MindBloom","floor":46,"gold_loss":0}],"is_beta":false,"boss_relics":[{"not_picked":["ChewingGum","Pandora\u0027s Box"],"picked":"Dota2Spire:Bloodstone"},{"not_picked":["Replay:Grab Bag","Runic Cube"],"picked":"Busted Crown"}],"items_purged_floors":[],"is_endless":false,"potions_floor_spawned":[4,5,7,11,14,22,24,27,28,33,38,41,44,46,47],"ascension_level":0}}