{"host":"1z4hbl9vfqrhg136","time":1609376852,"event":{"mods":["BaseMod","Minty Spire (QoL Compilation)"],"gold_per_floor":[117,132,151,164,164,164,194,194,194,194,208,226,256,281,281,353,353,329,344,344,344,359,359,386,386,386,420,280,280,299,143,143,143,143],"floor_reached":33,"playtime":2545,"items_purged":[],"score":590,"play_id":"d3a0261f-60cd-45dc-8439-9703e9d89677","local_time":"20201231010732","is_ascension_mode":true,"campfire_choices":[{"data":"True Grit","floor":6,"key":"SMITH"},{"floor":8,"key":"REST"},{"data":"Carnage","floor":10,"key":"SMITH"},{"data":"Metallicize","floor":15,"key":"SMITH"},{"data":"Shrug It Off","floor":23,"key":"SMITH"},{"data":"RitualDagger","floor":25,"key":"SMITH"},{"data":"Defend_R","floor":29,"key":"PURGE"},{"data":"Ghostly","floor":32,"key":"SMITH"}],"circlet_count":0,"master_deck":["AscendersBane","Strike_R","Strike_R","Strike_R","Strike_R","Defend_R","Defend_R","Defend_R","Bash","Reckless Charge","True Grit+1","Flame Barrier","Carnage+1","Metallicize+1","Headbutt","Shrug It Off","Body Slam","Shrug It Off+1","Metallicize","Demon Form","Thunderclap+1","Feel No Pain","RitualDagger+1","Ghostly+1","Ghostly","Ghostly","Pummel","Limit Break+1","Shockwave+1","Immolate","True Grit+1","Impervious+1"],"relics":["Burning Blood","Regal Pillow","Blood Vial","Odd Mushroom","Bottled Tornado","Sozu","Toxic Egg 2","HornCleat","Peace Pipe"],"acts_visited":["Exordium","TheCity"],"potions_floor_usage":[7,14,24],"damage_taken":[{"damage":14,"enemies":"Jaw Worm","floor":1,"turns":4},{"damage":1,"enemies":"2 Louse","floor":2,"turns":3},{"damage":3,"enemies":"Small Slimes","floor":3,"turns":4},{"damage":13,"enemies":"3 Louse","floor":4,"turns":5},{"damage":28,"enemies":"3 Sentries","floor":7,"turns":15},{"damage":3,"enemies":"Large Slime","floor":11,"turns":5},{"damage":3,"enemies":"Blue Slaver","floor":12,"turns":3},{"damage":10,"enemies":"The Mushroom Lair","floor":13,"turns":6},{"damage":8,"enemies":"Gremlin Nob","floor":14,"turns":3},{"damage":50,"enemies":"Hexaghost","floor":16,"turns":13},{"damage":5,"enemies":"2 Thieves","floor":18,"turns":4},{"damage":0,"enemies":"Spheric Guardian","floor":19,"turns":5},{"damage":17,"enemies":"Snecko","floor":22,"turns":7},{"damage":11,"enemies":"Slavers","floor":24,"turns":5},{"damage":11,"enemies":"Gremlin Leader","floor":27,"turns":10},{"damage":2,"enemies":"Centurion and Healer","floor":30,"turns":8},{"damage":30,"enemies":"Automaton","floor":33,"turns":10}],"seed_played":"1739199485439090365","potions_obtained":[{"floor":1,"key":"GamblersBrew"},{"floor":4,"key":"FearPotion"},{"floor":12,"key":"SpeedPotion"},{"floor":14,"key":"DistilledChaos"}],"is_trial":false,"path_per_floor":["M","M","M","M","?","R","E","R","T","R","M","M","?","E","R","B",null,"M","M","?","?","M","R","E","R","T","E","$","R","M","$","R","B"],"character_chosen":"IRONCLAD","items_purchased":["Immolate","True Grit+1","Impervious+1"],"campfire_rested":1,"item_purchase_floors":[28,28,31],"current_hp_per_floor":[60,65,68,61,43,43,21,58,58,58,63,68,66,66,66,24,62,65,73,67,37,26,26,23,23,23,20,20,20,26,26,26,0,0],"gold":143,"neow_bonus":"TRANSFORM_CARD","is_daily":false,"chose_seed":false,"campfire_upgraded":6,"win_rate":0.0,"timestamp":1609376852,"path_taken":["M","M","M","M","?","R","E","R","T","R","M","M","?","E","R","BOSS","M","M","?","?","M","R","E","R","T","E","$","R","M","$","R","BOSS"],"items_purchased_type":["Card","Card","Card"],"build_version":"2020-12-22","purchased_purges":0,"victory":false,"max_hp_per_floor":[75,75,75,75,75,75,75,75,75,75,75,75,75,75,75,75,75,75,75,75,37,37,37,37,37,37,37,37,37,37,37,37,37,37],"card_choices":[{"not_picked":["Shockwave","Perfected Strike"],"picked":"True Grit","floor":1},{"not_picked":["Body Slam","Combust"],"picked":"Flame Barrier","floor":2},{"not_picked":["Combust","Clothesline"],"picked":"Carnage","floor":3},{"not_picked":["Dual Wield","Armaments"],"picked":"Metallicize","floor":4},{"not_picked":["Twin Strike","Clash"],"picked":"Headbutt","floor":7},{"not_picked":["Armaments","Body Slam"],"picked":"Shrug It Off","floor":11},{"not_picked":["Blood for Blood","Flex"],"picked":"Body Slam","floor":12},{"not_picked":["Body Slam","Warcry"],"picked":"Shrug It Off","floor":13},{"not_picked":["Reaper","Dropkick"],"picked":"Metallicize","floor":14},{"not_picked":["Brutality","Berserk"],"picked":"Demon Form","floor":16},{"not_picked":["Shrug It Off","Sentinel"],"picked":"Thunderclap+1","floor":18},{"not_picked":["Rage","Thunderclap"],"picked":"Feel No Pain","floor":19},{"not_picked":["Entrench","Infernal Blade"],"picked":"Pummel","floor":22},{"not_picked":["Clothesline","Demon Form"],"picked":"Limit Break+1","floor":24},{"not_picked":["Armaments+1","Cleave"],"picked":"Shockwave+1","floor":27},{"not_picked":["Hemokinesis","Pommel Strike","Clash"],"picked":"SKIP","floor":30}],"player_experience":1861404,"relics_obtained":[{"floor":7,"key":"Regal Pillow"},{"floor":9,"key":"Blood Vial"},{"floor":13,"key":"Odd Mushroom"},{"floor":14,"key":"Bottled Tornado"},{"floor":24,"key":"Toxic Egg 2"},{"floor":26,"key":"HornCleat"},{"floor":27,"key":"Peace Pipe"}],"event_choices":[{"damage_healed":0,"gold_gain":0,"player_choice":"Fled","damage_taken":18,"max_hp_gain":0,"max_hp_loss":0,"event_name":"Scrap Ooze","floor":5,"gold_loss":0},{"damage_healed":0,"gold_gain":0,"player_choice":"Fought Mushrooms","damage_taken":0,"max_hp_gain":0,"max_hp_loss":0,"event_name":"Mushrooms","floor":13,"gold_loss":0},{"damage_healed":0,"gold_gain":0,"player_choice":"Joined the Cult","damage_taken":6,"max_hp_gain":0,"max_hp_loss":0,"event_name":"Nest","floor":20,"gold_loss":0,"cards_obtained":["RitualDagger"]},{"damage_healed":0,"gold_gain":0,"player_choice":"Became a Ghost","damage_taken":0,"max_hp_gain":0,"max_hp_loss":38,"event_name":"Ghosts","floor":21,"gold_loss":0,"cards_obtained":["Ghostly","Ghostly","Ghostly"]}],"is_beta":false,"boss_relics":[{"not_picked":["Runic Pyramid","Calling Bell"],"picked":"Sozu"}],"items_purged_floors":[],"is_endless":false,"potions_floor_spawned":[1,4,12,13,14,18],"killed_by":"Automaton","ascension_level":20}}