{"host":"er8s5flrc5z1a07t","time":1609374166,"event":{"mods":["2.2 Compatiblity","Act Like it!","Bard","BaseMod","Better Note","Better Third Choice","Downfall","Duelist Mod","Elementarium","Energized Spire","GifTheSpireLib","Hermit","Hubris","Infinite Spire","Minty Spire (QoL Compilation)","Relic Stats","Replay The Spire","Shop Mod","StSLib","Stuff the Spire","Synergy Search","The Cursed","The Disciple","The Mystic"],"gold_per_floor":[112,178,197,208,218,243,260,289,289,298,298,298],"floor_reached":11,"playtime":300,"items_purged":[],"score":170,"play_id":"2e2dbc2a-19d4-4c7d-bf6f-6edde8d66bb8","local_time":"20201230192246","is_ascension_mode":true,"campfire_choices":[],"circlet_count":0,"master_deck":["AscendersBane","Strike_R","Strike_R","Strike_R","Strike_R","Strike_R","Defend_R","Defend_R","Defend_R","Defend_R","Bash+1","Run Through","Disarm","StuffTheSpire:Resist","StuffTheSpire:Incineration","Whirlwind","StuffTheSpire:Resist","Shrug It Off","Pain","Iron Wave"],"relics":["Burning Blood","Juzu Bracelet","Quantum Egg","Self Forming Clay","hubris:Teleporter"],"acts_visited":["Exordium"],"potions_floor_usage":[6,7,11],"damage_taken":[{"damage":10,"enemies":"2 Louse","floor":1,"turns":3},{"damage":12,"enemies":"Jaw Worm","floor":3,"turns":2},{"damage":6,"enemies":"Cultist","floor":4,"turns":4},{"damage":13,"enemies":"Looter","floor":5,"turns":4},{"damage":21,"enemies":"Lagavulin","floor":6,"turns":7},{"damage":20,"enemies":"Exordium Thugs","floor":7,"turns":3},{"damage":26,"enemies":"Gremlin Nob","floor":8,"turns":4},{"damage":19,"enemies":"3 Sentries","floor":11,"turns":3}],"seed_played":"334476611885565621","potions_obtained":[{"floor":1,"key":"BloodPotion"},{"floor":4,"key":"SteroidPotion"},{"floor":6,"key":"Death Potion"},{"floor":8,"key":"PowerPotion"}],"is_trial":false,"path_per_floor":["M","?","M","M","M","E","M","E","T","?","E"],"character_chosen":"IRONCLAD","items_purchased":[],"campfire_rested":0,"item_purchase_floors":[],"current_hp_per_floor":[64,64,58,58,51,51,37,17,17,17,0,0],"gold":298,"neow_bonus":"UPGRADE_CARD","is_daily":false,"chose_seed":false,"campfire_upgraded":0,"win_rate":0.0,"timestamp":1609374166,"path_taken":["M","?","M","M","M","E","M","E","T","?","E"],"items_purchased_type":[],"build_version":"2020-12-22","purchased_purges":0,"victory":false,"max_hp_per_floor":[75,75,75,75,75,75,75,75,75,75,75,75],"relic_stats":{"counters":[8,30],"Self Forming Clay":[15],"Juzu Bracelet":0,"obtain_stats":[{"hubris:Teleporter":10,"Self Forming Clay":9,"Quantum Egg":8,"Juzu Bracelet":6,"Burning Blood":0},{"hubris:Teleporter":7,"Self Forming Clay":7,"Quantum Egg":7,"Juzu Bracelet":5,"Burning Blood":0},{"hubris:Teleporter":27,"Self Forming Clay":27,"Quantum Egg":27,"Juzu Bracelet":20,"Burning Blood":0}],"Burning Blood":42},"card_choices":[{"not_picked":["Armaments","Second Wind"],"picked":"Run Through","floor":1},{"not_picked":["Thunderclap","Pommel Strike"],"picked":"Disarm","floor":3},{"not_picked":["Run Through","Twin Strike"],"picked":"StuffTheSpire:Resist","floor":4},{"not_picked":["Sword Boomerang","Limit Break"],"picked":"StuffTheSpire:Incineration","floor":5},{"not_picked":["Havoc","Replay:Undeath\u0027s Touch"],"picked":"Whirlwind","floor":6},{"not_picked":["Havoc","Carnage"],"picked":"StuffTheSpire:Resist","floor":7},{"not_picked":["Pommel Strike","ReplayTheSpireMod:LeadingStrike"],"picked":"Shrug It Off","floor":8},{"not_picked":["Exhume","Anger"],"picked":"Iron Wave","floor":10}],"player_experience":1191500,"relics_obtained":[{"floor":6,"key":"Juzu Bracelet"},{"floor":8,"key":"Quantum Egg"},{"floor":9,"key":"Self Forming Clay"},{"floor":10,"key":"hubris:Teleporter"}],"event_choices":[{"damage_healed":0,"gold_gain":66,"player_choice":"Gained Gold","damage_taken":0,"max_hp_gain":0,"max_hp_loss":0,"event_name":"Golden Wing","floor":2,"gold_loss":0}],"is_beta":false,"boss_relics":[],"items_purged_floors":[],"is_endless":false,"potions_floor_spawned":[1,4,6,8],"killed_by":"3 Sentries","ascension_level":20}}