{"host":"fuszjwm6fqgjjp4d","time":1609412343,"event":{"mods":["BaseMod","Bestiary","Colored Map","DeckTracker","Minty Spire (QoL Compilation)","Permanent Neow","Relic Sorter","Relic Stats","StSLib"],"gold_per_floor":[117,117,117,138,52,52,88,88,88,121,137,177,177,26,26,119,119,132,146,146,164,182,182,195,195,265,265,265,265,283,283,283],"floor_reached":31,"playtime":1210,"items_purged":["Strike_B"],"score":656,"play_id":"1a1574cf-62c7-40b3-8b31-a0c9a8e821ae","local_time":"20201231045903","is_ascension_mode":true,"campfire_choices":[{"data":"Streamline","floor":6,"key":"SMITH"},{"data":"Buffer","floor":8,"key":"SMITH"},{"floor":15,"key":"REST"},{"data":"Buffer","floor":23,"key":"SMITH"},{"data":"1","floor":28,"key":"LIFT"}],"circlet_count":0,"master_deck":["AscendersBane","Strike_B+1","Strike_B+1","Defend_B+1","Defend_B+1","Defend_B+1","Defend_B+1","Zap","Dualcast","Streamline+1","Static Discharge","Double Energy","Self Repair","Buffer+1","Sunder","Go for the Eyes","Electrodynamics","Buffer+1","Defragment","Recycle"],"relics":["Runic Pyramid","Golden Idol","White Beast Statue","Omamori","Unceasing Top","Regal Pillow","Girya","Black Star","CultistMask","The Courier","Symbiotic Virus","Vajra"],"acts_visited":["Exordium","TheCity"],"potions_floor_usage":[7,12,19,19,21,24,31,31],"damage_taken":[{"damage":1,"enemies":"Cultist","floor":1,"turns":4},{"damage":7,"enemies":"Jaw Worm","floor":4,"turns":3},{"damage":15,"enemies":"Lagavulin","floor":7,"turns":5},{"damage":35,"enemies":"3 Sentries","floor":10,"turns":8},{"damage":0,"enemies":"2 Louse","floor":11,"turns":3},{"damage":0,"enemies":"Gremlin Nob","floor":12,"turns":4},{"damage":0,"enemies":"Slime Boss","floor":16,"turns":9},{"damage":0,"enemies":"Chosen","floor":18,"turns":6},{"damage":12,"enemies":"Spheric Guardian","floor":19,"turns":5},{"damage":3,"enemies":"Snecko","floor":21,"turns":6},{"damage":56,"enemies":"Chosen and Byrds","floor":22,"turns":7},{"damage":6,"enemies":"Centurion and Healer","floor":24,"turns":7},{"damage":0,"enemies":"Snecko","floor":30,"turns":4},{"damage":29,"enemies":"Slavers","floor":31,"turns":3}],"seed_played":"8592024454629572334","potions_obtained":[{"floor":4,"key":"LiquidMemories"},{"floor":10,"key":"SkillPotion"},{"floor":11,"key":"FearPotion"},{"floor":12,"key":"Fire Potion"},{"floor":19,"key":"DuplicationPotion"},{"floor":21,"key":"SteroidPotion"},{"floor":22,"key":"BlessingOfTheForge"},{"floor":24,"key":"Explosive Potion"},{"floor":30,"key":"Block Potion"}],"is_trial":false,"path_per_floor":["M","?","?","M","$","R","E","R","T","E","M","E","?","$","R","B",null,"M","M","?","M","M","R","M","?","T","?","R","?","M","E"],"character_chosen":"DEFECT","items_purchased":["Self Repair","Electrodynamics"],"campfire_rested":1,"item_purchase_floors":[5,14],"current_hp_per_floor":[63,63,63,56,56,56,48,48,48,20,27,27,1,1,35,42,59,64,59,59,63,14,14,15,15,15,15,15,15,22,0,0],"gold":283,"neow_bonus":"BOSS_RELIC","is_daily":false,"chose_seed":false,"campfire_upgraded":3,"win_rate":0.0,"timestamp":1609412343,"path_taken":["M","?","?","?","?","R","E","R","T","E","M","E","?","?","R","BOSS","M","M","?","?","M","R","M","?","T","?","R","?","M","E"],"items_purchased_type":["Card","Card"],"build_version":"2020-12-22","purchased_purges":1,"victory":false,"max_hp_per_floor":[71,64,64,64,64,64,64,64,64,64,64,64,64,64,64,64,64,64,64,64,64,64,64,64,64,64,64,64,64,64,64,64],"relic_stats":{"Regal Pillow":15,"counters":[14,74],"Golden Idol":69,"Black Star":0,"obtain_stats":[{"Girya":13,"Regal Pillow":12,"Golden Idol":2,"Vajra":27,"The Courier":25,"Omamori":9,"White Beast Statue":7,"CultistMask":20,"Black Star":17,"Cracked Core":0,"Symbiotic Virus":26,"Unceasing Top":10,"Runic Pyramid":0},{"Girya":6,"Regal Pillow":6,"Golden Idol":1,"Vajra":12,"The Courier":12,"Omamori":3,"White Beast Statue":3,"CultistMask":9,"Black Star":7,"Cracked Core":0,"Symbiotic Virus":12,"Unceasing Top":4,"Runic Pyramid":0},{"Girya":27,"Regal Pillow":27,"Golden Idol":4,"Vajra":67,"The Courier":67,"Omamori":12,"White Beast Statue":12,"CultistMask":47,"Black Star":36,"Cracked Core":0,"Symbiotic Virus":67,"Unceasing Top":20,"Runic Pyramid":0}],"Unceasing Top":[0]},"card_choices":[{"not_picked":["Ball Lightning","Cold Snap"],"picked":"Streamline","floor":1},{"not_picked":["Gash","Auto Shields"],"picked":"Double Energy","floor":4},{"not_picked":["BootSequence","Beam Cell"],"picked":"Buffer","floor":7},{"not_picked":["Machine Learning","Sweeping Beam","Undo"],"picked":"SKIP","floor":10},{"not_picked":["Leap","Darkness"],"picked":"Sunder","floor":11},{"not_picked":["Gash","Redo"],"picked":"Go for the Eyes","floor":12},{"not_picked":["Electrodynamics","Machine Learning"],"picked":"Buffer","floor":16},{"not_picked":["Static Discharge","Redo","Rebound+1"],"picked":"SKIP","floor":18},{"not_picked":["Coolheaded","Stack","Force Field"],"picked":"SKIP","floor":19},{"not_picked":["Coolheaded+1","Genetic Algorithm","Cold Snap"],"picked":"SKIP","floor":21},{"not_picked":["Barrage+1","Redo"],"picked":"Defragment","floor":22},{"not_picked":["Compile Driver","White Noise"],"picked":"Recycle","floor":24},{"not_picked":["Cold Snap","Beam Cell","Fusion"],"picked":"SKIP","floor":30},{"not_picked":["Cold Snap","Beam Cell","Fusion"],"picked":"SKIP","floor":30}],"player_experience":1235671,"relics_obtained":[{"floor":7,"key":"White Beast Statue"},{"floor":9,"key":"Omamori"},{"floor":10,"key":"Unceasing Top"},{"floor":12,"key":"Regal Pillow"},{"floor":26,"key":"Symbiotic Virus"}],"event_choices":[{"damage_healed":0,"gold_gain":0,"player_choice":"Lose Max HP","damage_taken":0,"relics_obtained":["Golden Idol"],"max_hp_gain":0,"max_hp_loss":7,"event_name":"Golden Idol","floor":2,"gold_loss":0},{"damage_healed":0,"gold_gain":0,"cards_transformed":["Strike_B"],"player_choice":"Transformed","damage_taken":0,"max_hp_gain":0,"max_hp_loss":0,"event_name":"Transmorgrifier","floor":3,"gold_loss":0,"cards_obtained":["Static Discharge"]},{"damage_healed":0,"gold_gain":0,"player_choice":"Success","damage_taken":26,"relics_obtained":["Girya"],"max_hp_gain":0,"max_hp_loss":0,"event_name":"Scrap Ooze","floor":13,"gold_loss":0},{"damage_healed":0,"gold_gain":0,"player_choice":"Trade","damage_taken":0,"relics_obtained":["CultistMask"],"max_hp_gain":0,"max_hp_loss":0,"event_name":"FaceTrader","floor":20,"gold_loss":0},{"damage_healed":0,"gold_gain":0,"player_choice":"Opened","damage_taken":0,"relics_obtained":["The Courier"],"max_hp_gain":0,"max_hp_loss":0,"event_name":"The Mausoleum","floor":25,"gold_loss":0,"cards_obtained":["Writhe"]},{"damage_healed":0,"gold_gain":0,"player_choice":"Stole Relic","damage_taken":0,"relics_obtained":["Vajra"],"max_hp_gain":0,"max_hp_loss":0,"event_name":"Addict","floor":27,"gold_loss":0,"cards_obtained":["Shame"]},{"damage_healed":0,"gold_gain":0,"player_choice":"Simplicity","damage_taken":0,"max_hp_gain":0,"max_hp_loss":0,"event_name":"Back to Basics","floor":29,"gold_loss":0,"cards_upgraded":["Strike_B","Strike_B","Defend_B","Defend_B","Defend_B","Defend_B"]}],"is_beta":false,"boss_relics":[{"not_picked":["Runic Dome","Ectoplasm"],"picked":"Black Star"}],"items_purged_floors":[14],"is_endless":false,"potions_floor_spawned":[4,10,11,12,16,18,19,21,22,24,30],"killed_by":"Slavers","ascension_level":20}}