{"host":"uclt3t1usqzz4m5p","time":1609392629,"event":{"mods":["AchievementEnabler","Arknights The Spire","BaseMod","Better Altar","Better Match","Better Sensory Stone","Better Skull","Better Third Choice","Booster Modes","Card Forge","Colored Powertips","Displayed Cursed Tome","Evolution","GifTheSpireLib","Gremlin Skip","Minty Spire (QoL Compilation)","Permanent Neow","Quick Restart","StSLib","SuperFastMode","The Caster","The Death Knight","The Mystic","WarShipGirlsR/????R mod"],"gold_per_floor":[117,128,142,142,201,233,233,233,233],"floor_reached":8,"playtime":420,"items_purged":[],"score":56,"play_id":"fa236995-891e-4ea0-987a-b7662e706201","local_time":"20201230213029","is_ascension_mode":false,"campfire_choices":[{"data":"DeathKnight:Hysteria","floor":7,"key":"SMITH"}],"circlet_count":0,"master_deck":["DeathKnight:Strike_DeathKnight","DeathKnight:Strike_DeathKnight","DeathKnight:Strike_DeathKnight","DeathKnight:Strike_DeathKnight","DeathKnight:Strike_DeathKnight","DeathKnight:Defend_DeathKnight","DeathKnight:Defend_DeathKnight","DeathKnight:Defend_DeathKnight","DeathKnight:Defend_DeathKnight","DeathKnight:Defend_DeathKnight","DeathKnight:RuneTap+1","DeathKnight:RuneStrike","DeathKnight:Contagion","DeathKnight:BloodStrike","DeathKnight:Hysteria+1","DeathKnight:ShatteringStrikes"],"relics":["DeathKnight:BrokenRuneblade","Hammer of Thor","Seething Fire","Anvil of the Gods","EVO:Axolotl","Incense Burner","Smiling Mask"],"acts_visited":["Exordium"],"potions_floor_usage":[],"damage_taken":[{"damage":3,"enemies":"Cultist","floor":1,"turns":4},{"damage":0,"enemies":"2 Louse","floor":2,"turns":2},{"damage":9,"enemies":"Small Slimes","floor":3,"turns":3},{"damage":48,"enemies":"3 Sentries","floor":6,"turns":8},{"damage":6,"enemies":"Gremlin Nob","floor":8,"turns":3}],"seed_played":"-2158679136280615567","potions_obtained":[{"floor":2,"key":"PowerPotion"},{"floor":3,"key":"FairyPotion"}],"is_trial":false,"path_per_floor":["M","M","M","?","?","E","R","E"],"character_chosen":"DEATH_KNIGHT","items_purchased":[],"campfire_rested":0,"item_purchase_floors":[],"current_hp_per_floor":[72,72,63,56,56,8,8,2,2],"gold":233,"neow_bonus":"UPGRADE_CARD","is_daily":false,"chose_seed":false,"campfire_upgraded":1,"win_rate":0.0,"timestamp":1609392629,"path_taken":["M","?","M","?","?","E","R","E"],"items_purchased_type":[],"build_version":"2020-12-22","purchased_purges":0,"victory":false,"max_hp_per_floor":[75,75,75,75,75,75,75,75,75],"card_choices":[{"not_picked":["DeathKnight:WraithWalk","DeathKnight:DeathRune"],"picked":"DeathKnight:Contagion","floor":1},{"not_picked":["DeathKnight:Parry","DeathKnight:DeathGrip"],"picked":"DeathKnight:BloodStrike","floor":2},{"not_picked":["DeathKnight:HornOfWinter","DeathKnight:Parry"],"picked":"DeathKnight:Hysteria","floor":3},{"not_picked":["DeathKnight:Parry","DeathKnight:MindFreeze"],"picked":"DeathKnight:ShatteringStrikes","floor":6}],"player_experience":581412,"relics_obtained":[{"floor":6,"key":"Smiling Mask"}],"event_choices":[{"damage_healed":0,"gold_gain":0,"player_choice":"Relic ","damage_taken":7,"max_hp_gain":0,"max_hp_loss":0,"event_name":"betterThird:BetterScrap","floor":4,"gold_loss":0,"cards_obtained":["Infernal Blade"]},{"damage_healed":0,"gold_gain":59,"player_choice":"Gained Gold","damage_taken":0,"max_hp_gain":0,"max_hp_loss":0,"event_name":"Golden Wing","floor":5,"gold_loss":0}],"is_beta":false,"boss_relics":[],"items_purged_floors":[],"is_endless":false,"potions_floor_spawned":[2,3],"killed_by":"Gremlin Nob","ascension_level":0}}