{"host":"ezkqjaqywejtjag1","time":1609406736,"event":{"mods":["BaseMod","BetterRewards","Colored Map","Infinite Spire","Minty Spire (QoL Compilation)","Replay The Spire","StSLib"],"gold_per_floor":[109,120,133,145,159,159,169,180,180,211,286,296,306,57,57,155,155,168,188,188,207,218,218,133,133,133,58,372,372,387,418,418,518,618,631,650,611,622,622,622,641,641,664,678,678,691,710,726,726,726],"floor_reached":51,"playtime":2815,"items_purged":["Spreading Infection"],"score":756,"play_id":"17c584d3-75b1-41a5-8928-aa0cd815570c","local_time":"20201231042536","daily_mods":["Vintage","Heirloom"],"is_ascension_mode":false,"campfire_choices":[{"data":"1","floor":6.0,"key":"LIFT"},{"data":"2","floor":15,"key":"LIFT"},{"data":"3","floor":23,"key":"LIFT"},{"data":"Bullet Time","floor":29,"key":"SMITH"},{"data":"Dagger Spray","floor":42,"key":"SMITH"},{"data":"Dagger Spray","floor":42,"key":"SMITH"},{"data":"Blade Dance","floor":49,"key":"SMITH"},{"data":"Neutralize","floor":49,"key":"SMITH"}],"circlet_count":0,"master_deck":["Strike_G","Strike_G","Strike_G","Defend_G","Defend_G","Defend_G","Defend_G","Defend_G","Survivor","Neutralize+1","Sucker Punch+1","Blade Dance+1","Dodge and Roll+1","Bullet Time+1","Dagger Spray+1","Grand Finale","Dagger Spray+1","Dagger Spray+1"],"relics":["Ring of the Snake","Girya","infinitespire:Magic Flask","InkBottle","Pet Ghost","Replay:Multitool","Bag of Preparation","Paper Crane","Replay:WaspNest","Eternal Feather","Potion Belt","Lizard Tail","Pen Nib","Strawberry","Cursed Key","infinitespire:Broken Mirror","Bottled Lightning","MutagenicStrength","infinitespire:Golems Mask","Vampiric Spirits","Replay:Accelerometer","CaptainsWheel","Old Coin","Incense Burner","Meat on the Bone","Replay:Wanted Poster","Replay:Arrowhead","Snake Skull","Gremlin Food","Omamori","Frozen Egg 2","Vajra","infinitespire:WardingShard","Iron Hammer","Boot","Bag of Marbles"],"acts_visited":["Exordium","TheCity","TheBeyond"],"potions_floor_usage":[13,16,31,33,33,33,33,50,50,50],"damage_taken":[{"damage":1.0,"enemies":"Jaw Worm","floor":1.0,"turns":5.0},{"damage":3.0,"enemies":"2 Louse","floor":2.0,"turns":3.0},{"damage":1.0,"enemies":"Cultist","floor":3.0,"turns":5.0},{"damage":0.0,"enemies":"Blue Slaver","floor":4.0,"turns":7.0},{"damage":7.0,"enemies":"Large Slime","floor":5.0,"turns":12.0},{"damage":10.0,"enemies":"Exordium Wildlife","floor":7.0,"turns":8.0},{"damage":0.0,"enemies":"Red Slaver","floor":8.0,"turns":5.0},{"damage":26.0,"enemies":"Lagavulin","floor":10.0,"turns":10.0},{"damage":1.0,"enemies":"Looter","floor":12.0,"turns":3.0},{"damage":3,"enemies":"Exordium Wildlife","floor":13,"turns":4},{"damage":34,"enemies":"Fading Forest","floor":16,"turns":11},{"damage":0,"enemies":"Chosen","floor":18,"turns":4},{"damage":0,"enemies":"3 Byrds","floor":19,"turns":4},{"damage":0,"enemies":"3 Cultists","floor":21,"turns":4},{"damage":1,"enemies":"Sentry and Sphere","floor":22,"turns":3},{"damage":0,"enemies":"Snake Plant","floor":28,"turns":2},{"damage":0,"enemies":"Snecko","floor":30,"turns":2},{"damage":0,"enemies":"Replay:Snechameleon","floor":31,"turns":3},{"damage":33,"enemies":"Champ","floor":33,"turns":9},{"damage":0,"enemies":"3 Shapes","floor":35,"turns":3},{"damage":0,"enemies":"3 Darklings","floor":36,"turns":3},{"damage":0,"enemies":"Jaw Worm Horde","floor":38,"turns":1},{"damage":9,"enemies":"Writhing Mass","floor":41,"turns":4},{"damage":0,"enemies":"3 Darklings","floor":44,"turns":1},{"damage":0,"enemies":"Transient","floor":46,"turns":5},{"damage":0,"enemies":"Sphere and 2 Shapes","floor":47,"turns":1},{"damage":0,"enemies":"Writhing Mass","floor":48,"turns":3},{"damage":26,"enemies":"Donu and Deca","floor":50,"turns":6}],"seed_played":"-7409525359995073119","potions_obtained":[{"floor":2.0,"key":"Strength Potion"},{"floor":7.0,"key":"CultistPotion"},{"floor":13,"key":"Weak Potion"},{"floor":18,"key":"Poison Potion"},{"floor":19,"key":"Weak Potion"},{"floor":33,"key":"Regen Potion"},{"floor":38,"key":"Doom Potion"},{"floor":46,"key":"Milkshake"},{"floor":47,"key":"Poison Potion"}],"is_trial":true,"path_per_floor":["M","M","M","M","M","R","M","M","T","E","?","M","M","$","R","B",null,"M","M","?","M","M","R","?","R","T","$","M","R","M","E","R","B",null,"M","M","$","M","AVR","?","M","R","T","M","?","M","M","M","R","B",null],"character_chosen":"THE_SILENT","items_purchased":["Strawberry","Blade Dance","Dodge and Roll","Dagger Spray"],"campfire_rested":0,"item_purchase_floors":[14,14,14,37],"current_hp_per_floor":[69,66,65,65,58,58,48,48,48,22,11,10,7,14,23,38,77,77,77,77,77,76,77,77,77,77,77,77,77,77,77,77,44,77,77,77,77,77,77,77,68,77,77,77,77,77,77,77,77,60],"gold":726,"neow_bonus":"","is_daily":false,"chose_seed":false,"campfire_upgraded":5,"win_rate":0.0,"timestamp":1609406736,"path_taken":["M","M","M","M","M","R","M","M","T","E","?","M","M","$","R","BOSS","M","M","?","M","M","R","?","R","T","$","M","R","M","E","R","BOSS","M","M","$","M","AVR","?","M","R","T","M","?","M","?","M","R","BOSS"],"items_purchased_type":["Relic","Card","Card","Card"],"build_version":"2020-12-22","purchased_purges":1,"victory":true,"max_hp_per_floor":[70,70,70,70,70,70,70,70,70,70,70,70,70,77,77,77,77,77,77,77,77,77,77,77,77,77,77,77,77,77,77,77,77,77,77,77,77,77,77,77,77,77,77,77,77,77,77,77,77,77],"card_choices":[{"not_picked":["All Out Attack","Poisoned Stab"],"picked":"Sucker Punch","floor":10.0},{"not_picked":["Burst","Wraith Form v2"],"picked":"Bullet Time","floor":16},{"not_picked":["Tactician","Reflex"],"picked":"Dagger Spray+1","floor":31},{"not_picked":["Bullet Time","Night Terror"],"picked":"Grand Finale","floor":33}],"player_experience":172961,"relics_obtained":[{"floor":1.0,"key":"infinitespire:Magic Flask"},{"floor":2.0,"key":"InkBottle"},{"floor":3.0,"key":"Pet Ghost"},{"floor":4.0,"key":"Replay:Multitool"},{"floor":5.0,"key":"Bag of Preparation"},{"floor":7.0,"key":"Paper Crane"},{"floor":8.0,"key":"Replay:WaspNest"},{"floor":9.0,"key":"Eternal Feather"},{"floor":10.0,"key":"Potion Belt"},{"floor":12.0,"key":"Lizard Tail"},{"floor":13,"key":"Pen Nib"},{"floor":18,"key":"infinitespire:Broken Mirror"},{"floor":19,"key":"Bottled Lightning"},{"floor":21,"key":"infinitespire:Golems Mask"},{"floor":22,"key":"Vampiric Spirits"},{"floor":26,"key":"CaptainsWheel"},{"floor":28,"key":"Old Coin"},{"floor":30,"key":"Incense Burner"},{"floor":31,"key":"Meat on the Bone"},{"floor":35,"key":"Replay:Arrowhead"},{"floor":36,"key":"Snake Skull"},{"floor":38,"key":"Gremlin Food"},{"floor":41,"key":"Frozen Egg 2"},{"floor":43,"key":"Vajra"},{"floor":44,"key":"infinitespire:WardingShard"},{"floor":46,"key":"Iron Hammer"},{"floor":47,"key":"Boot"},{"floor":48,"key":"Bag of Marbles"}],"event_choices":[{"damage_healed":0.0,"max_hp_gain":0.0,"max_hp_loss":0.0,"gold_gain":75.0,"event_name":"World of Goop","player_choice":"Gather Gold","floor":11.0,"gold_loss":0.0,"damage_taken":11.0},{"damage_healed":0,"gold_gain":0,"player_choice":"Inject Mutagens","damage_taken":0,"relics_obtained":["MutagenicStrength"],"max_hp_gain":0,"max_hp_loss":0,"event_name":"Drug Dealer","floor":20,"gold_loss":0},{"damage_healed":0,"gold_gain":0,"player_choice":"Obtained Relic","damage_taken":0,"relics_obtained":["Replay:Accelerometer"],"max_hp_gain":0,"max_hp_loss":0,"event_name":"Addict","floor":24,"gold_loss":85},{"cards_removed":["Strike_G"],"damage_healed":0,"gold_gain":0,"player_choice":"Removed Attack","damage_taken":0,"max_hp_gain":0,"max_hp_loss":0,"event_name":"Falling","floor":40,"gold_loss":0},{"cards_removed":["Strike_G"],"damage_healed":0,"gold_gain":0,"player_choice":"Offered Basic","damage_taken":0,"max_hp_gain":0,"max_hp_loss":0,"event_name":"Bonfire Elementals","floor":45,"gold_loss":0}],"is_beta":false,"boss_relics":[{"not_picked":["Pandora\u0027s Box","Snecko Scales"],"picked":"Cursed Key"},{"not_picked":["Replay:Grab Bag","Empty Cage"],"picked":"Replay:Wanted Poster"}],"items_purged_floors":[27],"is_endless":false,"potions_floor_spawned":[2,7,13,18,19,33,38,46,47],"ascension_level":0}}