{"host":"s0ikvqhe10eopvjn","time":1609415822,"event":{"mods":["Act Like it!","Bard","BaseMod","Better Third Choice","Block Reminder","Colored Map","Colored Powertips","DeckTracker","Downfall","GifTheSpireLib","Halation","Hallownest","Hermit","Highlight Path","Hubris","Infinite Spire","Mad Scientist","Minty Spire (QoL Compilation)","Permanent Neow","Random Character Button","Replay The Spire","StSLib","The Blackbeard","The Blue Laboratory","The Bug Knight","The Construct","The Cursed","The Disciple","The Hierophant","The Marked","The Mystic","The Necromancer","The Poker Player","The Runesmith","The Servant 0.9.4"],"gold_per_floor":[111,111,128,54,71,106,106,106,106,106,119,119,119,139,139,238,238,256,284,59,162,194,194,50,69,69,69,69,81,81,81,81,189,189,206,428,428,462,462,462,497,497,497,497,512,540,540,563,563,563],"floor_reached":51,"playtime":3497,"items_purged":["Strike_Br"],"score":748,"play_id":"d82021d8-5df4-4ece-a5a7-9d5e9253c134","local_time":"20201231115702","is_ascension_mode":false,"campfire_choices":[{"data":"SecondHand","floor":8.0,"key":"SMITH"},{"data":"infinitespire:Collect","floor":10.0,"key":"SMITH"},{"floor":13.0,"key":"REST"},{"floor":15.0,"key":"DIG"},{"data":"Fragmentalize","floor":23.0,"key":"SMITH"},{"floor":27.0,"key":"REST"},{"floor":32.0,"key":"REST"},{"data":"Echoward","floor":40.0,"key":"SMITH"},{"data":"PatternShift","floor":44.0,"key":"SMITH"},{"data":"DaylightSavings","floor":47.0,"key":"SMITH"}],"circlet_count":0,"master_deck":["Strike_Br","Strike_Br","Strike_Br","Defend_Br","Defend_Br","Defend_Br","Defend_Br","SecondHand+1","PatternShift+1","LockedAnchor","infinitespire:Collect+1","Echoward+1","BlueShift","LockedAnchor","RageCommand+1","LockedTornado","LockedBell","ReapSow","Fragmentalize+1","CrunchTime+1","LockedBlood+1","LockedMawBank","HandsUpC","LockedTurtyl","LockedAnchor","LockedCalendar","LockedAnchor+1","VestedLegacy","DaylightSavings+3","Engulf+1","Facsimile","expansioncontent:YouAreMine","Allargando"],"relics":["Chronometer","infinitespire:EmpoweringShard","infinitespire:CheckeredPen","ReplayTheSpireMod:Ninjato","hubris:VirtuousBlindfold","Red Mask","Lantern","ReplayTheSpireMod:TigerMarble","PreservedInsect","hubris:FunFungus","hubris:Icosahedron","Philosopher\u0027s Stone","hubris:DisguiseKit","Vajra","hubris:Towel","Kunai"],"acts_visited":["Exordium","TheCity","TheBeyond"],"potions_floor_usage":[50],"damage_taken":[{"damage":3.0,"enemies":"2 Louse","floor":1.0,"turns":4.0},{"damage":0.0,"enemies":"Jaw Worm","floor":3.0,"turns":4.0},{"damage":7.0,"enemies":"infinitespire:Voidling","floor":5.0,"turns":4.0},{"damage":0.0,"enemies":"HollowMod:MossKnight","floor":6.0,"turns":7.0},{"damage":0.0,"enemies":"Large Slime","floor":11.0,"turns":7.0},{"damage":2.0,"enemies":"Exordium Thugs","floor":14.0,"turns":6.0},{"damage":48.0,"enemies":"Fading Forest","floor":16.0,"turns":11.0},{"damage":0.0,"enemies":"3 Byrds","floor":18.0,"turns":2.0},{"damage":42.0,"enemies":"Masked Bandits","floor":19.0,"turns":4.0},{"damage":0.0,"enemies":"Chosen","floor":22.0,"turns":4.0},{"damage":9.0,"enemies":"Centurion and Healer","floor":25.0,"turns":6.0},{"damage":0.0,"enemies":"3 Cultists","floor":29.0,"turns":2.0},{"damage":16.0,"enemies":"Automaton","floor":33.0,"turns":7.0},{"damage":0.0,"enemies":"3 Shapes","floor":35.0,"turns":2.0},{"damage":5.0,"enemies":"3 Darklings","floor":38.0,"turns":3.0},{"damage":0.0,"enemies":"Reptomancer","floor":41.0,"turns":2.0},{"damage":2.0,"enemies":"Maw","floor":45.0,"turns":7.0},{"damage":7.0,"enemies":"Writhing Mass","floor":46.0,"turns":4.0},{"damage":0.0,"enemies":"Maw","floor":48.0,"turns":5.0},{"damage":52,"enemies":"Donu and Deca","floor":50,"turns":6}],"seed_played":"502781905632280560","potions_obtained":[{"floor":14.0,"key":"Cursed Concoction"},{"floor":19.0,"key":"SpeedPotion"},{"floor":33.0,"key":"SkillPotion"},{"floor":45.0,"key":"sneckomod:MuddlingPotion"}],"is_trial":false,"path_per_floor":["M","?","M","$","M","E","?","R","T","R","M","?","R","M","R_BF","B",null,"M","?","$","?","M","R","$","M","T","R","$","M","?","AVR","R","B",null,"M","?","?","M","?","R","E","?","T","R","M","M","R","M","R_BF","B",null],"character_chosen":"CHRONO_CLASS","items_purchased":["BlueShift","LockedAnchor","Lantern","PreservedInsect"],"campfire_rested":3,"item_purchase_floors":[4,4,20,24],"current_hp_per_floor":[68,51,51,51,51,51,51,51,51,51,51,51,71,69,69,21,71,71,29,29,29,35,35,35,30,30,51,51,51,51,51,71,61,71,71,71,71,68,68,68,69,69,69,69,71,70,70,71,71,29],"gold":563,"neow_bonus":"TEN_PERCENT_HP_BONUS","is_daily":false,"chose_seed":false,"campfire_upgraded":6,"win_rate":0.0,"timestamp":1609415822,"path_taken":["M","?","M","$","M","E","?","R","T","R","?","?","R","M","R_BF","BOSS","M","?","$","?","M","R","$","M","T","R","?","M","?","AVR","R","BOSS","M","?","?","M","?","R","E","?","T","R","M","M","R","M","R_BF","BOSS"],"items_purchased_type":["Card","Card","Relic","Relic"],"build_version":"2020-12-22","purchased_purges":1,"victory":true,"max_hp_per_floor":[71,71,71,71,71,71,71,71,71,71,71,71,71,71,71,71,71,71,71,71,71,71,71,71,71,71,71,71,71,71,71,71,71,71,71,71,71,71,71,71,71,71,71,71,71,71,71,71,71,71],"card_choices":[{"not_picked":["Tempo","CrunchTime"],"picked":"LockedAnchor","floor":1.0},{"not_picked":["ReplayTheSpireMod:Book of Names","infinitespire:SealOfDarkness+"],"picked":"infinitespire:Collect","floor":2.0},{"not_picked":["LockedScales","WindUp"],"picked":"Echoward","floor":3.0},{"not_picked":["Echoward","CrunchTime"],"picked":"RageCommand","floor":5.0},{"not_picked":["CrunchTime","LockedAnchor"],"picked":"LockedTornado","floor":6.0},{"not_picked":["BlueShift","Parity"],"picked":"LockedBell","floor":11.0},{"not_picked":["VestedLegacy","Engulf"],"picked":"ReapSow","floor":14.0},{"not_picked":["LockedCalendar","LockedBell"],"picked":"Fragmentalize","floor":16.0},{"not_picked":["LockedMawBank","HandsUpC"],"picked":"CrunchTime+1","floor":18.0},{"not_picked":["AlternateTimeline+1","Tempo"],"picked":"LockedBlood","floor":19.0},{"not_picked":["Stagnate","Parity"],"picked":"LockedMawBank","floor":21.0},{"not_picked":["Analog","Stagnate"],"picked":"HandsUpC","floor":21.0},{"not_picked":["Parity","Tempo","TickedOff"],"picked":"SKIP","floor":22.0},{"not_picked":["Engulf","Parity"],"picked":"LockedTurtyl","floor":25.0},{"not_picked":["Parity+1","Engulf"],"picked":"LockedAnchor","floor":29.0},{"not_picked":["LockedFlame","Pendulum","Berserk"],"picked":"LockedCalendar","floor":33.0},{"not_picked":["Backlash","WindUp+1","Replay:Undeath\u0027s Touch"],"picked":"LockedAnchor+1","floor":35.0},{"not_picked":["ExoVibe","CrunchTime+1","ReplayTheSpireMod:Strike From Hell"],"picked":"VestedLegacy","floor":38.0},{"not_picked":["Echoward+1","LockedMedicine+1","Blood for Blood"],"picked":"DaylightSavings","floor":41.0},{"not_picked":["BiteCommand","CrunchTime","Flame Barrier"],"picked":"Engulf+1","floor":45.0},{"not_picked":["BlueShift","Flay","Recurrance","Warcry"],"picked":"SKIP","floor":46.0},{"not_picked":["Analog","LockedWarPaint","Shockwave"],"picked":"Facsimile","floor":48.0},{"not_picked":["expansioncontent:GuardianWhirl","Discovery"],"picked":"expansioncontent:YouAreMine","floor":49.0}],"player_experience":97306,"relics_obtained":[{"floor":6.0,"key":"infinitespire:EmpoweringShard"},{"floor":9.0,"key":"infinitespire:CheckeredPen"},{"floor":15.0,"key":"ReplayTheSpireMod:Ninjato"},{"floor":19.0,"key":"Red Mask"},{"floor":21.0,"key":"ReplayTheSpireMod:TigerMarble"},{"floor":26.0,"key":"hubris:FunFungus"},{"floor":41.0,"key":"Vajra"},{"floor":43.0,"key":"Kunai"}],"event_choices":[{"damage_healed":0.0,"max_hp_gain":0.0,"max_hp_loss":0.0,"gold_gain":0.0,"event_name":"NoteForYourself","player_choice":"Ignored","floor":7.0,"gold_loss":0.0,"damage_taken":0.0},{"damage_healed":0.0,"max_hp_gain":0.0,"max_hp_loss":0.0,"gold_gain":0.0,"event_name":"Accursed Blacksmith","player_choice":"Forge","floor":12.0,"gold_loss":0.0,"damage_taken":0.0,"cards_upgraded":["RageCommand"]},{"damage_healed":0.0,"max_hp_gain":0.0,"max_hp_loss":0.0,"gold_gain":0.0,"event_name":"Masked Bandits","player_choice":"Fought Bandits","floor":19.0,"gold_loss":0.0,"damage_taken":0.0},{"damage_healed":0.0,"max_hp_gain":0.0,"max_hp_loss":0.0,"gold_gain":222.0,"event_name":"Tomb of Lord Red Mask","player_choice":"Wore Mask","floor":36.0,"gold_loss":0.0,"damage_taken":0.0},{"damage_healed":0.0,"max_hp_gain":0.0,"max_hp_loss":0.0,"gold_gain":0.0,"event_name":"SensoryStone","player_choice":"Memory 1","floor":49.0,"gold_loss":0.0,"damage_taken":0.0}],"is_beta":false,"boss_relics":[{"not_picked":["halation:ForbiddenBikini","Cursed Key"],"picked":"hubris:VirtuousBlindfold"},{"not_picked":["hubris:GrandSneckoEye","Coffee Dripper","hubris:CrackedHourglass"]}],"items_purged_floors":[20],"is_endless":false,"potions_floor_spawned":[5,11,14,19,22,33,38,41,45,48],"ascension_level":0}}