{"host":"sum4dy402bbv9y4o","time":1609455885,"event":{"mods":["Aspiration","BaseMod","Conspire","Highlight Path","Minty Spire (QoL Compilation)","StSLib"],"gold_per_floor":[111,32,32,32,46,89,14,37,37,37,68,83,124,147,147,240,240,256,15,35,35,35,35,11,11,37,73,53,74,74,93,93,186,186,206,221,221,221,221,221,221],"floor_reached":40,"playtime":1388,"items_purged":["Strike_P","Strike_P"],"score":1044,"play_id":"f9929495-1a94-462e-9402-f2630212f065","local_time":"20210101020445","is_ascension_mode":true,"campfire_choices":[{"floor":15,"key":"REST"},{"data":"Eruption","floor":23,"key":"SMITH"},{"data":"CrushJoints","floor":25,"key":"SMITH"},{"floor":32,"key":"REST"}],"circlet_count":0,"master_deck":["AscendersBane","Strike_P","Defend_P","Defend_P+1","Defend_P","Eruption+1","Vigilance","CrushJoints+1","EmptyFist+1","BowlingBash","Protect","FlyingSleeves+1","FlurryOfBlows","Swivel","EmptyBody+1","FearNoEvil","LessonLearned","EmptyBody+1","Tantrum","FollowUp","CrushJoints+1","FlurryOfBlows","Halt","Master of Strategy"],"relics":["PureWater","NeowsBlessing","Golden Idol","FossilizedHelix","Turnip","aspiration:HummingbirdHeart","Question Card","Bag of Marbles","Runic Pyramid","aspiration:StickyExplosives","Art of War","Blue Candle","Bottled Flame","Empty Cage"],"acts_visited":["Exordium","TheCity","TheBeyond"],"potions_floor_usage":[16,16,27,29,33,33,36],"damage_taken":[{"damage":0,"enemies":"Jaw Worm","floor":1,"turns":1},{"damage":0,"enemies":"Small Slimes","floor":5,"turns":1},{"damage":0,"enemies":"3 Sentries","floor":6,"turns":2},{"damage":0,"enemies":"2 Louse","floor":8,"turns":3},{"damage":0,"enemies":"Gremlin Nob","floor":11,"turns":3},{"damage":0,"enemies":"Exordium Wildlife","floor":12,"turns":3},{"damage":0,"enemies":"3 Sentries","floor":13,"turns":6},{"damage":0,"enemies":"3 Louse","floor":14,"turns":2},{"damage":37,"enemies":"Hexaghost","floor":16,"turns":11},{"damage":4,"enemies":"Spheric Guardian","floor":18,"turns":5},{"damage":0,"enemies":"3 Byrds","floor":20,"turns":5},{"damage":0,"enemies":"Gremlin Leader","floor":27,"turns":5},{"damage":0,"enemies":"Snake Plant","floor":29,"turns":2},{"damage":0,"enemies":"Sentry and Sphere","floor":31,"turns":4},{"damage":33,"enemies":"Automaton","floor":33,"turns":8},{"damage":0,"enemies":"Orb Walker","floor":35,"turns":2},{"damage":18,"enemies":"3 Darklings","floor":36,"turns":5},{"damage":47,"enemies":"Reptomancer","floor":40,"turns":7}],"seed_played":"-2152538767077954258","potions_obtained":[{"floor":1,"key":"Block Potion"},{"floor":13,"key":"EntropicBrew"},{"floor":14,"key":"PowerPotion"},{"floor":20,"key":"Explosive Potion"},{"floor":28,"key":"Ambrosia"},{"floor":29,"key":"PowerPotion"},{"floor":35,"key":"Strength Potion"},{"floor":36,"key":"PowerPotion"}],"is_trial":false,"path_per_floor":["M","$","?","T","M","E","$","M","T","?","E","M","E","M","R","B",null,"M","$","M","?","T","R","$","R","T","E","?","M","T","M","R","B",null,"M","M","?","?","?","E"],"character_chosen":"WATCHER","items_purchased":["EmptyFist","BowlingBash","Tantrum","Weak Potion","CrushJoints"],"campfire_rested":2,"item_purchase_floors":[2,2,19,19,24],"current_hp_per_floor":[61,61,38,38,38,38,38,38,38,18,18,18,18,18,38,1,51,47,47,47,47,47,47,47,47,47,47,47,47,47,47,67,34,60,60,42,42,42,42,0,0],"gold":221,"neow_bonus":"THREE_ENEMY_KILL","is_daily":false,"chose_seed":false,"campfire_upgraded":2,"win_rate":0.0,"timestamp":1609455885,"path_taken":["M","$","?","?","M","E","$","M","T","?","E","M","E","M","R","BOSS","M","$","M","?","?","R","$","R","T","E","?","?","?","M","R","BOSS","M","M","?","?","?","E"],"items_purchased_type":["Card","Card","Card","Potion","Card"],"build_version":"2020-12-22","purchased_purges":2,"victory":false,"max_hp_per_floor":[68,68,68,68,68,68,68,68,68,68,68,68,68,68,68,68,68,68,68,68,68,68,68,68,68,68,68,68,68,68,68,68,68,68,68,68,68,68,68,68,68],"card_choices":[{"not_picked":["Prostrate","ThirdEye"],"picked":"CrushJoints","floor":1},{"not_picked":["Indignation","FlyingSleeves"],"picked":"Protect","floor":5},{"not_picked":["Ragnarok","SpiritShield"],"picked":"FlyingSleeves","floor":6},{"not_picked":["FlyingSleeves","ThirdEye"],"picked":"FlurryOfBlows","floor":8},{"not_picked":["ThirdEye","ForeignInfluence"],"picked":"Swivel","floor":11},{"not_picked":["ThirdEye","BowlingBash","CrushJoints"],"picked":"EmptyBody","floor":12},{"not_picked":["Judgement","Perseverance","Protect"],"picked":"FearNoEvil","floor":13},{"not_picked":["SashWhip","Wallop","Study"],"picked":"Perseverance","floor":14},{"not_picked":["Blasphemy","ConjureBlade","DeusExMachina"],"picked":"LessonLearned","floor":16},{"not_picked":["SignatureMove","Protect","ClearTheMind"],"picked":"EmptyBody","floor":18},{"not_picked":["ThirdEye","Evaluate","EmptyFist"],"picked":"FollowUp","floor":20},{"not_picked":["WreathOfFlame","Vault","Sanctity"],"picked":"FlurryOfBlows","floor":27},{"not_picked":["EmptyBody","WheelKick","WindmillStrike","Vengeance"],"picked":"SKIP","floor":29},{"not_picked":["BowlingBash","Meditate+1","InnerPeace","FlyingSleeves"],"picked":"SKIP","floor":31},{"not_picked":["BowlingBash","WheelKick+1","EmptyFist"],"picked":"Halt","floor":35},{"not_picked":["Protect","ForeignInfluence","Prostrate","ThirdEye+1"],"picked":"SKIP","floor":36},{"not_picked":["Deep Breath","Bandage Up","Thinking Ahead"],"picked":"Master of Strategy","floor":37}],"player_experience":2868432,"relics_obtained":[{"floor":4,"key":"FossilizedHelix"},{"floor":6,"key":"Turnip"},{"floor":9,"key":"aspiration:HummingbirdHeart"},{"floor":11,"key":"Question Card"},{"floor":13,"key":"Bag of Marbles"},{"floor":22,"key":"aspiration:StickyExplosives"},{"floor":26,"key":"Art of War"},{"floor":27,"key":"Blue Candle"},{"floor":30,"key":"Bottled Flame"}],"event_choices":[{"damage_healed":0,"gold_gain":0,"player_choice":"Take Damage","damage_taken":23,"relics_obtained":["Golden Idol"],"max_hp_gain":0,"max_hp_loss":0,"event_name":"Golden Idol","floor":3,"gold_loss":0},{"damage_healed":0,"gold_gain":0,"player_choice":"Entered Light","damage_taken":20,"max_hp_gain":0,"max_hp_loss":0,"event_name":"Shining Light","floor":10,"gold_loss":0,"cards_upgraded":["FlyingSleeves","EmptyFist"]},{"damage_healed":0,"gold_gain":0,"player_choice":"Bought 1 Potion","damage_taken":0,"max_hp_gain":0,"max_hp_loss":0,"event_name":"The Woman in Blue","floor":28,"gold_loss":0},{"damage_healed":0,"gold_gain":0,"player_choice":"Memory 1","damage_taken":0,"max_hp_gain":0,"max_hp_loss":0,"event_name":"SensoryStone","floor":37,"gold_loss":0},{"cards_removed":["Perseverance"],"damage_healed":0,"gold_gain":0,"player_choice":"Removed Skill","damage_taken":0,"max_hp_gain":0,"max_hp_loss":0,"event_name":"Falling","floor":39,"gold_loss":0}],"is_beta":false,"boss_relics":[{"not_picked":["SacredBark","aspiration:RandomNobGenerator"],"picked":"Runic Pyramid"},{"not_picked":["Cursed Key","conspire:RunicOctahedron"],"picked":"Empty Cage"}],"items_purged_floors":[7,19],"is_endless":false,"potions_floor_spawned":[1,13,14,20,29,31,35,36],"killed_by":"Reptomancer","ascension_level":20}}