{"host":"h4lp0eeso8a0ssq0","time":1609456088,"event":{"mods":["2.2 Compatiblity","AchievementEnabler","BaseMod","CapriCore","Colored Map","Downfall","Minty Spire (QoL Compilation)","StSLib","SuperFastMode"],"gold_per_floor":[116,128,144,144,162,176,224,239,254,272,272,290,290,302,302,405,405,419,419,434,449,449,449,473,76,176,176,192,222,222,251,251,351,351,367,382,532,57,77,87,110,130,148,148,164,14,0,76,1,1,1,32,32,32,32],"floor_reached":56,"playtime":16121,"items_purged":["champ:Strike","champ:BerserkerStyle","champ:Defend"],"score":1187,"play_id":"79983183-37d8-4ff2-b18b-bc21f13cb4fb","local_time":"20210101080808","is_ascension_mode":false,"campfire_choices":[{"data":"champ:Taunt","floor":11.0,"key":"SMITH"},{"data":"champ:IgnorePain","floor":15.0,"key":"SMITH"},{"data":"champ:StrikeOfGenius","floor":23.0,"key":"SMITH"},{"data":"champ:ViciousMockery","floor":30.0,"key":"SMITH"},{"data":"champ:IronFortress","floor":32.0,"key":"SMITH"},{"floor":44,"key":"RECALL"},{"data":"champ:PerfectForm","floor":46,"key":"SMITH"},{"data":"champ:ViciousMockery","floor":49,"key":"SMITH"},{"data":"champ:EnGarde","floor":54,"key":"SMITH"}],"circlet_count":0,"master_deck":["champ:Defend","champ:Defend+1","champ:Defend","champ:Execute","champ:Taunt+1","champ:BringItOn+1","champ:BerserkerStyle","champ:DeathBlow","champ:AdrenalArmor","champ:RisingSlash+1","champ:Backstep","champ:IgnorePain+1","champ:BringItOn","champ:ViciousMockery+1","champ:GutPunch+1","champ:ShieldThrow","champ:DefensiveShout+1","champ:TornadoPunch","champ:StrikeOfGenius+1","champ:SteelEdge","champ:DefensiveShout+1","champ:CrookedStrike+1","champ:ViciousMockery+1","champ:BringItOn","champ:IronFortress+1","champ:PerfectForm+1","champ:EnGarde+1"],"relics":["champ:ChampionCrown","champ:DefensiveTrainingManual","Coffee Dripper","PreservedInsect","WingedGreaves","Eternal Feather","downfall:RedIOU","Mercury Hourglass","Whetstone","Busted Crown","FossilizedHelix","Vajra","downfall:HeartBlessingRed","downfall:HeartBlessingGreen","War Paint","downfall:HeartBlessingBlue","Lantern"],"acts_visited":["Exordium","TheCity","TheBeyond","TheEnding"],"potions_floor_usage":[45,55],"damage_taken":[{"damage":9.0,"enemies":"Cultist","floor":1.0,"turns":3.0},{"damage":9.0,"enemies":"2 Louse","floor":2.0,"turns":4.0},{"damage":14.0,"enemies":"Small Slimes","floor":3.0,"turns":4.0},{"damage":25.0,"enemies":"Blue Slaver","floor":5.0,"turns":4.0},{"damage":26.0,"enemies":"2 Fungi Beasts","floor":6.0,"turns":4.0},{"damage":29.0,"enemies":"Exordium Wildlife","floor":8.0,"turns":3.0},{"damage":14.0,"enemies":"3 Louse","floor":9.0,"turns":5.0},{"damage":20.0,"enemies":"Gremlin Gang","floor":10.0,"turns":4.0},{"damage":11.0,"enemies":"Blue Slaver","floor":12.0,"turns":4.0},{"damage":12.0,"enemies":"2 Fungi Beasts","floor":14.0,"turns":5.0},{"damage":89.0,"enemies":"downfall:Watcher","floor":16.0,"turns":10.0},{"damage":20.0,"enemies":"Chosen","floor":18.0,"turns":5.0},{"damage":24.0,"enemies":"Spheric Guardian","floor":20.0,"turns":4.0},{"damage":40.0,"enemies":"Shelled Parasite and Fungi","floor":21.0,"turns":6.0},{"damage":15.0,"enemies":"downfall:FleeingMerchant","floor":25.0,"turns":4.0},{"damage":58.0,"enemies":"downfall:CharBossIronclad","floor":26.0,"turns":8.0},{"damage":32.0,"enemies":"Snecko","floor":28.0,"turns":6.0},{"damage":38.0,"enemies":"Gremlin Leader","floor":29.0,"turns":7.0},{"damage":22.0,"enemies":"Slavers","floor":31.0,"turns":5.0},{"damage":78.0,"enemies":"downfall:Silent","floor":33.0,"turns":9.0},{"damage":19.0,"enemies":"Orb Walker","floor":35.0,"turns":4.0},{"damage":32.0,"enemies":"3 Shapes","floor":36.0,"turns":6.0},{"damage":17.0,"enemies":"downfall:FleeingMerchant","floor":38.0,"turns":4.0},{"damage":27.0,"enemies":"Sphere and 2 Shapes","floor":39.0,"turns":5.0},{"damage":67.0,"enemies":"Transient","floor":40.0,"turns":5.0},{"damage":22.0,"enemies":"Spire Growth","floor":42.0,"turns":5.0},{"damage":20,"enemies":"4 Shapes","floor":43,"turns":4},{"damage":20,"enemies":"Jaw Worm Horde","floor":45,"turns":4},{"damage":5,"enemies":"downfall:FleeingMerchant","floor":47,"turns":4},{"damage":6,"enemies":"downfall:FleeingMerchant","floor":48,"turns":3},{"damage":97,"enemies":"downfall:Defect","floor":50,"turns":8},{"damage":82,"enemies":"downfall:CharBossMerchant","floor":52,"turns":8},{"damage":293,"enemies":"downfall:NeowBoss","floor":55,"turns":27}],"seed_played":"9189532783571803224","potions_obtained":[{"floor":1.0,"key":"champ:UltimateStancePotion"},{"floor":2.0,"key":"SpeedPotion"},{"floor":8.0,"key":"Block Potion"},{"floor":9.0,"key":"FearPotion"},{"floor":16.0,"key":"AttackPotion"},{"floor":20.0,"key":"PowerPotion"},{"floor":28.0,"key":"Dexterity Potion"},{"floor":35.0,"key":"DistilledChaos"},{"floor":45,"key":"Fruit Juice"}],"is_trial":false,"path_per_floor":["M","M","M","?","M","M","T","M","M","M","R","M","T","M","R","B",null,"M","?","M","M","?","R","T","$","?","?","M","E","R","E","R","B",null,"M","M","?","$","M","M","T","M","M","R","M","R","$","$","R","B",null,"E","$","R","B",null],"character_chosen":"THE_CHAMP","items_purchased":["PreservedInsect","Centennial Puzzle","FossilizedHelix","champ:EnGarde","War Paint"],"campfire_rested":0,"item_purchase_floors":[25,25,38,38,48],"current_hp_per_floor":[95,94,92,92,86,86,86,75,73,68,68,68,68,67,67,39,99,99,99,82,76,76,76,76,76,63,63,43,33,48,44,59,25,99,99,85,85,85,86,54,54,54,45,60,55,70,80,95,114,73,114,100,100,114,67],"gold":32,"neow_bonus":"TEN_PERCENT_HP_BONUS","is_daily":false,"chose_seed":false,"campfire_upgraded":8,"win_rate":0.0,"timestamp":1609456088,"path_taken":["M","M","M","?","M","M","T","?","M","M","R","M","?","M","R","BOSS","M","?","M","M","?","R","T","$","?","?","?","E","R","E","R","BOSS","M","M","?","$","?","M","T","M","M","R","M","R","$","$","R","BOSS","E","$","R","BOSS"],"items_purchased_type":["Relic","Relic","Relic","Card","Relic"],"build_version":"2020-12-22","purchased_purges":3,"victory":true,"max_hp_per_floor":[99,99,99,99,99,99,99,99,99,99,99,99,99,99,99,99,99,99,99,99,99,99,99,99,99,99,99,99,99,99,99,99,99,99,99,99,99,99,99,99,99,99,99,99,104,104,104,104,114,114,114,114,114,114,114],"card_choices":[{"not_picked":["champ:BringItOn","champ:AdrenalArmor"],"picked":"champ:BerserkerStyle","floor":1.0},{"not_picked":["champ:FocusedGladiator","champ:Circumvent"],"picked":"champ:BringItOn","floor":2.0},{"not_picked":["champ:RisingSlash","champ:ViciousMockery"],"picked":"champ:BerserkerStyle","floor":3.0},{"not_picked":["champ:DefensiveStyle","champ:RisingSlash"],"picked":"champ:AdrenalArmor","floor":5.0},{"not_picked":["champ:Circumvent","champ:FalseCounter"],"picked":"champ:RisingSlash","floor":6.0},{"not_picked":["champ:BladeFlurry","champ:FalseCounter"],"picked":"champ:Backstep","floor":8.0},{"not_picked":["champ:PreciseThrust","champ:FaceSlap"],"picked":"champ:IgnorePain","floor":9.0},{"not_picked":["champ:FlashCut","champ:AdrenalArmor"],"picked":"champ:BringItOn","floor":10.0},{"not_picked":["champ:Riposte","champ:PerfectedStrike"],"picked":"champ:ViciousMockery","floor":12.0},{"not_picked":["champ:BerserkersShout","champ:StanceDance"],"picked":"champ:GutPunch","floor":14.0},{"not_picked":["champ:CrownThrow","champ:SteelEdge"],"picked":"champ:ShieldThrow","floor":16.0},{"not_picked":["champ:HeartStrike+1","champ:FaceSlap","champ:PerfectedStrike"],"picked":"SKIP","floor":18.0},{"not_picked":["champ:Circumvent+1","champ:RapidStrikes"],"picked":"champ:DefensiveShout+1","floor":20.0},{"not_picked":["champ:EnGarde","champ:DeathBlow"],"picked":"champ:TornadoPunch","floor":21.0},{"not_picked":["champ:BerserkersShout","champ:Circumvent"],"picked":"champ:DefensiveShout+1","floor":25.0},{"not_picked":["champ:BladeFlurry","champ:DeathBlow"],"picked":"champ:CrookedStrike+1","floor":26.0},{"not_picked":["champ:ArenaPreparation+1","champ:Circumvent"],"picked":"champ:ViciousMockery","floor":28.0},{"not_picked":["champ:EnragedBash","champ:GutPunch"],"picked":"champ:BringItOn","floor":29.0},{"not_picked":["champ:EnGarde","champ:HeavySlash"],"picked":"champ:IronFortress","floor":31.0},{"not_picked":["champ:MurderStrike","champ:Devastate"],"picked":"champ:PerfectForm","floor":33.0},{"not_picked":["champ:TornadoPunch"],"picked":"SKIP","floor":35.0},{"not_picked":["champ:GutPunch"],"picked":"SKIP","floor":36.0},{"not_picked":["champ:GutPunch"],"picked":"SKIP","floor":36.0},{"not_picked":["champ:FlashCut"],"picked":"SKIP","floor":38.0},{"not_picked":["champ:Backstep+1"],"picked":"SKIP","floor":39.0},{"not_picked":["champ:FightOn"],"picked":"SKIP","floor":40.0},{"not_picked":["champ:GutPunch"],"picked":"SKIP","floor":42.0},{"not_picked":["champ:Circumvent+1"],"picked":"SKIP","floor":43},{"not_picked":["champ:PerfectedStrike"],"picked":"SKIP","floor":45},{"not_picked":["champ:StanceDance"],"picked":"SKIP","floor":47},{"not_picked":["champ:GladiatorStyle"],"picked":"SKIP","floor":48},{"not_picked":["champ:FightOn"],"picked":"SKIP","floor":52}],"player_experience":29467,"relics_obtained":[{"floor":7.0,"key":"champ:DefensiveTrainingManual"},{"floor":24.0,"key":"Anchor"},{"floor":26.0,"key":"WingedGreaves"},{"floor":26.0,"key":"Eternal Feather"},{"floor":29.0,"key":"Mercury Hourglass"},{"floor":31.0,"key":"Whetstone"},{"floor":41.0,"key":"Vajra"},{"floor":52,"key":"Lantern"}],"event_choices":[{"damage_healed":0.0,"max_hp_gain":0.0,"max_hp_loss":0.0,"gold_gain":0.0,"cards_transformed":["champ:Strike"],"event_name":"Transmorgrifier","player_choice":"Transformed","floor":4.0,"gold_loss":0.0,"damage_taken":0.0,"cards_obtained":["champ:DeathBlow"]},{"damage_healed":0.0,"max_hp_gain":0.0,"max_hp_loss":0.0,"gold_gain":0.0,"cards_transformed":["champ:Strike","champ:Strike"],"event_name":"Drug Dealer","player_choice":"Became Test Subject","floor":22.0,"gold_loss":0.0,"damage_taken":0.0,"cards_obtained":["champ:StrikeOfGenius","champ:SteelEdge"]}],"is_beta":false,"boss_relics":[{"not_picked":["Runic Dome","SlaversCollar"],"picked":"Coffee Dripper"},{"not_picked":["Astrolabe","SacredBark"],"picked":"Busted Crown"}],"items_purged_floors":[25,38,48],"is_endless":false,"potions_floor_spawned":[1,2,8,9,10,16,20,26,28,35,42,43,45],"ascension_level":0}}