{"host":"1sqx9dmsrxu9kvq7","time":1609453357,"event":{"mods":["2.2 Compatiblity","BaseMod","CapriCore","Colored Powertips","Custom Start","Friendly Minions","Highlight Path","Koishi","KomeijiMod","Marisa（霧雨　魔理沙）","Minty Spire (QoL Compilation)","Quick Restart","Rare Cards Sparkle","Reimu（博??梦）","Relic Stats","Remilia（蕾米莉?）","RumiaBox-露米?的神秘盒子","Shop Mod","Spicy Shops","StSLib","The Administrix","The Immortal","The Servant 0.9.4","Waifu the Spire","Yakumo Yukari mod","Youmu（魂魄妖梦）","Yuyuko"],"gold_per_floor":[115,130,130,130,143,143,176,188,188,68,84,84,84,100,100,195,195,211,211,50,65,65,65,65,65,65,80,80,80],"floor_reached":28,"playtime":1909,"items_purged":[],"score":218,"play_id":"45aad9c1-931d-45f1-9e51-73e0fc4b52a9","local_time":"20201231162237","is_ascension_mode":false,"campfire_choices":[{"floor":6,"key":"RECALL"},{"data":"YinYangSange:ReiMu","floor":13,"key":"SMITH"},{"floor":15,"key":"REST"},{"data":"FoulBorder2:ReiMu","floor":23,"key":"SMITH"},{"data":"YinYangSange:ReiMu","floor":25,"key":"SMITH"}],"circlet_count":0,"master_deck":["Strike_Lin:ReiMu","Strike_Lin:ReiMu","Strike_Lin:ReiMu","Strike_Lin:ReiMu","Defend_Lin:ReiMu","Defend_Lin:ReiMu","Defend_Lin:ReiMu","Defend_Lin:ReiMu","NB:ReiMu","Stagnation:ReiMu+1","Amulet:ReiMu","SubcavityInstant:ReiMu+1","CareerPray:ReiMu","WonderfulDomain:ReiMu","CardOfSanctity:ReiMu","YinYangSange:ReiMu+1","Conquer:ReiMu","SubAcupoint:ReiMu","SubcavityFantasy:ReiMu","LovePray:ReiMu","OctopathBindingBorder2:ReiMu","LearningPray:ReiMu","FoulBorder2:ReiMu+1","VanishingEverything+1","YinYangSange:ReiMu+1","SafetyPray:ReiMu"],"relics":["ShineYinYang:ReiMu","NeowsBlessing","ThirstyCross","SkyOrb:ReiMu","HoshigumaDish"],"acts_visited":["Exordium","TheCity"],"potions_floor_usage":[],"damage_taken":[{"damage":0,"enemies":"2 Louse","floor":1,"turns":2},{"damage":0,"enemies":"Small Slimes","floor":2,"turns":1},{"damage":0,"enemies":"Jaw Worm","floor":5,"turns":1},{"damage":32,"enemies":"3 Sentries","floor":7,"turns":8},{"damage":0,"enemies":"Large Slime","floor":8,"turns":4},{"damage":0,"enemies":"2 Fungi Beasts","floor":11,"turns":5},{"damage":7,"enemies":"Exordium Wildlife","floor":14,"turns":4},{"damage":32,"enemies":"Slime Boss","floor":16,"turns":11},{"damage":21,"enemies":"Shell Parasite","floor":18,"turns":10},{"damage":0,"enemies":"3 Byrds","floor":21,"turns":6},{"damage":23,"enemies":"Centurion and Healer","floor":27,"turns":9},{"damage":36,"enemies":"Cultist and Chosen","floor":28,"turns":4}],"seed_played":"-1889114450032939773","potions_obtained":[{"floor":2,"key":"Dexterity Potion"},{"floor":5,"key":"LiquidFlight:ReiMu"},{"floor":8,"key":"Dexterity Potion"}],"is_trial":false,"path_per_floor":["M","M","?","?","M","R","E","M","T","$","M","?","R","M","R","B",null,"M","?","$","M","?","R","?","R","T","M","M"],"character_chosen":"REIMU","items_purchased":["YinYangSange:ReiMu","OctopathBindingBorder2:ReiMu","LearningPray:ReiMu"],"campfire_rested":1,"item_purchase_floors":[10,20,20],"current_hp_per_floor":[65,65,65,52,52,52,20,20,20,20,20,41,41,34,53,21,65,44,44,44,44,44,44,44,44,44,21,0,0],"gold":80,"neow_bonus":"THREE_ENEMY_KILL","is_daily":false,"chose_seed":false,"campfire_upgraded":3,"win_rate":0.0,"timestamp":1609453357,"path_taken":["M","M","?","?","M","R","E","M","T","?","M","?","R","M","R","BOSS","M","?","$","M","?","R","?","R","T","?","M"],"items_purchased_type":["Card","Card","Card"],"build_version":"2020-12-22","purchased_purges":0,"victory":false,"max_hp_per_floor":[65,65,65,65,65,65,65,65,65,65,65,65,65,65,65,65,65,65,65,65,65,65,65,65,65,65,65,65,65],"relic_stats":{"counters":[12,65],"obtain_stats":[{"ThirstyCross":3,"NeowsBlessing":0,"ShineYinYang:ReiMu":17,"HoshigumaDish":26,"SkyOrb:ReiMu":7,"FlyPower:ReiMu":0},{"ThirstyCross":2,"NeowsBlessing":0,"ShineYinYang:ReiMu":8,"HoshigumaDish":10,"SkyOrb:ReiMu":4,"FlyPower:ReiMu":0},{"ThirstyCross":3,"NeowsBlessing":0,"ShineYinYang:ReiMu":36,"HoshigumaDish":52,"SkyOrb:ReiMu":12,"FlyPower:ReiMu":0}]},"card_choices":[{"not_picked":["PassingAway:ReiMu","LearningPray:ReiMu"],"picked":"Amulet:ReiMu","floor":1},{"not_picked":["PhosphorusFlame:ReiMu","Revelation:ReiMu"],"picked":"SubcavityInstant:ReiMu","floor":2},{"not_picked":["TightArray:ReiMu","AirStrike:ReiMu"],"picked":"CareerPray:ReiMu","floor":5},{"not_picked":["AlertArray:ReiMu","Conquer:ReiMu"],"picked":"WonderfulDomain:ReiMu","floor":7},{"not_picked":["SubAcupoint:ReiMu","OrbThrow:ReiMu"],"picked":"CardOfSanctity:ReiMu","floor":8},{"not_picked":["Meditation:ReiMu","Amulet:ReiMu"],"picked":"Conquer:ReiMu","floor":11},{"not_picked":["Meditation:ReiMu","Conquer:ReiMu"],"picked":"SubAcupoint:ReiMu","floor":14},{"not_picked":["Shading:ReiMu","YinYang:ReiMu"],"picked":"SubcavityFantasy:ReiMu","floor":16},{"not_picked":["LearningPray:ReiMu","Mountainwind:ReiMu+1"],"picked":"LovePray:ReiMu","floor":18},{"not_picked":["AirStrike:ReiMu","WonderfulDomain:ReiMu+1"],"picked":"FoulBorder2:ReiMu","floor":21},{"not_picked":["Conquer:ReiMu+1","Amulet:ReiMu"],"picked":"SafetyPray:ReiMu","floor":27}],"player_experience":171243,"relics_obtained":[{"floor":7,"key":"SkyOrb:ReiMu"},{"floor":26,"key":"HoshigumaDish"}],"event_choices":[{"damage_healed":0,"gold_gain":0,"player_choice":"Entered Light","damage_taken":13,"max_hp_gain":0,"max_hp_loss":0,"event_name":"Shining Light","floor":4,"gold_loss":0,"cards_upgraded":["SubcavityInstant:ReiMu","Stagnation:ReiMu"]},{"damage_healed":21,"gold_gain":0,"player_choice":"Banana","damage_taken":0,"max_hp_gain":0,"max_hp_loss":0,"event_name":"Big Fish","floor":12,"gold_loss":0},{"damage_healed":0,"gold_gain":0,"player_choice":"Ignored","damage_taken":0,"max_hp_gain":0,"max_hp_loss":0,"event_name":"Vampires","floor":19,"gold_loss":0},{"damage_healed":0,"gold_gain":0,"player_choice":"Read","damage_taken":0,"max_hp_gain":0,"max_hp_loss":0,"event_name":"The Library","floor":24,"gold_loss":0,"cards_obtained":["YinYangSange:ReiMu"]}],"is_beta":false,"boss_relics":[{"not_picked":["DonationBox:ReiMu","Ectoplasm"],"picked":"ShineYinYang:ReiMu"}],"items_purged_floors":[],"is_endless":false,"potions_floor_spawned":[2,5,8,21],"killed_by":"Cultist and Chosen","ascension_level":0}}