{"host":"va54hb6vb0xjmjwj","time":1609391161,"event":{"mods":["BaseMod","Highlight Path","Minty Spire (QoL Compilation)","Replay The Spire","StSLib","The Bug Knight"],"gold_per_floor":[119,119,131,147,147,322,322,322,322,120,120,120,17,35,35,130,130,143,162,162,24,37,37,37,37],"floor_reached":24,"playtime":1621,"items_purged":["Doubt","Strike_G","Shame"],"score":209,"play_id":"96b26343-9209-4011-9bb7-6dab6cd9f014","local_time":"20201231000601","is_ascension_mode":false,"campfire_choices":[{"data":"Neutralize","floor":7,"key":"SMITH"},{"data":"Infinite Blades","floor":12,"key":"SMITH"},{"floor":15,"key":"REST"}],"circlet_count":0,"master_deck":["Strike_G","Strike_G","Strike_G","Strike_G","Defend_G","Defend_G","Defend_G+1","Defend_G","Defend_G+1","Survivor+1","Neutralize+1","Deadly Poison","Blade Dance","Skewer","ReplayTheSpireMod:IOU","Noxious Fumes","Poisoned Stab","Deadly Poison","Infinite Blades+1","Blade Dance","Catalyst","Blade Dance","Poisoned Stab","Burst","Caltrops","Blade Dance","Burst+1","Noxious Fumes","Underhanded Strike"],"relics":["HoveringKite","Sundial","Membership Card","Replay:Wax Seal","Thread and Needle","Replay:Bronze Core","Lizard Tail","Nloth\u0027s Gift"],"acts_visited":["Exordium","TheCity"],"potions_floor_usage":[],"damage_taken":[{"damage":0,"enemies":"2 Louse","floor":1,"turns":4},{"damage":3,"enemies":"Jaw Worm","floor":3,"turns":4},{"damage":2,"enemies":"Small Slimes","floor":4,"turns":4},{"damage":0,"enemies":"Looter","floor":14,"turns":3},{"damage":44,"enemies":"Slime Boss","floor":16,"turns":8},{"damage":6,"enemies":"Chosen","floor":18,"turns":4},{"damage":14,"enemies":"3 Byrds","floor":19,"turns":5},{"damage":25,"enemies":"Cultist and Chosen","floor":22,"turns":6},{"damage":7,"enemies":"Snake Plant","floor":24,"turns":3}],"seed_played":"846867926699372750","potions_obtained":[{"floor":1,"key":"Dexterity Potion"},{"floor":16,"key":"GamblersBrew"}],"is_trial":false,"path_per_floor":["M","?","M","M","?","?","R","?","T","$","T","R","$","M","R","B",null,"M","M","?","$","M","?","M"],"character_chosen":"THE_SILENT","items_purchased":["Membership Card","Replay:Wax Seal","Noxious Fumes","Poisoned Stab","Deadly Poison","Infinite Blades","Blade Dance","Catalyst","Blade Dance","Burst+1","Noxious Fumes"],"campfire_rested":1,"item_purchase_floors":[10,10,10,10,10,10,10,13,13,21,21],"current_hp_per_floor":[70,56,53,51,51,51,51,39,39,39,39,39,39,39,60,16,70,64,50,50,50,25,25,18,18],"gold":37,"neow_bonus":"BOSS_RELIC","is_daily":false,"chose_seed":false,"campfire_upgraded":2,"win_rate":0.0,"timestamp":1609391161,"path_taken":["M","?","M","M","?","?","R","?","T","$","?","R","?","?","R","BOSS","M","M","?","$","M","?","?"],"items_purchased_type":["Relic","Relic","Card","Card","Card","Card","Card","Card","Card","Card","Card"],"build_version":"2020-12-22","purchased_purges":3,"victory":false,"max_hp_per_floor":[70,70,70,70,70,70,70,70,70,70,70,70,70,70,70,70,70,70,70,70,70,70,70,70,70],"card_choices":[{"not_picked":["Choke","Dagger Spray"],"picked":"Deadly Poison","floor":1},{"not_picked":["Deflect","Concentrate"],"picked":"Blade Dance","floor":3},{"not_picked":["Quick Slash","Reflex"],"picked":"Skewer","floor":4},{"not_picked":["Quick Slash","Prepared"],"picked":"Poisoned Stab","floor":14},{"not_picked":["Tools of the Trade","Venomology"],"picked":"Burst","floor":16},{"not_picked":["Sucker Punch","Underhanded Strike"],"picked":"Caltrops","floor":18},{"not_picked":["Backflip","Footwork"],"picked":"Blade Dance","floor":19},{"not_picked":["ReplayTheSpireMod:Speed Training","ReplayTheSpireMod:Tripwire"],"picked":"Underhanded Strike","floor":22}],"player_experience":205127,"relics_obtained":[{"floor":9,"key":"Sundial"},{"floor":11,"key":"Thread and Needle"}],"event_choices":[{"damage_healed":0,"gold_gain":0,"player_choice":"Entered Light","damage_taken":14,"max_hp_gain":0,"max_hp_loss":0,"event_name":"Shining Light","floor":2,"gold_loss":0,"cards_upgraded":["Survivor","Defend_G"]},{"damage_healed":0,"gold_gain":175,"player_choice":"AGREE","damage_taken":0,"max_hp_gain":0,"max_hp_loss":0,"event_name":"Liars Game","floor":6,"gold_loss":0,"cards_obtained":["Doubt"]},{"damage_healed":0,"gold_gain":0,"player_choice":"Success","damage_taken":12,"relics_obtained":["The Courier"],"max_hp_gain":0,"max_hp_loss":0,"event_name":"Scrap Ooze","floor":8,"gold_loss":0},{"damage_healed":0,"gold_gain":0,"player_choice":"Stole Relic","damage_taken":0,"relics_obtained":["Lizard Tail"],"max_hp_gain":0,"max_hp_loss":0,"event_name":"Addict","floor":20,"gold_loss":0,"cards_obtained":["Shame"]},{"damage_healed":0,"gold_gain":0,"player_choice":"Traded Relic","damage_taken":0,"relics_obtained":["Nloth\u0027s Gift"],"max_hp_gain":0,"max_hp_loss":0,"event_name":"N\u0027loth","floor":23,"relics_lost":["The Courier"],"gold_loss":0}],"is_beta":false,"boss_relics":[{"not_picked":["Pandora\u0027s Box","Sozu"],"picked":"Replay:Bronze Core"}],"items_purged_floors":[10,13,21],"is_endless":false,"potions_floor_spawned":[1,16],"killed_by":"Snake Plant","ascension_level":0}}