{"host":"7sni158j623xchr2","time":1609448448,"event":{"mods":["BaseMod","Colored Map","Highlight Path","Minty Spire (QoL Compilation)","Permanent Neow","Potion Indicator Mod","Rare Cards Sparkle","Relic Sorter","Relic Stats","StSLib","everything is the same but u backflip on backflip"],"gold_per_floor":[117,117,129,13,188,217,217,244,244,244,261,289,38,52,52,151,151,168,16,36,36,36,70,88,88,143,173,184,203,50,82,82,186,186,203,222,234,85,85,85,104,104,104,104,126,166,166,190,190,190,190,190,35,67,67],"floor_reached":56,"playtime":3571,"items_purged":["Strike_G","Doubt"],"score":1329,"play_id":"1794fac5-efaa-42d6-be8e-4f869f8c06bd","local_time":"20201231150048","is_ascension_mode":true,"campfire_choices":[{"data":"Glass Knife","floor":7.0,"key":"SMITH"},{"data":"Noxious Fumes","floor":15,"key":"SMITH"},{"data":"Crippling Poison","floor":32,"key":"SMITH"},{"data":"Adrenaline","floor":40,"key":"SMITH"},{"data":"Corpse Explosion","floor":42,"key":"SMITH"},{"data":"Well Laid Plans","floor":44,"key":"SMITH"},{"floor":47,"key":"RECALL"},{"data":"Calculated Gamble","floor":49,"key":"SMITH"},{"data":"Poisoned Stab","floor":52,"key":"SMITH"}],"circlet_count":0,"master_deck":["Defend_G+1","Defend_G+1","Defend_G+1","Defend_G+1","Survivor+1","Neutralize","Poisoned Stab+1","Cloak And Dagger","Noxious Fumes+1","Glass Knife+1","Well Laid Plans+1","Acrobatics","Backflip","Corpse Explosion+1","Blur+1","Unload+1","Deflect+1","Footwork+1","All Out Attack+1","Calculated Gamble+1","Bane","Wraith Form v2+1","Calculated Gamble+1","Catalyst+1","Crippling Poison+1","Adrenaline+1","Wraith Form v2+1","PiercingWail","Backflip+1","Deadly Poison+1","Dodge and Roll+1","Wraith Form v2+1","Deflect+1","Catalyst+1","PiercingWail"],"relics":["Ring of the Snake","War Paint","Tough Bandages","Frozen Egg 2","Omamori","Matryoshka","Bronze Scales","Astrolabe","Potion Belt","Anchor","Pantograph","Sundial","MealTicket","Eternal Feather","Darkstone Periapt","Calling Bell","Bag of Marbles","Blue Candle","TungstenRod","CeramicFish","Mercury Hourglass","Happy Flower","DollysMirror","White Beast Statue"],"acts_visited":["Exordium","TheCity","TheBeyond","TheEnding"],"potions_floor_usage":[27,31,31,46,55,55,55,55],"damage_taken":[{"damage":4.0,"enemies":"Cultist","floor":1.0,"turns":4.0},{"damage":2.0,"enemies":"Small Slimes","floor":3.0,"turns":3.0},{"damage":25.0,"enemies":"Gremlin Nob","floor":6.0,"turns":6.0},{"damage":12.0,"enemies":"Lagavulin","floor":8.0,"turns":5.0},{"damage":0.0,"enemies":"Jaw Worm","floor":11.0,"turns":2.0},{"damage":10.0,"enemies":"Gremlin Nob","floor":12.0,"turns":4.0},{"damage":0,"enemies":"2 Fungi Beasts","floor":14,"turns":3},{"damage":1,"enemies":"Hexaghost","floor":16,"turns":9},{"damage":5,"enemies":"Spheric Guardian","floor":18,"turns":5},{"damage":2,"enemies":"3 Byrds","floor":20,"turns":2},{"damage":0,"enemies":"Book of Stabbing","floor":23,"turns":7},{"damage":0,"enemies":"Snake Plant","floor":24,"turns":4},{"damage":5,"enemies":"Gremlin Leader","floor":27,"turns":6},{"damage":0,"enemies":"Cultist and Chosen","floor":28,"turns":5},{"damage":1,"enemies":"Snecko","floor":29,"turns":5},{"damage":13,"enemies":"Slavers","floor":31,"turns":4},{"damage":15,"enemies":"Champ","floor":33,"turns":9},{"damage":0,"enemies":"3 Darklings","floor":35,"turns":2},{"damage":0,"enemies":"Orb Walker","floor":36,"turns":3},{"damage":0,"enemies":"Sphere and 2 Shapes","floor":37,"turns":5},{"damage":0,"enemies":"4 Shapes","floor":41,"turns":3},{"damage":0,"enemies":"3 Darklings","floor":45,"turns":2},{"damage":6,"enemies":"Giant Head","floor":46,"turns":8},{"damage":0,"enemies":"Writhing Mass","floor":48,"turns":5},{"damage":24,"enemies":"Donu and Deca","floor":50,"turns":6},{"damage":20,"enemies":"Shield and Spear","floor":54,"turns":4},{"damage":41,"enemies":"The Heart","floor":55,"turns":5}],"seed_played":"8441223136606753160","potions_obtained":[{"floor":1.0,"key":"SneckoOil"},{"floor":11.0,"key":"SkillPotion"},{"floor":14,"key":"DuplicationPotion"},{"floor":16,"key":"EssenceOfSteel"},{"floor":20,"key":"CunningPotion"},{"floor":24,"key":"Poison Potion"},{"floor":27,"key":"Explosive Potion"},{"floor":37,"key":"Energy Potion"},{"floor":41,"key":"Weak Potion"},{"floor":46,"key":"SteroidPotion"},{"floor":48,"key":"DuplicationPotion"},{"floor":54,"key":"ColorlessPotion"}],"is_trial":false,"path_per_floor":["M","T","M","$","?","E","R","E","T","T","M","E","$","M","R","B",null,"M","$","M","?","?","E","M","?","T","E","M","M","$","E","R","B",null,"M","M","M","$","?","R","M","R","T","R","M","E","R","M","R","B",null,"R","$","E","B",null],"character_chosen":"THE_SILENT","items_purchased":["Noxious Fumes","Bronze Scales","Potion Belt","Crippling Poison","Regen Potion","LiquidMemories","GamblersBrew","DollysMirror","PiercingWail"],"campfire_rested":0,"item_purchase_floors":[4,13,19,30,30,38,38,53,53],"current_hp_per_floor":[66,66,64,64,64,39,39,27,27,27,27,17,17,17,17,16,70,65,65,63,63,63,63,63,63,63,58,58,57,70,57,70,55,70,70,70,70,70,70,70,70,70,70,70,70,64,70,70,70,46,70,70,70,50,29],"gold":67,"neow_bonus":"REMOVE_CARD","is_daily":false,"chose_seed":false,"campfire_upgraded":8,"win_rate":0.0,"timestamp":1609448448,"path_taken":["M","?","?","$","?","E","R","E","T","?","M","E","$","M","R","BOSS","M","$","M","?","?","E","?","?","T","E","M","M","$","E","R","BOSS","M","?","?","$","?","R","?","R","T","R","M","E","R","M","R","BOSS","R","$","E","BOSS"],"items_purchased_type":["Card","Relic","Relic","Card","Potion","Potion","Potion","Relic","Card"],"build_version":"2020-12-22","purchased_purges":2,"victory":true,"max_hp_per_floor":[70,70,70,70,70,70,70,70,70,70,70,70,70,70,70,70,70,70,70,70,70,70,70,70,70,70,70,70,70,70,70,70,70,70,70,70,70,70,70,70,70,70,70,70,70,70,70,70,70,70,70,70,70,70,70],"relic_stats":{"Darkstone Periapt":0,"Happy Flower":[6],"counters":[27,126],"Astrolabe":["Blur","Unload","Deflect"],"Blue Candle":[0],"CeramicFish":45,"Eternal Feather":19,"War Paint":["Defend_G","Survivor"],"Mercury Hourglass":[102],"Tough Bandages":[426],"Sundial":[6],"Bronze Scales":[357],"Pantograph":20,"MealTicket":13,"obtain_stats":[{"Potion Belt":19,"Darkstone Periapt":31,"Happy Flower":46,"Astrolabe":17,"Blue Candle":34,"CeramicFish":43,"Eternal Feather":27,"Omamori":10,"War Paint":6,"Frozen Egg 2":9,"White Beast Statue":54,"Mercury Hourglass":43,"Calling Bell":34,"Tough Bandages":8,"Anchor":22,"Matryoshka":12,"Sundial":26,"DollysMirror":53,"Bronze Scales":13,"Pantograph":23,"MealTicket":26,"Bag of Marbles":34,"TungstenRod":34,"Ring of the Snake":0},{"Potion Belt":9,"Darkstone Periapt":16,"Happy Flower":23,"Astrolabe":8,"Blue Candle":17,"CeramicFish":21,"Eternal Feather":13,"Omamori":4,"War Paint":3,"Frozen Egg 2":4,"White Beast Statue":26,"Mercury Hourglass":21,"Calling Bell":17,"Tough Bandages":4,"Anchor":10,"Matryoshka":6,"Sundial":12,"DollysMirror":25,"Bronze Scales":6,"Pantograph":11,"MealTicket":12,"Bag of Marbles":17,"TungstenRod":17,"Ring of the Snake":0},{"Potion Belt":41,"Darkstone Periapt":74,"Happy Flower":106,"Astrolabe":36,"Blue Candle":83,"CeramicFish":96,"Eternal Feather":60,"Omamori":18,"War Paint":13,"Frozen Egg 2":18,"White Beast Statue":121,"Mercury Hourglass":96,"Calling Bell":83,"Tough Bandages":18,"Anchor":43,"Matryoshka":24,"Sundial":54,"DollysMirror":117,"Bronze Scales":24,"Pantograph":50,"MealTicket":54,"Bag of Marbles":83,"TungstenRod":83,"Ring of the Snake":0}],"TungstenRod":6,"Ring of the Snake":[54]},"card_choices":[{"not_picked":["Escape Plan","Slice"],"picked":"Poisoned Stab","floor":1.0},{"not_picked":["Slice","Dagger Throw"],"picked":"Cloak And Dagger","floor":3.0},{"not_picked":["Blade Dance","Quick Slash"],"picked":"Glass Knife","floor":6.0},{"not_picked":["Deflect","Finisher"],"picked":"Well Laid Plans","floor":8.0},{"not_picked":["Prepared","Choke"],"picked":"Acrobatics","floor":11.0},{"not_picked":["Poisoned Stab","Distraction"],"picked":"Dagger Spray","floor":12.0},{"not_picked":["Dagger Throw","Heel Hook"],"picked":"Backflip","floor":14},{"not_picked":["Grand Finale","A Thousand Cuts+1"],"picked":"Corpse Explosion","floor":16},{"not_picked":["Distraction","Outmaneuver+1"],"picked":"Footwork+1","floor":18},{"not_picked":["Dagger Spray","Skewer"],"picked":"All Out Attack+1","floor":20},{"not_picked":["Cloak And Dagger","All Out Attack"],"picked":"Calculated Gamble+1","floor":23},{"not_picked":["Dagger Throw","Well Laid Plans+1"],"picked":"Bane","floor":24},{"not_picked":["Endless Agony+1","Calculated Gamble","All Out Attack"],"picked":"SKIP","floor":27},{"not_picked":["Endless Agony+1","All Out Attack"],"picked":"Calculated Gamble","floor":27},{"not_picked":["Endless Agony","Backstab","Deadly Poison"],"picked":"SKIP","floor":28},{"not_picked":["Outmaneuver+1","Acrobatics+1"],"picked":"Catalyst+1","floor":29},{"not_picked":["Heel Hook","Cloak And Dagger"],"picked":"Adrenaline","floor":31},{"not_picked":["Unload","Storm of Steel"],"picked":"Wraith Form v2+1","floor":33},{"not_picked":["Blade Dance","Poisoned Stab"],"picked":"PiercingWail","floor":35},{"not_picked":["All Out Attack+1","Quick Slash"],"picked":"Backflip+1","floor":36},{"not_picked":["Heel Hook","Deflect+1","Quick Slash"],"picked":"SKIP","floor":37},{"not_picked":["Masterful Stab","Quick Slash"],"picked":"Deadly Poison+1","floor":41},{"not_picked":["Bouncing Flask+1","Predator"],"picked":"Dodge and Roll+1","floor":45},{"not_picked":["Slice","Night Terror"],"picked":"Wraith Form v2+1","floor":46},{"not_picked":["Bane","Reflex"],"picked":"Deflect+1","floor":48},{"not_picked":["Blade Dance","Riddle With Holes+1","Dash"],"picked":"SKIP","floor":54},{"not_picked":["Blade Dance","Riddle With Holes+1","Dash"],"picked":"SKIP","floor":54}],"player_experience":1556526,"relics_obtained":[{"floor":6.0,"key":"War Paint"},{"floor":8.0,"key":"Tough Bandages"},{"floor":9.0,"key":"Frozen Egg 2"},{"floor":10.0,"key":"Omamori"},{"floor":12.0,"key":"Matryoshka"},{"floor":23,"key":"Pantograph"},{"floor":26,"key":"Sundial"},{"floor":26,"key":"MealTicket"},{"floor":27,"key":"Eternal Feather"},{"floor":31,"key":"Darkstone Periapt"},{"floor":34,"key":"Bag of Marbles"},{"floor":34,"key":"Blue Candle"},{"floor":34,"key":"TungstenRod"},{"floor":43,"key":"CeramicFish"},{"floor":43,"key":"Mercury Hourglass"},{"floor":46,"key":"Happy Flower"},{"floor":54,"key":"White Beast Statue"}],"event_choices":[{"damage_healed":0.0,"max_hp_gain":0.0,"max_hp_loss":0.0,"gold_gain":175.0,"event_name":"Liars Game","player_choice":"AGREE","floor":5.0,"gold_loss":0.0,"damage_taken":0.0,"cards_obtained":["Doubt"]},{"damage_healed":0,"gold_gain":0,"player_choice":"Simplicity","damage_taken":0,"max_hp_gain":0,"max_hp_loss":0,"event_name":"Back to Basics","floor":21,"gold_loss":0,"cards_upgraded":["Strike_G","Defend_G","Defend_G","Defend_G"]},{"damage_healed":0,"gold_gain":0,"player_choice":"Gave Potion","damage_taken":0,"relics_obtained":["Anchor"],"max_hp_gain":0,"max_hp_loss":0,"event_name":"WeMeetAgain","floor":22,"gold_loss":0},{"damage_healed":0,"gold_gain":0,"cards_transformed":["Strike_G"],"player_choice":"Transformed","damage_taken":0,"max_hp_gain":0,"max_hp_loss":0,"event_name":"Transmorgrifier","floor":25,"gold_loss":0,"cards_obtained":["Wraith Form v2"]},{"cards_removed":["Dagger Spray"],"damage_healed":5,"gold_gain":0,"player_choice":"Offered Common","damage_taken":0,"max_hp_gain":0,"max_hp_loss":0,"event_name":"Bonfire Elementals","floor":39,"gold_loss":0},{"cards_removed":["Dagger Spray"],"damage_healed":5,"gold_gain":0,"player_choice":"Offered Special","damage_taken":0,"max_hp_gain":0,"max_hp_loss":0,"event_name":"Bonfire Elementals","floor":39,"gold_loss":0}],"is_beta":false,"boss_relics":[{"not_picked":["WristBlade","Snecko Eye"],"picked":"Astrolabe"},{"not_picked":["Black Star","SlaversCollar"],"picked":"Calling Bell"}],"items_purged_floors":[4,13],"is_endless":false,"potions_floor_spawned":[1,11,14,16,20,24,27,37,41,45,46,48,54],"ascension_level":1}}