{"host":"J","time":1609380455,"event":{"mods":["AchievementEnabler","BaseMod","Block Reminder","Highlight Path","Minty Spire (QoL Compilation)","Permanent Neow","Quick Restart","Relic Stats","UnlockEverythingMod"],"gold_per_floor":[117,131,131,146,166,166,182,212,236,236,187,187,187,221,221,298,298,311,69,69,87,87,87],"floor_reached":22,"playtime":2399,"items_purged":["Strike_G"],"score":438,"play_id":"b3745d89-fc48-4177-8d6d-46836476ee3a","local_time":"20201231030735","is_ascension_mode":true,"campfire_choices":[{"data":"Bouncing Flask","floor":6.0,"key":"SMITH"},{"data":"Crippling Poison","floor":12.0,"key":"SMITH"},{"data":"Riddle With Holes","floor":15.0,"key":"SMITH"}],"circlet_count":0,"master_deck":["AscendersBane","Strike_G","Strike_G","Strike_G","Defend_G","Defend_G","Defend_G","Defend_G","Defend_G","Survivor","Neutralize","Dagger Throw","Backflip","Bouncing Flask+1","Crippling Poison+1","Backflip","Riddle With Holes+1","Adrenaline","Riddle With Holes+1","Deadly Poison+1"],"relics":["Snecko Eye","FossilizedHelix","Toy Ornithopter","SlaversCollar","OrangePellets"],"acts_visited":["Exordium","TheCity"],"potions_floor_usage":[16],"damage_taken":[{"damage":0.0,"enemies":"2 Louse","floor":1.0,"turns":2.0},{"damage":0.0,"enemies":"Cultist","floor":2.0,"turns":4.0},{"damage":4.0,"enemies":"Jaw Worm","floor":4.0,"turns":3.0},{"damage":4.0,"enemies":"Blue Slaver","floor":5.0,"turns":6.0},{"damage":4.0,"enemies":"2 Fungi Beasts","floor":7.0,"turns":3.0},{"damage":23.0,"enemies":"Gremlin Nob","floor":8.0,"turns":4.0},{"damage":0.0,"enemies":"Lagavulin","floor":14.0,"turns":5.0},{"damage":20,"enemies":"Hexaghost","floor":16,"turns":9},{"damage":0,"enemies":"Shell Parasite","floor":18,"turns":3},{"damage":32,"enemies":"2 Thieves","floor":21,"turns":4},{"damage":12,"enemies":"Snake Plant","floor":22,"turns":2}],"seed_played":"7901986797767433838","potions_obtained":[{"floor":2.0,"key":"SteroidPotion"},{"floor":5.0,"key":"Strength Potion"},{"floor":8.0,"key":"FearPotion"},{"floor":18,"key":"Strength Potion"}],"is_trial":false,"path_per_floor":["M","M","?","M","M","R","M","E","T","?","?","R","?","E","R","B",null,"M","$","?","M","M"],"character_chosen":"THE_SILENT","items_purchased":["OrangePellets"],"campfire_rested":0,"item_purchase_floors":[19],"current_hp_per_floor":[59,59,59,55,51,51,47,24,24,24,24,24,24,24,24,9,52,52,52,52,20,8,8],"gold":87,"neow_bonus":"BOSS_RELIC","is_daily":false,"chose_seed":false,"campfire_upgraded":3,"win_rate":0.0,"timestamp":1609380455,"path_taken":["M","M","?","M","?","R","M","E","T","?","?","R","?","E","R","BOSS","M","$","?","M","?"],"items_purchased_type":["Relic"],"build_version":"2020-12-18","purchased_purges":1,"victory":false,"max_hp_per_floor":[66,66,66,66,66,66,66,66,66,66,66,66,66,66,66,66,66,66,66,66,66,66,66],"relic_stats":{"OrangePellets":[0],"counters":[11,45],"Snecko Eye":[66,93,97,84],"obtain_stats":[{"SlaversCollar":17,"OrangePellets":19,"Snecko Eye":0,"FossilizedHelix":8,"Toy Ornithopter":14,"Ring of the Snake":0},{"SlaversCollar":8,"OrangePellets":9,"Snecko Eye":0,"FossilizedHelix":6,"Toy Ornithopter":7,"Ring of the Snake":0},{"SlaversCollar":36,"OrangePellets":39,"Snecko Eye":0,"FossilizedHelix":22,"Toy Ornithopter":27,"Ring of the Snake":0}],"Toy Ornithopter":5},"card_choices":[{"not_picked":["Sucker Punch","Backflip"],"picked":"Dagger Throw","floor":1.0},{"not_picked":["Concentrate","Prepared","Terror"],"picked":"SKIP","floor":2.0},{"not_picked":["Endless Agony","Outmaneuver"],"picked":"Backflip","floor":4.0},{"not_picked":["Dodge and Roll","Dagger Throw"],"picked":"Bouncing Flask","floor":5.0},{"not_picked":["Accuracy","Calculated Gamble"],"picked":"Crippling Poison","floor":7.0},{"not_picked":["Finisher","Blade Dance"],"picked":"Backflip","floor":8.0},{"not_picked":["Storm of Steel","Sucker Punch"],"picked":"Riddle With Holes","floor":14.0},{"not_picked":["A Thousand Cuts","Night Terror"],"picked":"Adrenaline","floor":16},{"not_picked":["Underhanded Strike","Concentrate"],"picked":"Riddle With Holes","floor":18},{"not_picked":["Blade Dance","Flying Knee"],"picked":"Deadly Poison+1","floor":21}],"player_experience":238056,"relics_obtained":[{"floor":8.0,"key":"FossilizedHelix"},{"floor":14.0,"key":"Toy Ornithopter"}],"event_choices":[{"cards_removed":["Strike_G"],"damage_healed":0.0,"max_hp_gain":0.0,"max_hp_loss":0.0,"gold_gain":0.0,"event_name":"Bonfire Elementals","player_choice":"Offered Basic","floor":3.0,"gold_loss":0.0,"damage_taken":0.0},{"damage_healed":0.0,"max_hp_gain":0.0,"max_hp_loss":0.0,"gold_gain":0.0,"event_name":"Liars Game","player_choice":"Ignored","floor":10.0,"gold_loss":0.0,"damage_taken":0.0},{"damage_healed":0.0,"max_hp_gain":0.0,"max_hp_loss":0.0,"gold_gain":0.0,"event_name":"World of Goop","player_choice":"Left Gold","floor":11.0,"gold_loss":49.0,"damage_taken":0.0},{"damage_healed":0.0,"max_hp_gain":0.0,"max_hp_loss":0.0,"gold_gain":0.0,"event_name":"Dead Adventurer","player_choice":"Searched \u00270\u0027 times","floor":13.0,"gold_loss":0.0,"damage_taken":0.0},{"damage_healed":0,"gold_gain":0,"player_choice":"Upgraded","damage_taken":0,"max_hp_gain":0,"max_hp_loss":0,"event_name":"Upgrade Shrine","floor":20,"gold_loss":0,"cards_upgraded":["Riddle With Holes"]}],"is_beta":true,"boss_relics":[{"not_picked":["HoveringKite","Empty Cage"],"picked":"SlaversCollar"}],"items_purged_floors":[19],"is_endless":false,"potions_floor_spawned":[2,5,8,18],"killed_by":"Snake Plant","ascension_level":20}}