{"host":"640uue19m79c7wbt","time":1609397959,"event":{"mods":["BaseMod","Colored Map","Googly Eyes","Highlight Path","Minty Spire (QoL Compilation)","Quick Restart","StSLib"],"gold_per_floor":[110,122,122,11,11,11,41,41,66,66,66,105,118,142,142,261,261,285,285,36,55,55,55,80,80,153,178,211,211,126,145,145,145,145],"floor_reached":33,"playtime":1532,"items_purged":[],"score":328,"play_id":"709a6bd3-f702-48e5-b69f-cddb9272e154","local_time":"20201231015919","is_ascension_mode":true,"campfire_choices":[{"data":"Terror","floor":6.0,"key":"SMITH"},{"data":"Catalyst","floor":8.0,"key":"SMITH"},{"data":"Poisoned Stab","floor":10.0,"key":"SMITH"},{"floor":15.0,"key":"REST"},{"floor":23.0,"key":"REST"},{"data":"Adrenaline","floor":25.0,"key":"SMITH"},{"floor":29.0,"key":"REST"},{"floor":32,"key":"REST"}],"circlet_count":0,"master_deck":["Strike_G","Strike_G","Strike_G","Strike_G","Strike_G","Defend_G","Defend_G","Defend_G","Defend_G","Defend_G","Survivor","Neutralize","Catalyst+1","Cloak And Dagger","Terror+1","Leg Sweep","Poisoned Stab+1","Escape Plan","Backflip","Predator","Adrenaline+1","Underhanded Strike","Dagger Throw","PiercingWail+1","Backstab+1","After Image","Choke+1"],"relics":["Ring of the Snake","NeowsBlessing","Matryoshka","Ginger","Pen Nib","Oddly Smooth Stone","Golden Idol","Shuriken","HoveringKite","Eternal Feather","MutagenicStrength","PreservedInsect","Torii","Dream Catcher"],"acts_visited":["Exordium","TheCity"],"potions_floor_usage":[31,33],"damage_taken":[{"damage":0.0,"enemies":"Small Slimes","floor":1.0,"turns":1.0},{"damage":0.0,"enemies":"Jaw Worm","floor":2.0,"turns":1.0},{"damage":0.0,"enemies":"Lagavulin","floor":7.0,"turns":1.0},{"damage":23.0,"enemies":"3 Sentries","floor":12.0,"turns":10.0},{"damage":0.0,"enemies":"2 Louse","floor":13.0,"turns":1.0},{"damage":0.0,"enemies":"Exordium Wildlife","floor":14.0,"turns":3.0},{"damage":11.0,"enemies":"Hexaghost","floor":16.0,"turns":8.0},{"damage":12.0,"enemies":"Shell Parasite","floor":18.0,"turns":3.0},{"damage":38.0,"enemies":"2 Thieves","floor":21.0,"turns":4.0},{"damage":0.0,"enemies":"Snake Plant","floor":24.0,"turns":1.0},{"damage":18.0,"enemies":"Centurion and Healer","floor":27.0,"turns":4.0},{"damage":52.0,"enemies":"Gremlin Leader","floor":28.0,"turns":4.0},{"damage":0,"enemies":"Cultist and Chosen","floor":31,"turns":3},{"damage":76,"enemies":"Collector","floor":33,"turns":7}],"seed_played":"2746665973086173989","potions_obtained":[{"floor":1.0,"key":"SteroidPotion"},{"floor":7.0,"key":"Dexterity Potion"},{"floor":13.0,"key":"Regen Potion"},{"floor":21.0,"key":"AttackPotion"},{"floor":24.0,"key":"FearPotion"},{"floor":28.0,"key":"Fire Potion"}],"is_trial":false,"path_per_floor":["M","M","?","$","?","R","E","R","T","R","?","E","M","M","R","B",null,"M","?","$","M","?","R","M","R","T","M","E","R","?","M","R","B"],"character_chosen":"THE_SILENT","items_purchased":["Terror","Leg Sweep","Eternal Feather"],"campfire_rested":4,"item_purchase_floors":[4,4,20],"current_hp_per_floor":[70,70,63,63,68,68,68,68,68,68,50,27,27,27,49,53,75,63,63,63,25,25,59,59,71,71,53,1,38,38,38,75,0,0],"gold":145,"neow_bonus":"THREE_ENEMY_KILL","is_daily":false,"chose_seed":false,"campfire_upgraded":4,"win_rate":0.0,"timestamp":1609397959,"path_taken":["M","M","?","$","?","R","E","R","T","R","?","E","M","M","R","BOSS","M","?","$","M","?","R","M","R","T","M","E","R","?","M","R","BOSS"],"items_purchased_type":["Card","Card","Relic"],"build_version":"2020-12-22","purchased_purges":0,"victory":false,"max_hp_per_floor":[70,70,70,70,75,75,75,75,75,75,75,75,75,75,75,75,75,75,75,75,75,75,75,75,75,75,75,75,75,75,75,75,75,75],"card_choices":[{"not_picked":["Blade Dance","Skewer"],"picked":"Catalyst","floor":1.0},{"not_picked":["Concentrate","All Out Attack"],"picked":"Cloak And Dagger","floor":2.0},{"not_picked":["Setup","Masterful Stab"],"picked":"Poisoned Stab","floor":7.0},{"not_picked":["Masterful Stab","Flying Knee"],"picked":"Escape Plan","floor":12.0},{"not_picked":["Setup","Flechettes"],"picked":"Backflip","floor":13.0},{"not_picked":["Acrobatics","Dagger Spray"],"picked":"Predator","floor":14.0},{"not_picked":["Doppelganger","Envenom"],"picked":"Adrenaline","floor":16.0},{"not_picked":["Crippling Poison","Bane"],"picked":"Underhanded Strike","floor":18.0},{"not_picked":["Acrobatics","Dodge and Roll"],"picked":"Dagger Throw","floor":21.0},{"not_picked":["Grand Finale","Dagger Spray","Sucker Punch"],"picked":"SKIP","floor":24.0},{"not_picked":["Heel Hook","Slice"],"picked":"PiercingWail+1","floor":27.0},{"not_picked":["Deadly Poison","Dagger Spray"],"picked":"Backstab+1","floor":28.0},{"not_picked":["Dodge and Roll+1","Sucker Punch"],"picked":"After Image","floor":31},{"not_picked":["Backflip","Outmaneuver"],"picked":"Choke+1","floor":32}],"player_experience":528034,"relics_obtained":[{"floor":7.0,"key":"Ginger"},{"floor":9.0,"key":"Pen Nib"},{"floor":9.0,"key":"Oddly Smooth Stone"},{"floor":12.0,"key":"Shuriken"},{"floor":26.0,"key":"PreservedInsect"},{"floor":28.0,"key":"Torii"}],"event_choices":[{"damage_healed":0.0,"max_hp_gain":0.0,"max_hp_loss":0.0,"gold_gain":0.0,"event_name":"Scrap Ooze","player_choice":"Success","floor":3.0,"gold_loss":0.0,"damage_taken":7.0,"relics_obtained":["Matryoshka"]},{"damage_healed":0.0,"max_hp_gain":5.0,"max_hp_loss":0.0,"gold_gain":0.0,"event_name":"Big Fish","player_choice":"Donut","floor":5.0,"gold_loss":0.0,"damage_taken":0.0},{"damage_healed":0.0,"max_hp_gain":0.0,"max_hp_loss":0.0,"gold_gain":0.0,"event_name":"Golden Idol","player_choice":"Take Damage","floor":11.0,"gold_loss":0.0,"damage_taken":18.0,"relics_obtained":["Golden Idol"]},{"damage_healed":0.0,"max_hp_gain":0.0,"max_hp_loss":0.0,"gold_gain":0.0,"event_name":"Vampires","player_choice":"Ignored","floor":19.0,"gold_loss":0.0,"damage_taken":0.0},{"damage_healed":0.0,"max_hp_gain":0.0,"max_hp_loss":0.0,"gold_gain":0.0,"event_name":"Drug Dealer","player_choice":"Inject Mutagens","floor":22.0,"gold_loss":0.0,"damage_taken":0.0,"relics_obtained":["MutagenicStrength"]},{"damage_healed":0.0,"max_hp_gain":0.0,"max_hp_loss":0.0,"gold_gain":0.0,"event_name":"Addict","player_choice":"Obtained Relic","floor":30.0,"gold_loss":85.0,"damage_taken":0.0,"relics_obtained":["Dream Catcher"]}],"is_beta":false,"boss_relics":[{"not_picked":["Velvet Choker","Fusion Hammer"],"picked":"HoveringKite"}],"items_purged_floors":[],"is_endless":false,"potions_floor_spawned":[1,7,13,21,24,28],"killed_by":"Collector","ascension_level":2}}