{"host":"czzthkrvfe6r7fjf","time":1609395326,"event":{"mods":["ATMod(∞¢Ë™Mod)","Act Like it!","BaseMod","Downfall","GungeonMod","Marisa£®ÏF”Í°°ƒß¿Ì…≥£©","Minty Spire (QoL Compilation)","Quick Restart","StSLib","The Servant 0.9.4","Waifu the Spire","°æπ¶ƒ‹Mod°øªÏ„Á÷Æª∑–ﬁ∏¥≤π∂°"],"gold_per_floor":[115,115,115,40,40,66,66,28,53,63,76,88,122,22,22,101,101,115,133,133,144,144,173,173,183,208,208,221,221,254,254,254,329,329,345,295,310,320,335,370,382,257,257,282,297,310,343,368,368,368],"floor_reached":51,"playtime":2337,"items_purged":["Regret","Strike_G","Strike_G"],"score":1690,"play_id":"9be8c28c-f760-4e71-a0d0-03bd02ae8a0e","local_time":"20201231141526","is_ascension_mode":true,"campfire_choices":[{"data":"Deadly Poison","floor":7.0,"key":"SMITH"},{"data":"Tactician","floor":15.0,"key":"SMITH"},{"floor":27.0,"key":"REST"},{"floor":29.0,"key":"REST"},{"floor":32,"key":"REST"},{"data":"A Thousand Cuts","floor":49,"key":"SMITH"}],"circlet_count":0,"master_deck":["AscendersBane","Strike_G","Strike_G","Strike_G","Defend_G+1","Defend_G","Defend_G","Defend_G","Defend_G","Survivor","Neutralize","AT_FamilyPortrait+1","Dagger Throw","Deadly Poison+1","Tactician+1","Deadly Poison","Deadly Poison","Prepared","Acrobatics+1","A Thousand Cuts+1","Slice","Distraction+1","Eviscerate","Acrobatics+1","Shame","AT_WindFlip","Adrenaline","Calculated Gamble+1","Calculated Gamble+1"],"relics":["Ring of the Snake","AT_ATBox","NeowsBlessing","AT_ChloranthyRing","Vajra","Bag of Preparation","DemoMod:PinkGuonStone","HoveringKite","MutagenicStrength","Incense Burner","Tiny Chest","AT_BladeRuinedKing","Dead Branch","AT_TrinityForce","DemoMod:GlassGuonStoneRelic","Gambling Chip","War Paint","AT_SunfireAegis","Du-Vu Doll","DemoMod:WhiteGuonStone"],"acts_visited":["Exordium","TheCity","TheBeyond"],"potions_floor_usage":[30,33,50,50],"damage_taken":[{"damage":0.0,"enemies":"Jaw Worm","floor":1.0,"turns":1.0},{"damage":0.0,"enemies":"3 Sentries","floor":6.0,"turns":2.0},{"damage":0.0,"enemies":"Small Slimes","floor":10.0,"turns":1.0},{"damage":0.0,"enemies":"2 Louse","floor":11.0,"turns":2.0},{"damage":0.0,"enemies":"Large Slime","floor":12.0,"turns":3.0},{"damage":12.0,"enemies":"Gremlin Nob","floor":13.0,"turns":3.0},{"damage":24.0,"enemies":"Hexaghost","floor":16.0,"turns":9.0},{"damage":2.0,"enemies":"Shell Parasite","floor":18.0,"turns":4.0},{"damage":15.0,"enemies":"Spheric Guardian","floor":19.0,"turns":5.0},{"damage":0.0,"enemies":"3 Cultists","floor":21.0,"turns":3.0},{"damage":32.0,"enemies":"Gremlin Leader","floor":23.0,"turns":5.0},{"damage":16.0,"enemies":"Snake Plant","floor":25.0,"turns":3.0},{"damage":0.0,"enemies":"Shelled Parasite and Fungi","floor":28.0,"turns":2.0},{"damage":0,"enemies":"Book of Stabbing","floor":30,"turns":2},{"damage":32,"enemies":"Champ","floor":33,"turns":7},{"damage":0,"enemies":"Orb Walker","floor":35,"turns":1},{"damage":0,"enemies":"3 Shapes","floor":37,"turns":1},{"damage":0,"enemies":"Jaw Worm Horde","floor":38,"turns":1},{"damage":0,"enemies":"Sphere and 2 Shapes","floor":39,"turns":1},{"damage":0,"enemies":"Nemesis","floor":40,"turns":1},{"damage":0,"enemies":"3 Darklings","floor":41,"turns":1},{"damage":0,"enemies":"Giant Head","floor":44,"turns":1},{"damage":0,"enemies":"4 Shapes","floor":45,"turns":1},{"damage":0,"enemies":"Sphere and 2 Shapes","floor":46,"turns":1},{"damage":0,"enemies":"Nemesis","floor":47,"turns":1},{"damage":0,"enemies":"Donu and Deca","floor":50,"turns":1}],"seed_played":"-7818593412407001956","potions_obtained":[{"floor":13.0,"key":"Strength Potion"},{"floor":19.0,"key":"Explosive Potion"},{"floor":23.0,"key":"Swift Potion"},{"floor":28.0,"key":"BlessingOfTheForge"},{"floor":33,"key":"Dexterity Potion"},{"floor":39,"key":"Regen Potion"},{"floor":46,"key":"SteroidPotion"}],"is_trial":false,"path_per_floor":["M","?","?","$","?","E","R","$","T","M","M","M","E","$","R","B",null,"M","M","?","M","?","E","?","M","T","R","M","R","E","?","R","B",null,"M","?","M","M","M","E","M","$","T","E","M","M","E","T","R","B",null],"character_chosen":"THE_SILENT","items_purchased":["Tactician"],"campfire_rested":3,"item_purchase_floors":[8],"current_hp_per_floor":[59,59,59,59,59,59,59,59,59,59,59,59,54,54,54,30,62,60,45,45,50,50,22,22,6,6,27,27,48,48,48,69,37,64,64,64,64,64,64,64,64,64,64,64,64,64,64,64,64,64],"gold":368,"neow_bonus":"THREE_ENEMY_KILL","is_daily":false,"chose_seed":false,"campfire_upgraded":3,"win_rate":0.0,"timestamp":1609395326,"path_taken":["M","?","?","$","?","E","R","?","T","M","M","M","E","$","R","BOSS","M","M","?","M","?","E","?","M","T","R","M","R","E","?","R","BOSS","M","?","M","?","M","E","M","$","T","E","M","M","E","?","R","BOSS"],"items_purchased_type":["Card"],"build_version":"2020-12-22","purchased_purges":3,"victory":true,"max_hp_per_floor":[66,66,66,66,66,66,66,66,66,66,66,66,73,73,73,73,73,73,73,73,73,73,73,73,73,73,73,73,73,73,73,73,73,73,73,73,73,73,73,73,73,73,73,73,73,73,73,73,73,73],"card_choices":[{"not_picked":["PiercingWail","Choke"],"picked":"Dagger Throw","floor":1.0},{"not_picked":["Dodge and Roll","PiercingWail"],"picked":"Deadly Poison","floor":6.0},{"not_picked":["Deflect","AT_WomanClash"],"picked":"Deadly Poison","floor":10.0},{"not_picked":["AT_EssenceShift","Sucker Punch"],"picked":"Deadly Poison","floor":11.0},{"not_picked":["Dagger Throw","AT_WindFlip"],"picked":"Prepared","floor":12.0},{"not_picked":["Poisoned Stab","Outmaneuver"],"picked":"Acrobatics","floor":13.0},{"not_picked":["AT_EssenceShift","Night Terror"],"picked":"A Thousand Cuts","floor":16.0},{"not_picked":["Quick Slash","Dagger Throw"],"picked":"Slice","floor":18.0},{"not_picked":["Flechettes","Slice"],"picked":"Distraction+1","floor":19.0},{"not_picked":["Outmaneuver","Dash","Caltrops"],"picked":"SKIP","floor":21.0},{"not_picked":["AT_WomanClash","Blade Dance"],"picked":"Acrobatics+1","floor":23.0},{"not_picked":["Crippling Poison","Dagger Throw","Quick Slash"],"picked":"SKIP","floor":25.0},{"not_picked":["Endless Agony","Dagger Spray","Distraction"],"picked":"SKIP","floor":28.0},{"not_picked":["Poisoned Stab","Infinite Blades"],"picked":"AT_WindFlip","floor":30},{"not_picked":["Glass Knife","A Thousand Cuts"],"picked":"Adrenaline","floor":33},{"not_picked":["Prepared","PiercingWail"],"picked":"Calculated Gamble","floor":35},{"not_picked":["Setup","Backflip","Deflect"],"picked":"SKIP","floor":37},{"not_picked":["Quick Slash+1","Deflect","AT_ThistleTea"],"picked":"SKIP","floor":38},{"not_picked":["Quick Slash","Die Die Die"],"picked":"Calculated Gamble+1","floor":39},{"not_picked":["Sucker Punch","Noxious Fumes","Dagger Throw+1"],"picked":"SKIP","floor":40},{"not_picked":["Sucker Punch","Acrobatics+1","Quick Slash"],"picked":"SKIP","floor":41},{"not_picked":["Masterful Stab","Blade Dance+1","Quick Slash"],"picked":"SKIP","floor":44},{"not_picked":["Deadly Poison","Dagger Spray","AT_TwilightShroud"],"picked":"SKIP","floor":45},{"not_picked":["Riddle With Holes+1","Prepared","Endless Agony"],"picked":"SKIP","floor":46},{"not_picked":["Deflect+1","Backflip","Die Die Die"],"picked":"SKIP","floor":47}],"player_experience":486597,"relics_obtained":[{"floor":6.0,"key":"Vajra"},{"floor":9.0,"key":"Bag of Preparation"},{"floor":13.0,"key":"DemoMod:PinkGuonStone"},{"floor":23.0,"key":"Incense Burner"},{"floor":26.0,"key":"AT_BladeRuinedKing"},{"floor":30,"key":"Dead Branch"},{"floor":40,"key":"Gambling Chip"},{"floor":43,"key":"War Paint"},{"floor":44,"key":"AT_SunfireAegis"},{"floor":47,"key":"Du-Vu Doll"},{"floor":48,"key":"DemoMod:WhiteGuonStone"}],"event_choices":[{"damage_healed":0.0,"max_hp_gain":0.0,"max_hp_loss":0.0,"gold_gain":0.0,"event_name":"Big Fish","player_choice":"Box","floor":2.0,"gold_loss":0.0,"damage_taken":0.0,"relics_obtained":["AT_ChloranthyRing"],"cards_obtained":["Regret"]},{"damage_healed":0.0,"max_hp_gain":0.0,"max_hp_loss":0.0,"gold_gain":0.0,"event_name":"Living Wall","player_choice":"Grow","floor":3.0,"gold_loss":0.0,"damage_taken":0.0,"cards_upgraded":["AT_FamilyPortrait"]},{"damage_healed":0.0,"max_hp_gain":0.0,"max_hp_loss":0.0,"gold_gain":0.0,"event_name":"The Cleric","player_choice":"Leave","floor":5.0,"gold_loss":0.0,"damage_taken":0.0},{"damage_healed":0.0,"max_hp_gain":0.0,"max_hp_loss":0.0,"gold_gain":0.0,"event_name":"The Library","player_choice":"Read","floor":20.0,"gold_loss":0.0,"damage_taken":0.0,"cards_obtained":["Eviscerate"]},{"damage_healed":0.0,"max_hp_gain":0.0,"max_hp_loss":0.0,"gold_gain":0.0,"event_name":"Drug Dealer","player_choice":"Inject Mutagens","floor":22.0,"gold_loss":0.0,"damage_taken":0.0,"relics_obtained":["MutagenicStrength"]},{"damage_healed":0.0,"max_hp_gain":0.0,"max_hp_loss":0.0,"gold_gain":0.0,"event_name":"Addict","player_choice":"Stole Relic","floor":24.0,"gold_loss":0.0,"damage_taken":0.0,"relics_obtained":["Tiny Chest"],"cards_obtained":["Shame"]},{"damage_healed":0,"gold_gain":0,"player_choice":"Ignored","damage_taken":0,"max_hp_gain":0,"max_hp_loss":0,"event_name":"Ghosts","floor":31,"gold_loss":0},{"damage_healed":0,"gold_gain":0,"player_choice":"Upgrade","damage_taken":0,"max_hp_gain":0,"max_hp_loss":0,"event_name":"Designer","floor":36,"gold_loss":50,"cards_upgraded":["Calculated Gamble"]}],"is_beta":false,"boss_relics":[{"not_picked":["Cursed Key","Runic Dome"],"picked":"HoveringKite"},{"not_picked":["Pandora\u0027s Box","WristBlade"],"picked":"AT_TrinityForce"}],"items_purged_floors":[4,14,42],"is_endless":false,"potions_floor_spawned":[13,19,23,28,33,39,40,44,46,47],"ascension_level":15}}