{"host":"wukdhyb91avklb3w","time":1609415056,"event":{"mods":["BaseMod","Colored Map","Colored Powertips","Highlight Path","Minty Spire (QoL Compilation)","Relic Stats"],"gold_per_floor":[114,114,129,204,204,234,84,99,99,129,194,209,284,299,299,399,399,414,424,49,64,129,129,159,174,199,99,129,144,159,174,174,174,174],"floor_reached":33,"playtime":3101,"items_purged":["Purity"],"score":351,"play_id":"3a37c0f9-7df2-456e-a8c3-584879ed36f4","local_time":"20201231034416","daily_mods":["Allstar","Red Cards","Night Terrors"],"is_ascension_mode":false,"campfire_choices":[{"floor":15.0,"key":"REST"},{"floor":23.0,"key":"REST"},{"floor":32.0,"key":"REST"}],"circlet_count":0,"master_deck":["Strike_P","Strike_P","Strike_P+1","Strike_P","Defend_P","Defend_P+1","Defend_P","Defend_P","Eruption","Vigilance","Thinking Ahead","Mind Blast","Trip","Secret Weapon","FollowUp","CutThroughFate","Consecrate","EmptyBody","Warcry","Fiend Fire","EmptyFist+1","ClearTheMind+1","Conclude"],"relics":["PureWater","SsserpentHead","Pocketwatch","Orichalcum","Dream Catcher","Happy Flower","Odd Mushroom","SlaversCollar","HandDrill","Bag of Marbles","TeardropLocket","Damaru","Oddly Smooth Stone","Omamori"],"acts_visited":["Exordium","TheCity"],"potions_floor_usage":[],"damage_taken":[{"damage":6.0,"enemies":"Jaw Worm","floor":1.0,"turns":3.0},{"damage":0.0,"enemies":"2 Louse","floor":3.0,"turns":1.0},{"damage":34.0,"enemies":"Lagavulin","floor":6.0,"turns":7.0},{"damage":0.0,"enemies":"Cultist","floor":8.0,"turns":2.0},{"damage":10.0,"enemies":"Gremlin Nob","floor":10.0,"turns":3.0},{"damage":0.0,"enemies":"Large Slime","floor":11.0,"turns":2.0},{"damage":8.0,"enemies":"Exordium Thugs","floor":12.0,"turns":4.0},{"damage":1.0,"enemies":"The Mushroom Lair","floor":13.0,"turns":3.0},{"damage":11.0,"enemies":"Lots of Slimes","floor":14.0,"turns":2.0},{"damage":0.0,"enemies":"Slime Boss","floor":16.0,"turns":3.0},{"damage":22.0,"enemies":"Shell Parasite","floor":18.0,"turns":5.0},{"damage":6.0,"enemies":"2 Thieves","floor":21.0,"turns":4.0},{"damage":20.0,"enemies":"Centurion and Healer","floor":22.0,"turns":3.0},{"damage":18.0,"enemies":"Gremlin Leader","floor":24.0,"turns":5.0},{"damage":6.0,"enemies":"Shelled Parasite and Fungi","floor":25.0,"turns":2.0},{"damage":25.0,"enemies":"Slavers","floor":28.0,"turns":5.0},{"damage":7.0,"enemies":"Snake Plant","floor":29.0,"turns":2.0},{"damage":0.0,"enemies":"Cultist and Chosen","floor":30.0,"turns":3.0},{"damage":1.0,"enemies":"Centurion and Healer","floor":31.0,"turns":3.0},{"damage":0,"enemies":"Champ","floor":33,"turns":1}],"seed_played":"6838610760785432018","potions_obtained":[{"floor":1.0,"key":"ColorlessPotion"},{"floor":6.0,"key":"FairyPotion"},{"floor":12.0,"key":"Ancient Potion"},{"floor":13.0,"key":"FearPotion"},{"floor":14.0,"key":"SkillPotion"},{"floor":24.0,"key":"Regen Potion"},{"floor":28.0,"key":"Fire Potion"},{"floor":29.0,"key":"SkillPotion"}],"is_trial":false,"path_per_floor":["M","?","M","?","?","E","$","M","T","E","M","M","?","M","R","B",null,"M","?","$","M","M","R","E","M","T","$","E","M","M","M","R","B"],"character_chosen":"WATCHER","items_purchased":["Orichalcum","HandDrill","Bag of Marbles","Oddly Smooth Stone"],"campfire_rested":3,"item_purchase_floors":[7,20,20,27],"current_hp_per_floor":[66,66,66,55,55,21,21,21,21,11,11,3,2,15,67,67,67,45,45,45,39,19,62,44,38,38,38,27,20,20,19,57,57,57],"gold":174,"neow_bonus":"","is_daily":true,"chose_seed":false,"campfire_upgraded":0,"win_rate":0.0,"timestamp":1609415056,"path_taken":["M","?","M","?","?","E","$","M","T","E","?","M","?","M","R","BOSS","M","?","$","M","?","R","E","M","T","?","E","M","M","M","R","BOSS"],"items_purchased_type":["Relic","Relic","Relic","Relic"],"build_version":"2020-12-22","purchased_purges":1,"victory":false,"max_hp_per_floor":[72,72,72,72,72,72,72,72,72,72,72,72,72,72,67,67,67,67,67,67,67,67,62,62,62,62,62,62,62,62,62,57,57,57],"relic_stats":{"SsserpentHead":250,"Dream Catcher":3,"Happy Flower":[15],"counters":[20,63],"HandDrill":[16],"Orichalcum":[96],"obtain_stats":[{"Happy Flower":10,"Damaru":26,"Oddly Smooth Stone":27,"Omamori":28,"TeardropLocket":24,"Orichalcum":7,"Odd Mushroom":13,"SsserpentHead":5,"SlaversCollar":17,"Dream Catcher":9,"HandDrill":20,"Bag of Marbles":20,"PureWater":0,"Pocketwatch":6},{"Happy Flower":5,"Damaru":15,"Oddly Smooth Stone":15,"Omamori":16,"TeardropLocket":14,"Orichalcum":3,"Odd Mushroom":8,"SsserpentHead":2,"SlaversCollar":10,"Dream Catcher":4,"HandDrill":11,"Bag of Marbles":11,"PureWater":0,"Pocketwatch":3},{"Happy Flower":16,"Damaru":49,"Oddly Smooth Stone":49,"Omamori":54,"TeardropLocket":47,"Orichalcum":11,"Odd Mushroom":25,"SsserpentHead":4,"SlaversCollar":30,"Dream Catcher":13,"HandDrill":35,"Bag of Marbles":35,"PureWater":0,"Pocketwatch":11}],"Pocketwatch":[24]},"card_choices":[{"not_picked":["Anger","SashWhip"],"picked":"FollowUp","floor":1.0},{"not_picked":["WaveOfTheHand","Havoc"],"picked":"CutThroughFate","floor":3.0},{"not_picked":["Rupture","Anger","Headbutt"],"picked":"SKIP","floor":6.0},{"not_picked":["Body Slam","FlyingSleeves","Rupture"],"picked":"SKIP","floor":8.0},{"not_picked":["Cleave","Sentinel"],"picked":"Consecrate","floor":10.0},{"not_picked":["ClearTheMind","Flex"],"picked":"EmptyBody","floor":11.0},{"not_picked":["Barricade","Rupture","Halt"],"picked":"SKIP","floor":12.0},{"not_picked":["FollowUp","EmptyMind"],"picked":"Warcry","floor":14.0},{"not_picked":["Impervious","Limit Break"],"picked":"Fiend Fire","floor":16.0},{"not_picked":["WindmillStrike","PathToVictory"],"picked":"EmptyFist+1","floor":18.0},{"not_picked":["EmptyFist+1","SignatureMove","Iron Wave+1"],"picked":"SKIP","floor":21.0},{"not_picked":["Heavy Blade","Iron Wave","Ghostly Armor"],"picked":"SKIP","floor":22.0},{"not_picked":["Sword Boomerang","Body Slam","Protect"],"picked":"SKIP","floor":24.0},{"not_picked":["Evaluate","Perfected Strike+1","Fasting2+1"],"picked":"SKIP","floor":25.0},{"not_picked":["Fire Breathing","Armaments"],"picked":"ClearTheMind+1","floor":28.0},{"not_picked":["Juggernaut","Crescendo"],"picked":"Conclude","floor":29.0},{"not_picked":["CrushJoints","BattleHymn","Perfected Strike"],"picked":"SKIP","floor":30.0},{"not_picked":["EmptyBody","Weave","Iron Wave"],"picked":"SKIP","floor":31.0}],"player_experience":916032,"relics_obtained":[{"floor":6.0,"key":"Pocketwatch"},{"floor":9.0,"key":"Dream Catcher"},{"floor":10.0,"key":"Happy Flower"},{"floor":13.0,"key":"Odd Mushroom"},{"floor":24.0,"key":"TeardropLocket"},{"floor":26.0,"key":"Damaru"},{"floor":28.0,"key":"Omamori"}],"event_choices":[{"damage_healed":0.0,"max_hp_gain":0.0,"max_hp_loss":0.0,"gold_gain":0.0,"event_name":"Golden Wing","player_choice":"Ignored","floor":2.0,"gold_loss":0.0,"damage_taken":0.0},{"damage_healed":0.0,"max_hp_gain":0.0,"max_hp_loss":0.0,"gold_gain":75.0,"event_name":"World of Goop","player_choice":"Gather Gold","floor":4.0,"gold_loss":0.0,"damage_taken":11.0},{"damage_healed":0.0,"max_hp_gain":0.0,"max_hp_loss":0.0,"gold_gain":0.0,"event_name":"FaceTrader","player_choice":"Trade","floor":5.0,"gold_loss":0.0,"damage_taken":0.0,"relics_obtained":["SsserpentHead"]},{"damage_healed":0.0,"max_hp_gain":0.0,"max_hp_loss":0.0,"gold_gain":0.0,"event_name":"Mushrooms","player_choice":"Fought Mushrooms","floor":13.0,"gold_loss":0.0,"damage_taken":0.0},{"damage_healed":0.0,"max_hp_gain":0.0,"max_hp_loss":0.0,"gold_gain":0.0,"event_name":"Designer","player_choice":"Upgraded Two","floor":19.0,"gold_loss":40.0,"damage_taken":0.0,"cards_upgraded":["Strike_P","Defend_P"]}],"is_beta":false,"boss_relics":[{"not_picked":["Empty Cage","Astrolabe"],"picked":"SlaversCollar"}],"items_purged_floors":[20],"is_endless":false,"potions_floor_spawned":[1,6,12,13,14,24,28,29],"killed_by":"Champ","ascension_level":0}}