{"host":"4bz9pf8w2d1kz9f5","time":1609453603,"event":{"mods":["BaseMod","Downfall","Hermit","Minty Spire (QoL Compilation)","StSLib","The Animator","The Bug Knight","The Construct","The Death Knight","The Druid","The Necromancer","The Wild Card"],"gold_per_floor":[112,128,128,138,62,62,95,115,115,115,129,200,211,224,224,326,326,341,341,50,50,62,62,72,72,72],"floor_reached":25,"playtime":3017,"items_purged":[],"score":205,"play_id":"fa6367b6-8bb8-47bd-8665-7b16dd02d375","local_time":"20201231172643","is_ascension_mode":false,"campfire_choices":[{"data":"construct:Strike_Gold","floor":6,"key":"SMITH"},{"floor":15,"key":"REST"},{"floor":23,"key":"REST"}],"circlet_count":0,"master_deck":["construct:Strike_Gold","construct:Strike_Gold","construct:Strike_Gold","construct:Strike_Gold","construct:Strike_Gold+1","construct:Defend_Gold","construct:Defend_Gold","construct:AttackMode+1","construct:LongRangeLance","construct:Forcefield","construct:Accumulate","construct:VentSteam","construct:Hazardproof","construct:LaserCore","construct:Dampening","construct:Electrocute","construct:ShiftStrike","construct:SyphonStrike","construct:HyperBeam","construct:HeavyBolt+1","construct:ScrapCannon+1","construct:Accumulate+1","construct:ShiftStrike","construct:SaveState+1","construct:Impenetrable"],"relics":["construct:Cogwheel","Dream Catcher","Bird Faced Urn","Astrolabe","Nilry\u0027s Codex","Blood Vial","Bag of Marbles"],"acts_visited":["Exordium","TheCity"],"potions_floor_usage":[8,13,14,16,16,24],"damage_taken":[{"damage":3,"enemies":"Small Slimes","floor":1,"turns":3},{"damage":0,"enemies":"2 Louse","floor":2,"turns":2},{"damage":2,"enemies":"Jaw Worm","floor":4,"turns":4},{"damage":31,"enemies":"3 Sentries","floor":7,"turns":8},{"damage":10,"enemies":"Looter","floor":8,"turns":2},{"damage":0,"enemies":"Blue Slaver","floor":11,"turns":2},{"damage":7,"enemies":"Exordium Thugs","floor":13,"turns":3},{"damage":12,"enemies":"Lots of Slimes","floor":14,"turns":5},{"damage":33,"enemies":"Hexaghost","floor":16,"turns":10},{"damage":20,"enemies":"Chosen","floor":18,"turns":4},{"damage":21,"enemies":"Shell Parasite","floor":22,"turns":5},{"damage":30,"enemies":"Centurion and Healer","floor":24,"turns":4},{"damage":33,"enemies":"Shelled Parasite and Fungi","floor":25,"turns":4}],"seed_played":"8677696577341784610","potions_obtained":[{"floor":2,"key":"hexamod:EctoCoolerPotion"},{"floor":4,"key":"sneckomod:MuddlingPotion"},{"floor":7,"key":"AttackPotion"},{"floor":11,"key":"Strength Potion"},{"floor":13,"key":"Regen Potion"},{"floor":22,"key":"ColorlessPotion"}],"is_trial":false,"path_per_floor":["M","M","?","M","$","R","E","M","T","?","M","?","M","M","R","B",null,"M","?","$","?","M","R","M","M"],"character_chosen":"THE_CONSTRUCT_MOD","items_purchased":["construct:Hazardproof","Blood Vial","Bag of Marbles"],"campfire_rested":2,"item_purchase_floors":[5,20,20],"current_hp_per_floor":[82,82,82,80,80,80,49,39,39,32,32,32,27,31,56,23,85,67,51,51,51,32,57,31,0,0],"gold":72,"neow_bonus":"ONE_RANDOM_RARE_CARD","is_daily":false,"chose_seed":false,"campfire_upgraded":1,"win_rate":0.0,"timestamp":1609453603,"path_taken":["M","M","?","M","$","R","E","M","T","?","M","?","M","M","R","BOSS","M","?","$","?","?","R","M","M"],"items_purchased_type":["Card","Relic","Relic"],"build_version":"2020-12-22","purchased_purges":0,"victory":false,"max_hp_per_floor":[85,85,85,85,85,85,85,85,85,85,85,85,85,85,85,85,85,85,85,85,85,85,85,85,85,85],"card_choices":[{"not_picked":["construct:Reinforce","construct:PointDefense"],"picked":"construct:Forcefield","floor":1},{"not_picked":["construct:Forcefield","construct:SyphonStrike"],"picked":"construct:Accumulate","floor":2},{"not_picked":["construct:ScrapCannon","construct:Missile"],"picked":"construct:VentSteam","floor":4},{"not_picked":["construct:Failsafe","construct:Multistage"],"picked":"construct:LaserCore","floor":7},{"not_picked":["construct:VentSteam","construct:ClusterMines"],"picked":"construct:Dampening","floor":8},{"not_picked":["construct:OmegaCannon","construct:HardReboot","construct:ModeShift"],"picked":"SKIP","floor":11},{"not_picked":["construct:ClusterMines","construct:PointDefense"],"picked":"construct:Electrocute","floor":13},{"not_picked":["construct:Reinforce","construct:ClusterMines"],"picked":"construct:ShiftStrike","floor":14},{"not_picked":["construct:VentSteam","construct:Autoturret"],"picked":"construct:SyphonStrike","floor":15},{"not_picked":["construct:ShieldBurst","construct:SiegeForm"],"picked":"construct:HyperBeam","floor":16},{"not_picked":["construct:Versatility","construct:SuppressiveFire"],"picked":"construct:ShiftStrike","floor":18},{"not_picked":["construct:Autoturret","construct:MetalShell"],"picked":"construct:SaveState+1","floor":22},{"not_picked":["construct:ShiftGuard","construct:SaveState+1"],"picked":"construct:Impenetrable","floor":23},{"not_picked":["construct:FlakBarrage","construct:UnbalancingBlast","construct:VentSteam"],"picked":"SKIP","floor":24}],"player_experience":18526,"relics_obtained":[{"floor":7,"key":"Dream Catcher"},{"floor":19,"key":"Nilry\u0027s Codex"}],"event_choices":[{"damage_healed":0,"gold_gain":0,"player_choice":"Grow","damage_taken":0,"max_hp_gain":0,"max_hp_loss":0,"event_name":"Living Wall","floor":3,"gold_loss":0,"cards_upgraded":["construct:AttackMode"]},{"damage_healed":0,"gold_gain":0,"player_choice":"Success","damage_taken":7,"relics_obtained":["Bird Faced Urn"],"max_hp_gain":0,"max_hp_loss":0,"event_name":"Scrap Ooze","floor":10,"gold_loss":0},{"damage_healed":0,"gold_gain":71,"player_choice":"Gained Gold","damage_taken":0,"max_hp_gain":0,"max_hp_loss":0,"event_name":"Golden Wing","floor":12,"gold_loss":0},{"damage_healed":0,"gold_gain":0,"player_choice":"Obtained Book","damage_taken":16,"max_hp_gain":0,"max_hp_loss":0,"event_name":"Cursed Tome","floor":19,"gold_loss":0},{"cards_removed":["construct:Defend_Gold"],"damage_healed":0,"gold_gain":0,"player_choice":"Offered Basic","damage_taken":0,"max_hp_gain":0,"max_hp_loss":0,"event_name":"Bonfire Elementals","floor":21,"gold_loss":0}],"is_beta":false,"boss_relics":[{"not_picked":["Busted Crown","Tiny House"],"picked":"Astrolabe"}],"items_purged_floors":[],"is_endless":false,"potions_floor_spawned":[2,4,7,11,13,22],"killed_by":"Shelled Parasite and Fungi","ascension_level":0}}