{"host":"k7ydf81uzdnp7fmx","time":1609396293,"event":{"mods":["AchievementEnabler","Act Like it!","BaseMod","Clockwork Mod","Colored Powertips","Grow up Mod","Minty Spire (QoL Compilation)","Relic Stats","Remove Card Discount Mod","Shade Mod","Shop Mod","StSLib","The Animator","The Cursed","The Hierophant","The Necromancer","The Servant 0.9.4"],"gold_per_floor":[367,442,455,455,405,435,67,97,97,131,141,153,1,13,13,115,115,129,146,146,1,21,54,65,115,115,115,140,240,240,256,256,351,351,371,30,48,58,108,108,151,151,176,186,198,223,236,236,236,236,236,236,83,118,118],"floor_reached":56,"playtime":2677,"items_purged":["Strike_G","Strike_G","Strike_G","Strike_G"],"score":2006,"play_id":"c309df9b-3912-41ae-ae2f-5265e0f6b985","local_time":"20201231033133","is_ascension_mode":true,"campfire_choices":[{"data":"Caltrops","floor":30,"key":"SMITH"},{"data":"1","floor":32,"key":"LIFT"},{"floor":40,"key":"RECALL"},{"data":"2","floor":42,"key":"LIFT"},{"data":"3","floor":49,"key":"LIFT"},{"data":"Neutralize","floor":52,"key":"SMITH"}],"circlet_count":2,"master_deck":["Defend_G","Defend_G+1","Defend_G","Defend_G+1","Defend_G","Survivor","Neutralize+1","Infinite Blades","Caltrops+1","Noxious Fumes+1","Accuracy+1","After Image+1","DevaForm+1","Magnetism+1","Accuracy+1","Envenom+1","Caltrops+1","Noxious Fumes+1","Noxious Fumes+1"],"relics":["Ring of the Snake","Circlet","Mummified Hand","Mummified Hand","Strange Spoon","Potion Belt","Tiny Chest","Frozen Egg 2","Dream Catcher","Bottled Tornado","WristBlade","Bottled Tornado","Bottled Tornado","Orichalcum","Bottled Tornado","Bottled Tornado","Question Card","Art of War","Lantern","InkBottle","Bronze Scales","Girya","Pear","SacredBark","Mummified Hand","StoneCalendar","CeramicFish","HornCleat","Medical Kit","War Paint"],"acts_visited":["Exordium","TheCity","TheBeyond","TheEnding"],"potions_floor_usage":[55,55,55],"damage_taken":[{"damage":0.0,"enemies":"Jaw Worm","floor":1.0,"turns":6.0},{"damage":0.0,"enemies":"2 Louse","floor":3.0,"turns":2.0},{"damage":0.0,"enemies":"Lagavulin","floor":6.0,"turns":5.0},{"damage":0.0,"enemies":"3 Sentries","floor":8.0,"turns":4.0},{"damage":0.0,"enemies":"Lagavulin","floor":10.0,"turns":4.0},{"damage":0.0,"enemies":"Cultist","floor":11.0,"turns":3.0},{"damage":0.0,"enemies":"Gremlin Gang","floor":12.0,"turns":2.0},{"damage":0.0,"enemies":"3 Louse","floor":14.0,"turns":4.0},{"damage":0,"enemies":"The Guardian","floor":16,"turns":5},{"damage":0,"enemies":"2 Thieves","floor":18,"turns":3},{"damage":0,"enemies":"Spheric Guardian","floor":19,"turns":4},{"damage":0,"enemies":"Chosen and Byrds","floor":22,"turns":2},{"damage":0,"enemies":"Gremlin Leader","floor":23,"turns":4},{"damage":0,"enemies":"Cultist and Chosen","floor":24,"turns":3},{"damage":0,"enemies":"Book of Stabbing","floor":25,"turns":2},{"damage":0,"enemies":"Slavers","floor":28,"turns":4},{"damage":0,"enemies":"Colosseum Slavers","floor":29,"turns":2},{"damage":0,"enemies":"Colosseum Nobs","floor":29,"turns":3},{"damage":0,"enemies":"Sentry and Sphere","floor":31,"turns":4},{"damage":0,"enemies":"Champ","floor":33,"turns":3},{"damage":0,"enemies":"3 Darklings","floor":35,"turns":2},{"damage":0,"enemies":"Orb Walker","floor":37,"turns":2},{"damage":0,"enemies":"Maw","floor":38,"turns":4},{"damage":0,"enemies":"Mind Bloom Boss Battle","floor":39,"turns":2},{"damage":0,"enemies":"Giant Head","floor":41,"turns":1},{"damage":0,"enemies":"4 Shapes","floor":44,"turns":1},{"damage":0,"enemies":"3 Darklings","floor":45,"turns":1},{"damage":0,"enemies":"Reptomancer","floor":46,"turns":1},{"damage":0,"enemies":"Maw","floor":47,"turns":1},{"damage":0,"enemies":"Time Eater","floor":50,"turns":1},{"damage":0,"enemies":"Shield and Spear","floor":54,"turns":1},{"damage":1,"enemies":"The Heart","floor":55,"turns":5}],"seed_played":"-7842484714317370712","potions_obtained":[{"floor":6.0,"key":"SteroidPotion"},{"floor":11.0,"key":"Weak Potion"},{"floor":14.0,"key":"Poison Potion"},{"floor":16,"key":"EssenceOfSteel"},{"floor":18,"key":"SteroidPotion"}],"is_trial":false,"path_per_floor":["M","?","M","?","?","E","$","E","T","E","M","M","$","M","R","B",null,"M","M","M","$","M","E","M","E","T","T","E","?","R","M","R","B",null,"M","$","M","M","?","R","E","R","T","M","M","E","M","?","R","B",null,"R","$","E","B",null],"character_chosen":"THE_SILENT","items_purchased":["Caltrops","Strange Spoon","Potion Belt","PrismaticShard","Orichalcum","Caltrops+1","Mummified Hand","Medical Kit"],"campfire_rested":0,"item_purchase_floors":[7,7,7,13,21,36,36,53],"current_hp_per_floor":[69,68,78,88,98,108,118,128,138,148,158,168,178,188,198,208,250,260,270,280,290,300,310,320,330,340,350,360,380,390,400,410,420,430,440,450,460,470,480,490,500,510,520,530,540,550,560,570,580,590,600,610,620,630,649],"gold":118,"neow_bonus":"TWO_FIFTY_GOLD","is_daily":false,"chose_seed":false,"campfire_upgraded":2,"win_rate":0.0,"timestamp":1609396293,"path_taken":["M","?","M","?","?","E","$","E","T","E","?","M","?","M","R","BOSS","M","M","M","$","?","E","M","E","T","?","E","?","R","M","R","BOSS","M","$","M","M","?","R","E","R","T","M","M","E","M","?","R","BOSS","R","$","E","BOSS"],"items_purchased_type":["Card","Relic","Relic","Relic","Relic","Card","Relic","Relic"],"build_version":"2020-12-22","purchased_purges":4,"victory":true,"max_hp_per_floor":[90,100,110,120,130,140,150,160,170,180,190,200,210,220,230,240,250,260,270,280,290,300,310,320,330,340,350,360,380,390,400,410,420,430,440,450,460,470,480,490,500,510,520,530,540,550,560,570,580,590,600,610,620,630,650],"relic_stats":{"counters":[33,87],"CeramicFish":9,"StoneCalendar":[0],"Orichalcum":[12],"War Paint":["Defend_G","Defend_G"],"Question Card":16,"Medical Kit":[6],"Strange Spoon":[33],"Dream Catcher":0,"Mummified Hand":[483],"Bronze Scales":[68],"Tiny Chest":1,"Art of War":[10],"obtain_stats":[{"Lantern":26,"SacredBark":34,"CeramicFish":41,"StoneCalendar":39,"Bottled Tornado":6,"PrismaticShard":13,"Dream Catcher":10,"HornCleat":46,"WristBlade":17,"Mummified Hand":1,"Tiny Chest":8,"InkBottle":27,"Ring of the Snake":0,"Potion Belt":7,"Girya":29,"Pear":29,"Circlet":1,"Frozen Egg 2":9,"Orichalcum":21,"War Paint":54,"Question Card":23,"Medical Kit":53,"Strange Spoon":7,"Bronze Scales":28,"Art of War":25},{"Lantern":16,"SacredBark":21,"CeramicFish":26,"StoneCalendar":25,"Bottled Tornado":3,"PrismaticShard":7,"Dream Catcher":5,"HornCleat":29,"WristBlade":9,"Mummified Hand":1,"Tiny Chest":4,"InkBottle":16,"Ring of the Snake":0,"Potion Belt":3,"Girya":19,"Pear":19,"Circlet":1,"Frozen Egg 2":4,"Orichalcum":12,"War Paint":32,"Question Card":14,"Medical Kit":31,"Strange Spoon":3,"Bronze Scales":17,"Art of War":16},{"Lantern":54,"SacredBark":70,"CeramicFish":81,"StoneCalendar":80,"Bottled Tornado":13,"PrismaticShard":26,"Dream Catcher":21,"HornCleat":81,"WristBlade":35,"Mummified Hand":1,"Tiny Chest":17,"InkBottle":54,"Ring of the Snake":0,"Potion Belt":13,"Girya":63,"Pear":63,"Circlet":1,"Frozen Egg 2":17,"Orichalcum":43,"War Paint":82,"Question Card":49,"Medical Kit":81,"Strange Spoon":13,"Bronze Scales":58,"Art of War":54}],"InkBottle":[42],"Ring of the Snake":[54]},"card_choices":[{"not_picked":["Poisoned Stab","Setup","Slice"],"picked":"SKIP","floor":1.0},{"not_picked":["Concentrate","Crippling Poison"],"picked":"Infinite Blades","floor":3.0},{"not_picked":["Terror","Eviscerate","Dagger Throw"],"picked":"SKIP","floor":6.0},{"not_picked":["Deadly Poison","Glass Knife","Setup"],"picked":"SKIP","floor":8.0},{"not_picked":["Infinite Blades+1","Cloak And Dagger"],"picked":"Noxious Fumes+1","floor":10.0},{"not_picked":["Masterful Stab","Prepared"],"picked":"Accuracy+1","floor":11.0},{"not_picked":["Backflip","Acrobatics","Quick Slash"],"picked":"SKIP","floor":12.0},{"not_picked":["animator:Hakurou","CrushJoints","hierophant:Encroach"],"picked":"SKIP","floor":14.0},{"not_picked":["Storm of Steel","Corpse Explosion"],"picked":"After Image+1","floor":16},{"not_picked":["Dash","Underhanded Strike","Poisoned Stab"],"picked":"SKIP","floor":18},{"not_picked":["Quick Slash","Distraction","Skewer+1"],"picked":"SKIP","floor":19},{"not_picked":["Quick Slash","Distraction","Skewer+1"],"picked":"SKIP","floor":19},{"not_picked":["Calculated Gamble+1","All Out Attack","Flying Knee"],"picked":"SKIP","floor":22},{"not_picked":["Calculated Gamble+1","All Out Attack","Flying Knee"],"picked":"SKIP","floor":22},{"not_picked":["Flying Knee","Outmaneuver+1","Deflect"],"picked":"SKIP","floor":23},{"not_picked":["Riddle With Holes","Dagger Spray","Dagger Throw","Crippling Poison"],"picked":"SKIP","floor":24},{"not_picked":["Prepared+1","Infinite Blades+1","Blade Dance","Poisoned Stab"],"picked":"SKIP","floor":25},{"not_picked":["All Out Attack","Terror","Backstab","Infinite Blades+1"],"picked":"SKIP","floor":28},{"not_picked":["Catalyst","Heel Hook","Leg Sweep"],"picked":"Accuracy+1","floor":29},{"not_picked":["Blur","Masterful Stab+1","Blade Dance","Flying Knee"],"picked":"SKIP","floor":31},{"not_picked":["Glass Knife","Night Terror","Venomology"],"picked":"Envenom+1","floor":33},{"not_picked":["Acrobatics","Cloak And Dagger","Slice+1","Underhanded Strike"],"picked":"SKIP","floor":35},{"not_picked":["Acrobatics","Concentrate+1","Bane+1","Dodge and Roll+1"],"picked":"SKIP","floor":37},{"not_picked":["Bane+1","Dodge and Roll","Predator"],"picked":"Noxious Fumes+1","floor":38},{"not_picked":["Escape Plan+1","Doppelganger","Sucker Punch"],"picked":"Noxious Fumes+1","floor":41},{"not_picked":["Quick Slash","Dagger Spray+1","Concentrate","Backflip+1"],"picked":"SKIP","floor":44},{"not_picked":["Dodge and Roll","Slice+1","Bane+1","PiercingWail"],"picked":"SKIP","floor":45},{"not_picked":["Underhanded Strike+1","Dagger Spray","Well Laid Plans+1","Die Die Die"],"picked":"SKIP","floor":46},{"not_picked":["All Out Attack","Poisoned Stab+1","Slice","Underhanded Strike+1"],"picked":"SKIP","floor":47},{"not_picked":["All Out Attack","Poisoned Stab+1","Slice","Underhanded Strike+1"],"picked":"SKIP","floor":47},{"not_picked":["Quick Slash","Finisher","Dodge and Roll","PiercingWail"],"picked":"SKIP","floor":54}],"player_experience":178899,"relics_obtained":[{"floor":6.0,"key":"Bottled Tornado"},{"floor":8.0,"key":"Tiny Chest"},{"floor":9.0,"key":"Frozen Egg 2"},{"floor":10.0,"key":"Dream Catcher"},{"floor":23,"key":"Question Card"},{"floor":25,"key":"Art of War"},{"floor":26,"key":"Lantern"},{"floor":27,"key":"InkBottle"},{"floor":28,"key":"Bronze Scales"},{"floor":29,"key":"Girya"},{"floor":29,"key":"Pear"},{"floor":39,"key":"StoneCalendar"},{"floor":41,"key":"CeramicFish"},{"floor":46,"key":"HornCleat"},{"floor":54,"key":"War Paint"}],"event_choices":[{"damage_healed":0.0,"max_hp_gain":0.0,"max_hp_loss":0.0,"gold_gain":75.0,"event_name":"World of Goop","player_choice":"Gather Gold","floor":2.0,"gold_loss":0.0,"damage_taken":11.0},{"damage_healed":0.0,"max_hp_gain":0.0,"max_hp_loss":0.0,"gold_gain":0.0,"event_name":"Liars Game","player_choice":"Ignored","floor":4.0,"gold_loss":0.0,"damage_taken":0.0},{"cards_removed":["Strike_G"],"damage_healed":0.0,"max_hp_gain":0.0,"max_hp_loss":0.0,"gold_gain":0.0,"event_name":"The Cleric","player_choice":"Card Removal","floor":5.0,"gold_loss":50.0,"damage_taken":0.0},{"damage_healed":0,"gold_gain":0,"player_choice":"Fight","damage_taken":0,"max_hp_gain":0,"max_hp_loss":0,"event_name":"Colosseum","floor":29,"gold_loss":0},{"damage_healed":0,"gold_gain":0,"player_choice":"Fought Nobs","damage_taken":0,"max_hp_gain":0,"max_hp_loss":0,"event_name":"Colosseum","floor":29,"gold_loss":0},{"damage_healed":0,"gold_gain":0,"player_choice":"Fight","damage_taken":0,"max_hp_gain":0,"max_hp_loss":0,"event_name":"MindBloom","floor":39,"gold_loss":0},{"damage_healed":0,"gold_gain":0,"player_choice":"Ignored","damage_taken":0,"max_hp_gain":0,"max_hp_loss":0,"event_name":"Tomb of Lord Red Mask","floor":48,"gold_loss":0}],"is_beta":false,"boss_relics":[{"not_picked":["SlaversCollar","Sozu"],"picked":"WristBlade"},{"not_picked":["Runic Pyramid","Cursed Key"],"picked":"SacredBark"}],"items_purged_floors":[13,13,13,21],"is_endless":false,"potions_floor_spawned":[6,11,14,16,18,19,24,31,33,35,37,39,46],"ascension_level":2}}