{"host":"Rich","time":1609383012,"event":{"mods":["AchievementEnabler","BaseMod","Highlight Path","Minty Spire (QoL Compilation)","Relic Stats"],"gold_per_floor":[117,135,210,210,78,78,78,78,78,104,69,104,4,24,24,98,98,114,114,39,51,101,133,133,164,190,190,200,21,21,21,21,99,99,111,111,123,143,162,162,182,182,182,194,194,194],"floor_reached":45,"playtime":1388,"items_purged":["Regret","Strike_P","Strike_P"],"score":1068,"play_id":"e047d16d-ac65-45aa-a8da-a56949b2ebb1","local_time":"20201230215012","is_ascension_mode":true,"campfire_choices":[{"data":"Tantrum","floor":6.0,"key":"SMITH"},{"data":"Sanctity","floor":8.0,"key":"SMITH"},{"data":"ForeignInfluence","floor":15.0,"key":"SMITH"},{"data":"Ragnarok","floor":24.0,"key":"SMITH"},{"data":"Adaptation","floor":27.0,"key":"SMITH"},{"floor":30.0,"key":"REST"},{"floor":32.0,"key":"REST"},{"floor":40.0,"key":"REST"},{"floor":42.0,"key":"REST"}],"circlet_count":0,"master_deck":["AscendersBane","Strike_P+1","Strike_P+1","Defend_P+1","Defend_P+1","Defend_P+1","Defend_P+1","Eruption+1","Vigilance+1","Tantrum+1","Sanctity+1","ForeignInfluence+1","LessonLearned","ClearTheMind+1","DeusExMachina+1","Wallop+1","ForeignInfluence+1","Ragnarok+1","FlurryOfBlows+1","Adaptation+1","FlurryOfBlows+1","DevaForm+1","Good Instincts+1","EmptyBody+1","EmptyFist+1","Parasite","FlurryOfBlows+1"],"relics":["PureWater","NeowsBlessing","Boot","Regal Pillow","Whetstone","Lantern","Akabeko","Runic Pyramid","MealTicket","Orichalcum","Bronze Scales","Enchiridion","Sozu"],"acts_visited":["Exordium","TheCity","TheBeyond"],"potions_floor_usage":[],"damage_taken":[{"damage":0.0,"enemies":"2 Louse","floor":1.0,"turns":1.0},{"damage":0.0,"enemies":"Jaw Worm","floor":2.0,"turns":1.0},{"damage":0.0,"enemies":"Lagavulin","floor":10.0,"turns":1.0},{"damage":0.0,"enemies":"Gremlin Nob","floor":12.0,"turns":2.0},{"damage":5.0,"enemies":"Small Slimes","floor":14.0,"turns":3.0},{"damage":11.0,"enemies":"The Guardian","floor":16.0,"turns":11.0},{"damage":9.0,"enemies":"Shell Parasite","floor":18.0,"turns":3.0},{"damage":11.0,"enemies":"2 Thieves","floor":21.0,"turns":3.0},{"damage":0.0,"enemies":"Slavers","floor":23.0,"turns":2.0},{"damage":14.0,"enemies":"Book of Stabbing","floor":25.0,"turns":3.0},{"damage":14.0,"enemies":"Shelled Parasite and Fungi","floor":28.0,"turns":2.0},{"damage":29.0,"enemies":"Automaton","floor":33.0,"turns":8.0},{"damage":4.0,"enemies":"Orb Walker","floor":35.0,"turns":2.0},{"damage":12.0,"enemies":"3 Shapes","floor":37.0,"turns":2.0},{"damage":42.0,"enemies":"Sphere and 2 Shapes","floor":38.0,"turns":4.0},{"damage":0.0,"enemies":"Spire Growth","floor":39.0,"turns":2.0},{"damage":8.0,"enemies":"3 Darklings","floor":41.0,"turns":4.0},{"damage":12.0,"enemies":"Writhing Mass","floor":44.0,"turns":5.0},{"damage":84,"enemies":"Reptomancer","floor":45,"turns":2}],"seed_played":"-6490609230746944228","potions_obtained":[{"floor":10.0,"key":"GamblersBrew"},{"floor":12.0,"key":"ColorlessPotion"},{"floor":16.0,"key":"LiquidBronze"},{"floor":21.0,"key":"StancePotion"},{"floor":25.0,"key":"Fruit Juice"},{"floor":28.0,"key":"SpeedPotion"}],"is_trial":false,"path_per_floor":["M","M","?","?","$","R","?","R","T","E","?","E","$","M","R","B",null,"M","?","$","M","?","E","R","E","T","R","M","$","R","?","R","B",null,"M","?","M","M","M","R","M","R","T","M","E"],"character_chosen":"WATCHER","items_purchased":["PowerPotion","Ragnarok","Block Potion"],"campfire_rested":4,"item_purchase_floors":[5,20,29],"current_hp_per_floor":[61,61,50,50,50,50,39,39,39,39,56,56,56,51,51,40,61,52,52,52,41,41,41,41,27,27,27,13,33,69,48,73,44,66,62,62,50,8,8,44,36,72,72,60,0,0],"gold":194,"neow_bonus":"THREE_ENEMY_KILL","is_daily":false,"chose_seed":false,"campfire_upgraded":5,"win_rate":0.0,"timestamp":1609383012,"path_taken":["M","M","?","?","$","R","?","R","T","E","?","E","?","M","R","BOSS","M","?","?","M","?","E","R","E","T","R","?","$","R","?","R","BOSS","M","?","M","M","M","R","M","R","T","M","E"],"items_purchased_type":["Potion","Card","Potion"],"build_version":"2020-12-18","purchased_purges":3,"victory":false,"max_hp_per_floor":[68,68,68,68,68,68,68,68,68,68,68,68,68,68,68,68,68,68,68,68,68,68,68,68,68,68,68,68,73,73,73,73,73,73,73,73,73,73,73,73,73,73,73,73,73,73],"relic_stats":{"Sozu":3,"Regal Pillow":49,"counters":[19,61],"Bronze Scales":[72],"MealTicket":15,"Whetstone":["Eruption","Strike_P"],"Orichalcum":[6],"Boot":[107],"obtain_stats":[{"Regal Pillow":7,"Lantern":10,"NeowsBlessing":0,"Enchiridion":31,"Whetstone":9,"Orichalcum":25,"Boot":4,"Akabeko":12,"Sozu":34,"Bronze Scales":26,"MealTicket":23,"PureWater":0,"Runic Pyramid":17},{"Regal Pillow":2,"Lantern":3,"NeowsBlessing":0,"Enchiridion":11,"Whetstone":2,"Orichalcum":10,"Boot":2,"Akabeko":4,"Sozu":12,"Bronze Scales":10,"MealTicket":9,"PureWater":0,"Runic Pyramid":6},{"Regal Pillow":2,"Lantern":3,"NeowsBlessing":0,"Enchiridion":32,"Whetstone":2,"Orichalcum":30,"Boot":2,"Akabeko":5,"Sozu":40,"Bronze Scales":30,"MealTicket":27,"PureWater":0,"Runic Pyramid":19}]},"card_choices":[{"not_picked":["Protect","ReachHeaven"],"picked":"Tantrum","floor":1.0},{"not_picked":["SignatureMove","ClearTheMind"],"picked":"Sanctity","floor":2.0},{"not_picked":["EmptyFist","JustLucky"],"picked":"ForeignInfluence","floor":10.0},{"not_picked":["Consecrate","WindmillStrike"],"picked":"LessonLearned","floor":12.0},{"not_picked":["SignatureMove","Evaluate"],"picked":"ClearTheMind","floor":14.0},{"not_picked":["LessonLearned","MasterReality"],"picked":"DeusExMachina","floor":16.0},{"not_picked":["FlyingSleeves","SashWhip"],"picked":"Wallop","floor":18.0},{"not_picked":["BattleHymn","Indignation","Collect"],"picked":"SKIP","floor":21.0},{"not_picked":["Sanctity","WindmillStrike"],"picked":"FlurryOfBlows","floor":23.0},{"not_picked":["LikeWater","MentalFortress"],"picked":"Adaptation","floor":25.0},{"not_picked":["FollowUp","SignatureMove+1"],"picked":"FlurryOfBlows","floor":28.0},{"not_picked":["Brilliance","Omniscience"],"picked":"DevaForm","floor":33.0},{"not_picked":["PathToVictory","Sanctity+1","Consecrate"],"picked":"SKIP","floor":35.0},{"not_picked":["Panache","Deep Breath"],"picked":"Good Instincts","floor":36.0},{"not_picked":["EmptyFist","ClearTheMind"],"picked":"EmptyBody+1","floor":37.0},{"not_picked":["CutThroughFate","Indignation"],"picked":"EmptyFist+1","floor":38.0},{"not_picked":["LikeWater","Crescendo","Collect"],"picked":"SKIP","floor":39.0},{"not_picked":["EmptyFist","Pray","EmptyBody"],"picked":"SKIP","floor":41.0},{"not_picked":["EmptyFist+1","WindmillStrike"],"picked":"FlurryOfBlows+1","floor":44.0}],"player_experience":1946342,"relics_obtained":[{"floor":9.0,"key":"Whetstone"},{"floor":10.0,"key":"Lantern"},{"floor":12.0,"key":"Akabeko"},{"floor":23.0,"key":"MealTicket"},{"floor":25.0,"key":"Orichalcum"},{"floor":26.0,"key":"Bronze Scales"},{"floor":31.0,"key":"Enchiridion"}],"event_choices":[{"damage_healed":0.0,"max_hp_gain":0.0,"max_hp_loss":0.0,"gold_gain":75.0,"event_name":"World of Goop","player_choice":"Gather Gold","floor":3.0,"gold_loss":0.0,"damage_taken":11.0},{"damage_healed":0.0,"max_hp_gain":0.0,"max_hp_loss":0.0,"gold_gain":0.0,"event_name":"Big Fish","player_choice":"Box","floor":4.0,"gold_loss":0.0,"damage_taken":0.0,"relics_obtained":["Boot"],"cards_obtained":["Regret"]},{"damage_healed":0.0,"max_hp_gain":0.0,"max_hp_loss":0.0,"gold_gain":0.0,"event_name":"Scrap Ooze","player_choice":"Success","floor":7.0,"gold_loss":0.0,"damage_taken":11.0,"relics_obtained":["Regal Pillow"]},{"damage_healed":17.0,"max_hp_gain":0.0,"max_hp_loss":0.0,"gold_gain":0.0,"event_name":"The Cleric","player_choice":"Healed","floor":11.0,"gold_loss":35.0,"damage_taken":0.0},{"damage_healed":0.0,"max_hp_gain":0.0,"max_hp_loss":0.0,"gold_gain":0.0,"event_name":"Duplicator","player_choice":"Copied","floor":19.0,"gold_loss":0.0,"damage_taken":0.0,"cards_obtained":["ForeignInfluence"]},{"damage_healed":0.0,"max_hp_gain":0.0,"max_hp_loss":0.0,"gold_gain":50.0,"event_name":"Nest","player_choice":"Stole From Cult","floor":22.0,"gold_loss":0.0,"damage_taken":0.0},{"damage_healed":0.0,"max_hp_gain":0.0,"max_hp_loss":0.0,"gold_gain":0.0,"event_name":"Cursed Tome","player_choice":"Obtained Book","floor":31.0,"gold_loss":0.0,"damage_taken":21.0},{"damage_healed":0.0,"max_hp_gain":0.0,"max_hp_loss":0.0,"gold_gain":0.0,"event_name":"SensoryStone","player_choice":"Memory 1","floor":36.0,"gold_loss":0.0,"damage_taken":0.0}],"is_beta":true,"boss_relics":[{"not_picked":["Snecko Eye","Fusion Hammer"],"picked":"Runic Pyramid"},{"not_picked":["Philosopher\u0027s Stone","Coffee Dripper"],"picked":"Sozu"}],"items_purged_floors":[5,13,29],"is_endless":false,"potions_floor_spawned":[10,12,16,21,25,28,38,39,44],"killed_by":"Reptomancer","ascension_level":20}}