{"host":"my77oq6kb6j47rwl","time":1609386451,"event":{"mods":["BaseMod","Emptier Cage","Ironclad Rager","Minty Spire (QoL Compilation)","Quick Restart","Rare Cards Sparkle","StSLib"],"gold_per_floor":[117,129,204,52,52,52,82,102,102,136,136,136,153,153,153,253,253,265,277,328,203,223,223,237,237,262,181,216,216,196,215,215,313,313,329,329,349,360,61,61,87,87,112,146,163,189,202,202,202,202],"floor_reached":51,"playtime":4442,"items_purged":["Strike_R"],"score":1221,"play_id":"83d19185-2841-4843-99bf-5276186ab561","local_time":"20201230224731","is_ascension_mode":true,"campfire_choices":[{"data":"True Grit","floor":6,"key":"SMITH"},{"floor":11,"key":"REST"},{"data":"Limit Break","floor":15,"key":"SMITH"},{"data":"Flex","floor":23,"key":"SMITH"},{"data":"Pommel Strike","floor":25,"key":"SMITH"},{"data":"Sword Boomerang","floor":29,"key":"SMITH"},{"data":"Battle Trance","floor":32,"key":"SMITH"},{"data":"Defend_R","floor":40,"key":"SMITH"},{"floor":42,"key":"REST"},{"data":"Pommel Strike","floor":49,"key":"SMITH"}],"circlet_count":0,"master_deck":["AscendersBane","Defend_R","Defend_R+1","Defend_R+1","Defend_R+1","Pommel Strike+1","True Grit+1","Battle Trance+1","Limit Break+1","Flex+1","Cleave","Sword Boomerang+1","Demon Form+1","Evolve+1","Headbutt","Pummel","Inflame+1","Iron Wave+1","Feed","Pommel Strike+1","Anger+1","Iron Wave+1"],"relics":["Burning Blood","ClockworkSouvenir","Frozen Egg 2","Meat on the Bone","Potion Belt","Boot","Empty Cage","Bag of Preparation","Vajra","Mummified Hand","Busted Crown","FossilizedHelix","TungstenRod","Red Skull","Molten Egg 2","War Paint"],"acts_visited":["Exordium","TheCity","TheBeyond"],"potions_floor_usage":[7,33],"damage_taken":[{"damage":0,"enemies":"Small Slimes","floor":1,"turns":3},{"damage":2,"enemies":"2 Louse","floor":2,"turns":3},{"damage":32,"enemies":"Gremlin Nob","floor":7,"turns":5},{"damage":6,"enemies":"Cultist","floor":8,"turns":3},{"damage":26,"enemies":"3 Sentries","floor":10,"turns":11},{"damage":16,"enemies":"Exordium Thugs","floor":13,"turns":4},{"damage":62,"enemies":"Slime Boss","floor":16,"turns":11},{"damage":12,"enemies":"Chosen","floor":18,"turns":3},{"damage":33,"enemies":"3 Byrds","floor":19,"turns":6},{"damage":32,"enemies":"Snecko","floor":22,"turns":6},{"damage":18,"enemies":"3 Cultists","floor":24,"turns":4},{"damage":50,"enemies":"Gremlin Leader","floor":28,"turns":4},{"damage":1,"enemies":"Sentry and Sphere","floor":31,"turns":3},{"damage":26,"enemies":"Automaton","floor":33,"turns":5},{"damage":21,"enemies":"3 Shapes","floor":35,"turns":3},{"damage":11,"enemies":"Orb Walker","floor":37,"turns":3},{"damage":22,"enemies":"Jaw Worm Horde","floor":38,"turns":4},{"damage":48,"enemies":"Nemesis","floor":41,"turns":5},{"damage":0,"enemies":"Reptomancer","floor":44,"turns":3},{"damage":0,"enemies":"Writhing Mass","floor":45,"turns":3},{"damage":0,"enemies":"Giant Head","floor":46,"turns":5},{"damage":0,"enemies":"Sphere and 2 Shapes","floor":47,"turns":3},{"damage":12,"enemies":"Time Eater","floor":50,"turns":5}],"seed_played":"8996884418090229176","potions_obtained":[{"floor":2,"key":"Weak Potion"},{"floor":10,"key":"Fire Potion"},{"floor":22,"key":"FairyPotion"},{"floor":28,"key":"LiquidMemories"},{"floor":30,"key":"Ancient Potion"},{"floor":37,"key":"SmokeBomb"},{"floor":41,"key":"PowerPotion"}],"is_trial":false,"path_per_floor":["M","M","?","$","?","R","E","M","T","E","R","?","M","?","R","B",null,"M","M","T","$","M","R","M","R","T","$","E","R","?","M","R","B",null,"M","?","M","M","$","R","E","R","T","E","M","E","M","?","R","B",null],"character_chosen":"IRONCLAD","items_purchased":["ClockworkSouvenir","PowerPotion","Inflame+1","FossilizedHelix"],"campfire_rested":2,"item_purchase_floors":[4,21,27,39],"current_hp_per_floor":[57,61,50,50,55,55,29,29,29,21,46,46,48,85,85,41,74,68,53,53,53,39,39,39,39,39,39,33,33,33,50,50,42,74,62,62,57,56,56,56,26,53,53,59,65,71,77,77,77,71],"gold":202,"neow_bonus":"TRANSFORM_TWO_CARDS","is_daily":false,"chose_seed":false,"campfire_upgraded":8,"win_rate":0.0,"timestamp":1609386451,"path_taken":["M","M","?","$","?","R","E","M","T","E","R","?","M","?","R","BOSS","M","M","?","?","M","R","M","R","T","$","E","R","?","M","R","BOSS","M","?","M","M","$","R","E","R","T","E","?","E","M","?","R","BOSS"],"items_purchased_type":["Relic","Potion","Card","Relic"],"build_version":"2020-12-22","purchased_purges":1,"victory":true,"max_hp_per_floor":[80,80,80,80,85,85,85,85,85,85,85,85,85,85,85,85,85,85,85,85,85,85,85,85,85,85,85,85,85,85,85,85,85,85,88,88,88,91,91,91,91,91,91,91,91,91,91,91,91,91],"card_choices":[{"not_picked":["Twin Strike","Sentinel"],"picked":"True Grit","floor":1},{"not_picked":["Twin Strike","Wild Strike"],"picked":"Battle Trance","floor":2},{"not_picked":["Sword Boomerang","Wild Strike"],"picked":"Limit Break","floor":7},{"not_picked":["Twin Strike","Ghostly Armor"],"picked":"Flex","floor":8},{"not_picked":["Sword Boomerang","Iron Wave"],"picked":"Cleave","floor":10},{"not_picked":["Clash","Twin Strike"],"picked":"Sword Boomerang","floor":13},{"not_picked":["Immolate","Reaper"],"picked":"Demon Form+1","floor":16},{"not_picked":["Iron Wave","Warcry"],"picked":"Evolve+1","floor":18},{"not_picked":["Clothesline","Havoc"],"picked":"Headbutt","floor":19},{"not_picked":["Cleave","Armaments","Brutality+1"],"picked":"SKIP","floor":22},{"not_picked":["Perfected Strike","Clothesline"],"picked":"Pummel","floor":24},{"not_picked":["Infernal Blade","Entrench"],"picked":"Pummel","floor":28},{"not_picked":["Anger","Thunderclap"],"picked":"Iron Wave+1","floor":31},{"not_picked":["Brutality+1","Juggernaut+1"],"picked":"Feed","floor":33},{"not_picked":["Anger"],"picked":"SKIP","floor":35},{"not_picked":["Entrench"],"picked":"SKIP","floor":37},{"not_picked":["Rupture+1"],"picked":"SKIP","floor":38},{"not_picked":["Twin Strike"],"picked":"SKIP","floor":41},{"not_picked":[],"picked":"Anger+1","floor":44},{"not_picked":[],"picked":"Iron Wave+1","floor":45},{"not_picked":["Body Slam+1"],"picked":"SKIP","floor":46},{"not_picked":["Wild Strike+1"],"picked":"SKIP","floor":47}],"player_experience":973738,"relics_obtained":[{"floor":7,"key":"Frozen Egg 2"},{"floor":9,"key":"Meat on the Bone"},{"floor":10,"key":"Potion Belt"},{"floor":20,"key":"Bag of Preparation"},{"floor":26,"key":"Vajra"},{"floor":28,"key":"Mummified Hand"},{"floor":41,"key":"TungstenRod"},{"floor":43,"key":"Red Skull"},{"floor":44,"key":"Molten Egg 2"},{"floor":46,"key":"War Paint"}],"event_choices":[{"damage_healed":0,"gold_gain":75,"player_choice":"Gather Gold","damage_taken":11,"max_hp_gain":0,"max_hp_loss":0,"event_name":"World of Goop","floor":3,"gold_loss":0},{"damage_healed":0,"gold_gain":0,"player_choice":"Donut","damage_taken":0,"max_hp_gain":5,"max_hp_loss":0,"event_name":"Big Fish","floor":5,"gold_loss":0},{"damage_healed":0,"gold_gain":0,"player_choice":"Searched \u00271\u0027 times","damage_taken":0,"relics_obtained":["Boot"],"max_hp_gain":0,"max_hp_loss":0,"event_name":"Dead Adventurer","floor":12,"gold_loss":0},{"damage_healed":37,"gold_gain":0,"player_choice":"Full Heal","damage_taken":0,"max_hp_gain":0,"max_hp_loss":0,"event_name":"Wheel of Change","floor":14,"gold_loss":0},{"damage_healed":0,"gold_gain":0,"player_choice":"Bought 1 Potion","damage_taken":0,"max_hp_gain":0,"max_hp_loss":0,"event_name":"The Woman in Blue","floor":30,"gold_loss":0},{"damage_healed":0,"gold_gain":0,"cards_transformed":["Twin Strike"],"player_choice":"Transformed","damage_taken":0,"max_hp_gain":0,"max_hp_loss":0,"event_name":"Transmorgrifier","floor":36,"gold_loss":0,"cards_obtained":["Pommel Strike"]},{"cards_removed":["Pummel"],"damage_healed":0,"gold_gain":0,"player_choice":"Removed Attack","damage_taken":0,"max_hp_gain":0,"max_hp_loss":0,"event_name":"Falling","floor":48,"gold_loss":0}],"is_beta":false,"boss_relics":[{"not_picked":["Astrolabe","Runic Pyramid"],"picked":"Empty Cage"},{"not_picked":["Sozu","Cursed Key"],"picked":"Busted Crown"}],"items_purged_floors":[21],"is_endless":false,"potions_floor_spawned":[2,10,22,28,31,37,41,44],"ascension_level":12}}