{"host":"czzthkrvfe6r7fjf","time":1609403487,"event":{"mods":["ATMod(∞¢Ë™Mod)","Act Like it!","BaseMod","Downfall","GungeonMod","Marisa£®ÏF”Í°°ƒß¿Ì…≥£©","Minty Spire (QoL Compilation)","Quick Restart","StSLib","The Servant 0.9.4","Waifu the Spire","°æπ¶ƒ‹Mod°øªÏ„Á÷Æª∑–ﬁ∏¥≤π∂°"],"gold_per_floor":[113,58,74,224,299,299,334,334,334,363,380,399,426,10,10,87,87,100,100,119,119,119],"floor_reached":21,"playtime":668,"items_purged":[],"score":400,"play_id":"bbdfc3c5-64f7-4833-b7aa-0c0e5161b180","local_time":"20201231163127","is_ascension_mode":true,"campfire_choices":[{"data":"AT_FamilyPortrait","floor":6.0,"key":"SMITH"},{"data":"AT_ThistleTea","floor":8.0,"key":"SMITH"},{"floor":15,"key":"REST"}],"circlet_count":0,"master_deck":["AscendersBane","Strike_G","Strike_G","Strike_G","Strike_G","Strike_G","Defend_G","Defend_G","Defend_G","Defend_G","Defend_G","Survivor","Neutralize","AT_FamilyPortrait+1","Deadly Poison","Poisoned Stab","Deflect","Doubt","AT_ThistleTea+1","Acrobatics","Slice","Backstab","After Image","Adrenaline","AT_EmpoweredMortalDraw","Pain"],"relics":["Ring of the Snake","AT_ATBox","NeowsBlessing","AT_ArchangelStaff","Bottled Flame","AT_SilverBalance","Shuriken","PreservedInsect","AT_MortalBlade","WarpedTongs","DemoMod:GlassGuonStoneRelic"],"acts_visited":["Exordium","TheCity"],"potions_floor_usage":[13,16],"damage_taken":[{"damage":0.0,"enemies":"Cultist","floor":1.0,"turns":1.0},{"damage":0.0,"enemies":"2 Louse","floor":3.0,"turns":1.0},{"damage":0.0,"enemies":"Lagavulin","floor":7.0,"turns":1.0},{"damage":15.0,"enemies":"3 Sentries","floor":10.0,"turns":9.0},{"damage":2.0,"enemies":"Small Slimes","floor":11.0,"turns":5.0},{"damage":0.0,"enemies":"2 Fungi Beasts","floor":12.0,"turns":4.0},{"damage":6,"enemies":"Lagavulin","floor":13,"turns":8},{"damage":26,"enemies":"Slime Boss","floor":16,"turns":9},{"damage":0,"enemies":"Shell Parasite","floor":18,"turns":1},{"damage":9,"enemies":"Chosen","floor":20,"turns":2}],"seed_played":"517243367556169512","potions_obtained":[{"floor":1.0,"key":"Swift Potion"},{"floor":7.0,"key":"Fire Potion"},{"floor":11.0,"key":"Fire Potion"},{"floor":12.0,"key":"DuplicationPotion"},{"floor":16,"key":"SteroidPotion"},{"floor":20,"key":"Fire Potion"}],"is_trial":false,"path_per_floor":["M","$","M","?","?","R","E","R","T","E","M","M","E","$","R","B",null,"M","?","M","?"],"character_chosen":"THE_SILENT","items_purchased":["Poisoned Stab","After Image","Adrenaline","PreservedInsect"],"campfire_rested":1,"item_purchase_floors":[2,14,14,14],"current_hp_per_floor":[59,59,59,59,48,48,48,48,48,33,34,34,28,28,48,8,54,34,34,25,16,16],"gold":119,"neow_bonus":"THREE_ENEMY_KILL","is_daily":false,"chose_seed":false,"campfire_upgraded":2,"win_rate":0.0,"timestamp":1609403487,"path_taken":["M","$","?","?","?","R","E","R","T","E","M","M","E","$","R","BOSS","M","?","?","?"],"items_purchased_type":["Card","Card","Card","Relic"],"build_version":"2020-12-22","purchased_purges":0,"victory":false,"max_hp_per_floor":[66,66,66,66,66,66,66,66,66,66,69,69,69,69,69,69,69,69,69,69,69,69],"card_choices":[{"not_picked":["Bane","PiercingWail"],"picked":"Deadly Poison","floor":1.0},{"not_picked":["AT_WindRun","Dagger Spray"],"picked":"Deflect","floor":3.0},{"not_picked":["AT_WindFlip","Dagger Spray"],"picked":"AT_ThistleTea","floor":7.0},{"not_picked":["All Out Attack","Prepared"],"picked":"Acrobatics","floor":10.0},{"not_picked":["Quick Slash","Venomology"],"picked":"Slice","floor":11.0},{"not_picked":["Backflip","Endless Agony","AT_WindFlip"],"picked":"SKIP","floor":12.0},{"not_picked":["AT_EssenceShift","Noxious Fumes"],"picked":"Backstab","floor":13},{"not_picked":["Outmaneuver","Backflip","Flying Knee"],"picked":"SKIP","floor":18},{"not_picked":["Expertise","Flechettes","Crippling Poison"],"picked":"SKIP","floor":20}],"player_experience":489039,"relics_obtained":[{"floor":7.0,"key":"AT_ArchangelStaff"},{"floor":9.0,"key":"Bottled Flame"},{"floor":10.0,"key":"AT_SilverBalance"},{"floor":13,"key":"Shuriken"}],"event_choices":[{"damage_healed":0.0,"max_hp_gain":0.0,"max_hp_loss":0.0,"gold_gain":150.0,"event_name":"Liars Game","player_choice":"AGREE","floor":4.0,"gold_loss":0.0,"damage_taken":0.0,"cards_obtained":["Doubt"]},{"damage_healed":0.0,"max_hp_gain":0.0,"max_hp_loss":0.0,"gold_gain":75.0,"event_name":"World of Goop","player_choice":"Gather Gold","floor":5.0,"gold_loss":0.0,"damage_taken":11.0},{"damage_healed":0,"gold_gain":0,"player_choice":"Rummage","damage_taken":0,"relics_obtained":["WarpedTongs"],"max_hp_gain":0,"max_hp_loss":0,"event_name":"Accursed Blacksmith","floor":19,"gold_loss":0,"cards_obtained":["Pain"]},{"damage_healed":0,"gold_gain":0,"player_choice":"Stopped","damage_taken":9,"max_hp_gain":0,"max_hp_loss":0,"event_name":"Cursed Tome","floor":21,"gold_loss":0}],"is_beta":false,"boss_relics":[{"not_picked":["Empty Cage","Velvet Choker"],"picked":"AT_MortalBlade"}],"items_purged_floors":[],"is_endless":false,"potions_floor_spawned":[1,7,11,12,16,20],"ascension_level":16}}