{"host":"niv6bi8ufjzyofbf","time":1609394066,"event":{"mods":["ATMod(∞¢Ë™Mod)","Act Like it!","BaseMod","Colored Powertips","Conspire","Downfall","Gensokyo","Hermit","Mad Scientist","Marisa£®ÏF”Í°°ƒß¿Ì…≥£©","Minty Spire (QoL Compilation)","Quick Restart","Rare Cards Sparkle","Reimu£®≤©¿ˆ¡È√Œ£©","Replay The Spire","Shop Mod","Spicy Shops","StSLib","SuperFastMode","The Cursed","The Servant 0.9.4","Youmu£®ªÍ∆«—˝√Œ£©","°æ“≈ŒÔø®≈∆°øREMEMod","≤–¡Ù÷ÆŒÔ"],"gold_per_floor":[99,144,201,252,23333,22376,22401,22450,22170,22020,22067,22067,22114,22114,22163,22471,22471,22471,22524,22573,21946,21899,21956,21956,22009,21934,21384,21488,21539,21539,21592,21645,21959,21959,21959,22008,21491,21542,20979,20979,20988,20988,20267,20365,20376,20474,20483,20538,20585,20600],"floor_reached":51,"playtime":1576,"items_purged":["Defend_P","ReplayTheSpireMod:Splinters","Defend_P","Languid","CommonCold","Wraith","Writhe","Normality","CommonCold"],"score":1175,"play_id":"647e6222-cc22-4a38-8787-8fb9a68abd8f","local_time":"20201231135426","daily_mods":["Cursed Run","Vintage","Midas"],"is_ascension_mode":false,"campfire_choices":[{"data":"Defend_P","floor":1,"key":"PURGE"},{"floor":18,"key":"RECALL"},{"floor":35,"key":"REST"}],"circlet_count":0,"master_deck":["Strike_P","Strike_P","Strike_P","Strike_P","Defend_P","Eruption","Vigilance+1","REME_WorshipGod+1","AT_EmpoweredMortalDraw+1","ForeignInfluence","WheelKick","AT_ChampionStep+1","AT_OneInchPunch","EmptyMind+1","Crescendo","Consecrate+1","Vault+1","Worship+1","Indignation","AT_ChampionStep+1","AT_IrregularMenstruation","REME_MusicOfDeath+1","Adaptation","Brilliance","AT_ChampionKick+1","Overencumbered","Amnesia"],"relics":["Cursed Key","Darkstone Periapt","Du-Vu Doll","REME_ComplimentaryCards","AT_ATBox","Replay:Bandana","Iron Hammer","Strawberry","Chameleon Ring","Membership Card","MerchantsRug","Frozen Eye","Replay:Ringing Soul","hexamod:BolsterEngine","Tiny Chest","conspire:TopHat","ClockworkSouvenir","HandDrill","AT_SilvercatRing","conspire:Dentures","Bag of Preparation","PlaceholderMod:SoulofChaos","Divine Protection","Gambling Chip","Snecko Heart","War Paint","Centennial Puzzle","Singing Bowl","Guardian:PocketSentry","Lee\u0027s Waffle","Dream Catcher","REME_CardOfGreed","Ancient Tea Set","AT_BladeRuinedKing","White Beast Statue","Pen Nib","downfall:HeartBlessingRed","PlaceholderMod:DeVermisMysteriis","champ:Barbells","Damaru","REME_HandOfSuture","Cauldron","conspire:DeflatedDodgeball","Omamori","Garlic","Replay:Bottled Steam","AT_RedTearstoneRing","Replay:Ancient Bell","Potion Belt","AT_BellowingDragoncrestRing","champ:DeflectingBracers","conspire:GlowingRock","Mango","Sling","AT_SpeedBoots","Oddly Smooth Stone","PlaceholderMod:FlatBlood","CeramicFish","Thread and Needle","Guardian:BottledAnomaly","AT_RedNoBalance","BranchBurnRelic","Chemical X","TheAbacus","Toy Ornithopter","Letter Opener","Akabeko","Quantum Egg","CatCart","Gremlin Food","Blue Candle","CrazyTorch:ReiMu"],"acts_visited":["Exordium","TheCity","TheBeyond"],"potions_floor_usage":[16,31,48,48],"damage_taken":[{"damage":4,"enemies":"Cultist","floor":2,"turns":4},{"damage":7,"enemies":"Small Slimes","floor":3,"turns":3},{"damage":0,"enemies":"Jaw Worm","floor":4,"turns":1},{"damage":0,"enemies":"Large Slime","floor":5,"turns":3},{"damage":15,"enemies":"downfall:FleeingMerchant","floor":6,"turns":4},{"damage":2,"enemies":"Red Slaver","floor":8,"turns":1},{"damage":24,"enemies":"downfall:FleeingMerchant","floor":9,"turns":3},{"damage":0,"enemies":"Looter","floor":11,"turns":1},{"damage":0,"enemies":"Blue Slaver","floor":13,"turns":1},{"damage":0,"enemies":"Exordium Wildlife","floor":15,"turns":1},{"damage":0,"enemies":"Slime Boss","floor":16,"turns":1},{"damage":0,"enemies":"conspire:FuzzyDice","floor":19,"turns":1},{"damage":0,"enemies":"3 Byrds","floor":20,"turns":1},{"damage":0,"enemies":"Snake Plant","floor":22,"turns":1},{"damage":0,"enemies":"Cultist and Chosen","floor":23,"turns":2},{"damage":0,"enemies":"Centurion and Healer","floor":25,"turns":1},{"damage":0,"enemies":"Gremlin Leader","floor":28,"turns":1},{"damage":0,"enemies":"3 Cultists","floor":29,"turns":1},{"damage":0,"enemies":"Chosen and Byrds","floor":31,"turns":1},{"damage":0,"enemies":"conspire:HollyBat","floor":32,"turns":3},{"damage":0,"enemies":"downfall:Defect","floor":33,"turns":2},{"damage":0,"enemies":"Orb Walker","floor":36,"turns":1},{"damage":0,"enemies":"3 Darklings","floor":38,"turns":1},{"damage":0,"enemies":"R_Hoarder","floor":44,"turns":2},{"damage":0,"enemies":"Orin","floor":45,"turns":2},{"damage":0,"enemies":"Reptomancer","floor":46,"turns":1},{"damage":0,"enemies":"Jaw Worm Horde","floor":48,"turns":1},{"damage":0,"enemies":"4 Shapes","floor":49,"turns":1},{"damage":0,"enemies":"downfall:Ironclad","floor":50,"turns":1}],"seed_played":"-5051420239723459148","potions_obtained":[{"floor":2,"key":"Fire Potion"},{"floor":15,"key":"BottledMiracle"},{"floor":16,"key":"Fire Potion"},{"floor":22,"key":"champ:CounterPotion"},{"floor":36,"key":"Adrenaline Potion"},{"floor":38,"key":"REME_GoldPotion"},{"floor":46,"key":"Swift Potion"},{"floor":48,"key":"Dexterity Potion"},{"floor":49,"key":"Venom Potion"}],"is_trial":false,"path_per_floor":["R","M","M","M","M","$","T","M","$","?","M","R","M","T","M","B",null,"R","M","M","$","M","M","T","M","R","$","E","M","T","M","M","B",null,"R","M","$","M","$","?","T","R","$","E","?","E","T","M","M","B",null],"character_chosen":"WATCHER","items_purchased":["Membership Card","MerchantsRug","Frozen Eye","Replay:Ringing Soul","hexamod:BolsterEngine","champ:CounterPotion","Fire Potion","AT_EmpoweredMortalDraw","ForeignInfluence","WheelKick","AT_ChampionStep","AT_OneInchPunch","ClockworkSouvenir","HandDrill","AT_SilvercatRing","Crescendo","Consecrate","conspire:Dentures","Singing Bowl","Guardian:PocketSentry","Lee\u0027s Waffle","Dream Catcher","REME_CardOfGreed","Worship","Indignation","PlaceholderMod:DeVermisMysteriis","champ:Barbells","Damaru","REME_HandOfSuture","Cauldron","conspire:DeflatedDodgeball","Mango","Sling","AT_SpeedBoots","Adaptation","Brilliance","AT_ChampionKick","PlaceholderMod:FlatBlood","CeramicFish","Thread and Needle","Dead Branch","Guardian:BottledAnomaly","Chemical X","TheAbacus","Toy Ornithopter","Letter Opener","Akabeko","FairyPotion"],"campfire_rested":1,"item_purchase_floors":[6,6,6,6,6,6,6,6,6,6,6,6,9,9,9,9,9,9,21,21,21,21,21,21,21,27,27,27,27,27,27,37,37,37,37,37,37,39,39,39,39,39,43,43,43,43,43,43],"current_hp_per_floor":[72,68,61,68,68,56,65,63,42,104,104,104,104,116,116,125,125,125,125,125,135,135,135,144,144,144,144,147,147,150,150,150,153,176,179,179,196,196,199,202,211,211,211,113,118,120,132,145,145,154],"gold":20600,"neow_bonus":"","is_daily":true,"chose_seed":false,"campfire_upgraded":0,"win_rate":0.0,"timestamp":1609394066,"path_taken":["R","M","M","?","M","$","T","M","$","?","?","R","M","?","M","BOSS","R","M","M","$","M","M","T","M","R","$","E","M","?","M","M","BOSS","R","M","$","M","?","?","T","R","$","E","?","E","?","?","M","BOSS"],"items_purchased_type":["Relic","Relic","Relic","Relic","Relic","Potion","Potion","Card","Card","Card","Card","Card","Relic","Relic","Relic","Card","Card","Relic","Relic","Relic","Relic","Relic","Relic","Card","Card","Relic","Relic","Relic","Relic","Relic","Relic","Relic","Relic","Relic","Card","Card","Card","Relic","Relic","Relic","Relic","Relic","Relic","Relic","Relic","Relic","Relic","Potion"],"build_version":"2020-12-22","purchased_purges":9,"victory":true,"max_hp_per_floor":[72,72,72,79,79,82,91,91,94,104,104,104,104,116,116,125,125,125,125,125,135,135,135,144,144,144,144,147,147,150,150,150,153,176,179,179,196,196,199,202,211,211,211,213,218,220,232,235,235,244],"card_choices":[{"not_picked":["Crescendo","Study"],"picked":"REME_WorshipGod","floor":6},{"not_picked":["Crescendo","Replay:ManipulateFuture"],"picked":"EmptyMind","floor":9},{"not_picked":["MasterReality","Establishment"],"picked":"Vault","floor":16},{"not_picked":["Wallop+1","ReachHeaven"],"picked":"AT_ChampionStep","floor":28},{"not_picked":["Ragnarok","Alpha"],"picked":"AT_IrregularMenstruation","floor":33},{"not_picked":["Wraith","Replay:Hysterical Blindness","Poor:ReiMu"],"picked":"Singing Bowl","floor":34},{"not_picked":["Hallucinations","Looming Evil"],"picked":"Writhe","floor":34},{"not_picked":["Overencumbered","Regret"],"picked":"CommonCold","floor":34},{"not_picked":["AT_OneInchPunch+1","FearNoEvil"],"picked":"REME_MusicOfDeath","floor":35},{"not_picked":["FollowUp+1","Halt+1","Sanctity"],"picked":"Singing Bowl","floor":44},{"not_picked":["SashWhip","Prostrate+1","InnerPeace"],"picked":"Singing Bowl","floor":45},{"not_picked":["ThirdEye+1","AT_ChampionStep","SpiritShield"],"picked":"Singing Bowl","floor":46}],"player_experience":618794,"relics_obtained":[{"floor":2,"key":"Replay:Bandana"},{"floor":3,"key":"Iron Hammer"},{"floor":4,"key":"Strawberry"},{"floor":5,"key":"Chameleon Ring"},{"floor":7,"key":"Tiny Chest"},{"floor":8,"key":"conspire:TopHat"},{"floor":11,"key":"Bag of Preparation"},{"floor":13,"key":"PlaceholderMod:SoulofChaos"},{"floor":14,"key":"Divine Protection"},{"floor":15,"key":"Gambling Chip"},{"floor":19,"key":"War Paint"},{"floor":20,"key":"Centennial Puzzle"},{"floor":22,"key":"Ancient Tea Set"},{"floor":23,"key":"AT_BladeRuinedKing"},{"floor":24,"key":"White Beast Statue"},{"floor":25,"key":"Pen Nib"},{"floor":29,"key":"Omamori"},{"floor":30,"key":"Garlic"},{"floor":31,"key":"Replay:Bottled Steam"},{"floor":32,"key":"AT_RedTearstoneRing"},{"floor":36,"key":"conspire:GlowingRock"},{"floor":38,"key":"Oddly Smooth Stone"},{"floor":41,"key":"AT_SilverBalance"},{"floor":44,"key":"Quantum Egg"},{"floor":45,"key":"CatCart"},{"floor":46,"key":"Gremlin Food"},{"floor":47,"key":"Blue Candle"},{"floor":48,"key":"CrazyTorch:ReiMu"}],"event_choices":[{"damage_healed":0,"gold_gain":0,"player_choice":"Leave","damage_taken":0,"max_hp_gain":0,"max_hp_loss":0,"event_name":"conspire:Investor","floor":40,"gold_loss":0},{"damage_healed":0,"gold_gain":0,"player_choice":"Fight","damage_taken":0,"max_hp_gain":0,"max_hp_loss":0,"event_name":"OrinTheCat","floor":45,"gold_loss":0}],"is_beta":false,"boss_relics":[{"not_picked":["Runic Dome","Velvet Choker"],"picked":"Snecko Heart"},{"not_picked":["Pandora\u0027s Box","Calling Bell"],"picked":"Replay:Ancient Bell"},{"not_picked":["Replay:Baseball","AT_ChloranthyRing"],"picked":"Potion Belt"},{"not_picked":["Kunai","ReplayTheSpireMod:Shallot"],"picked":"AT_BellowingDragoncrestRing"},{"not_picked":["Durian","Prayer Wheel"],"picked":"champ:DeflectingBracers"}],"items_purged_floors":[6,9,9,21,27,37,39,43,43],"is_endless":false,"potions_floor_spawned":[2,8,13,15,16,22,23,25,28,29,31,32,33,36,38,44,45,46,48,49],"ascension_level":0}}