{"host":"hwrdjx5eod2cxh09","time":1609402436,"event":{"mods":["AchievementEnabler","BaseMod","Bestiary","Minty Spire (QoL Compilation)","Relic Stats"],"gold_per_floor":[118,118,118,136,147,178,197,197,223,223,239,257,289,389,389,491,491,509,522,537,173,173,173,173,173],"floor_reached":24,"playtime":1109,"items_purged":["Strike_B"],"score":208,"play_id":"dbbaff73-afd9-430c-bc09-92f8ea5d4eac","local_time":"20201231171356","is_ascension_mode":false,"campfire_choices":[{"floor":8,"key":"REST"},{"data":"Chill","floor":10,"key":"SMITH"},{"floor":15,"key":"REST"},{"data":"Defragment","floor":23,"key":"SMITH"}],"circlet_count":0,"master_deck":["Strike_B","Strike_B+1","Strike_B","Defend_B","Defend_B","Defend_B","Defend_B","Zap+1","Dualcast","Leap+1","Doom and Gloom","Auto Shields","Chill+1","Glacier","Blizzard","Defragment+1","Machine Learning","Capacitor+1","Coolheaded+1"],"relics":["Cracked Core","Vajra","Oddly Smooth Stone","Inserter","Symbiotic Virus"],"acts_visited":["Exordium","TheCity"],"potions_floor_usage":[13,13],"damage_taken":[{"damage":10,"enemies":"Small Slimes","floor":1,"turns":3},{"damage":0,"enemies":"2 Louse","floor":4,"turns":3},{"damage":0,"enemies":"Cultist","floor":5,"turns":3},{"damage":26,"enemies":"Lagavulin","floor":6,"turns":6},{"damage":5,"enemies":"Looter","floor":7,"turns":3},{"damage":9,"enemies":"Large Slime","floor":11,"turns":6},{"damage":0,"enemies":"Exordium Thugs","floor":12,"turns":5},{"damage":21,"enemies":"Gremlin Nob","floor":13,"turns":4},{"damage":18,"enemies":"The Guardian","floor":16,"turns":15},{"damage":6,"enemies":"Chosen","floor":18,"turns":12},{"damage":13,"enemies":"Shell Parasite","floor":19,"turns":7},{"damage":18,"enemies":"Snake Plant","floor":20,"turns":8},{"damage":43,"enemies":"Gremlin Leader","floor":24,"turns":5}],"seed_played":"-944602822970370150","potions_obtained":[{"floor":1,"key":"EssenceOfSteel"},{"floor":4,"key":"SteroidPotion"},{"floor":7,"key":"Ancient Potion"},{"floor":19,"key":"BlessingOfTheForge"},{"floor":20,"key":"CultistPotion"}],"is_trial":false,"path_per_floor":["M","?","?","M","M","E","M","R","T","R","M","M","E","?","R","B",null,"M","M","M","$","?","R","E"],"character_chosen":"DEFECT","items_purchased":["Swift Potion","Symbiotic Virus"],"campfire_rested":2,"item_purchase_floors":[21,21],"current_hp_per_floor":[65,50,55,55,55,29,24,48,48,48,39,39,18,18,42,24,80,74,61,43,43,43,43,0,0],"gold":173,"neow_bonus":"UPGRADE_CARD","is_daily":false,"chose_seed":false,"campfire_upgraded":2,"win_rate":0.0,"timestamp":1609402436,"path_taken":["M","?","?","M","M","E","M","R","T","R","M","M","E","?","R","BOSS","M","M","M","?","?","R","E"],"items_purchased_type":["Potion","Relic"],"build_version":"2020-12-22","purchased_purges":1,"victory":false,"max_hp_per_floor":[75,75,80,80,80,80,80,80,80,80,80,80,80,80,80,80,80,80,80,80,80,80,80,80,80],"relic_stats":{"Inserter":[16],"counters":[13,80],"obtain_stats":[{"Inserter":17,"Vajra":6,"Oddly Smooth Stone":13,"Cracked Core":0,"Symbiotic Virus":21},{"Inserter":9,"Vajra":4,"Oddly Smooth Stone":8,"Cracked Core":0,"Symbiotic Virus":12},{"Inserter":48,"Vajra":15,"Oddly Smooth Stone":33,"Cracked Core":0,"Symbiotic Virus":75}]},"card_choices":[{"not_picked":["Barrage","Beam Cell"],"picked":"Leap","floor":1},{"not_picked":["FTL","Scrape"],"picked":"Doom and Gloom","floor":4},{"not_picked":["Coolheaded","Streamline"],"picked":"Auto Shields","floor":5},{"not_picked":["Force Field","Steam Power"],"picked":"Chill","floor":6},{"not_picked":["Gash","Conserve Battery"],"picked":"Glacier","floor":7},{"not_picked":["Go for the Eyes","Cold Snap"],"picked":"Blizzard","floor":11},{"not_picked":["Reinforced Body","Steam","Skim"],"picked":"SKIP","floor":12},{"not_picked":["Beam Cell","Aggregate"],"picked":"Defragment","floor":13},{"not_picked":["Biased Cognition","Thunder Strike"],"picked":"Machine Learning","floor":16},{"not_picked":["Force Field","Beam Cell"],"picked":"Capacitor+1","floor":18},{"not_picked":["Tempest+1","Heatsinks"],"picked":"Coolheaded+1","floor":19},{"not_picked":["Go for the Eyes+1","Turbo","Hologram"],"picked":"SKIP","floor":20}],"player_experience":115239,"relics_obtained":[{"floor":6,"key":"Vajra"},{"floor":13,"key":"Oddly Smooth Stone"}],"event_choices":[{"damage_healed":0,"gold_gain":0,"player_choice":"Entered Light","damage_taken":15,"max_hp_gain":0,"max_hp_loss":0,"event_name":"Shining Light","floor":2,"gold_loss":0,"cards_upgraded":["Leap","Strike_B"]},{"damage_healed":0,"gold_gain":0,"player_choice":"Donut","damage_taken":0,"max_hp_gain":5,"max_hp_loss":0,"event_name":"Big Fish","floor":3,"gold_loss":0},{"damage_healed":0,"gold_gain":100,"player_choice":"Pray","damage_taken":0,"max_hp_gain":0,"max_hp_loss":0,"event_name":"Golden Shrine","floor":14,"gold_loss":0},{"damage_healed":0,"gold_gain":0,"player_choice":"Ignored","damage_taken":0,"max_hp_gain":0,"max_hp_loss":0,"event_name":"The Mausoleum","floor":22,"gold_loss":0}],"is_beta":false,"boss_relics":[{"not_picked":["Philosopher\u0027s Stone","Pandora\u0027s Box"],"picked":"Inserter"}],"items_purged_floors":[21],"is_endless":false,"potions_floor_spawned":[1,4,7,19,20],"killed_by":"Gremlin Leader","ascension_level":0}}