{"host":"840yoaz69lavfcgt","time":1609392776,"event":{"mods":["BaseMod","Colored Powertips","DeckTracker","Highlight Path","Minty Spire (QoL Compilation)","Synergy Search"],"gold_per_floor":[211,211,211,27,44,74,74,102,102,127,127,202,214,227,227,332,332,343,343,359,1,1,1,36,36,36,36,36,47,62,73,73,175,175,195,195,205,205,205],"floor_reached":38,"playtime":3268,"items_purged":[],"score":412,"play_id":"a4739f99-1aea-49ff-a9fb-7260c292c6b5","local_time":"20201231003256","is_ascension_mode":false,"campfire_choices":[{"data":"Conserve Battery","floor":7.0,"key":"SMITH"},{"floor":11.0,"key":"REST"},{"floor":15.0,"key":"REST"},{"data":"RitualDagger","floor":23.0,"key":"SMITH"},{"floor":25.0,"key":"REST"},{"data":"Defragment","floor":32.0,"key":"SMITH"}],"circlet_count":0,"master_deck":["Strike_B","Strike_B","Defend_B","Defend_B","Defend_B","Zap+1","Dualcast","Cold Snap","Rip and Tear","Heatsinks","Conserve Battery+1","Cold Snap","Genetic Algorithm","Sweeping Beam","Melter","Amplify","Barrage+1","Doom and Gloom","Defragment","Thunder Strike","RitualDagger+1","Defragment+1","Beam Cell+1","Gash","Beam Cell+1","Buffer","Consume+1","Machine Learning+1","Skim+1","Gash","Creative AI"],"relics":["Cracked Core","HornCleat","Regal Pillow","Question Card","Oddly Smooth Stone","MealTicket","Bag of Preparation","Inserter","Nunchaku","Happy Flower","Strawberry","Nloth\u0027s Gift","Astrolabe"],"acts_visited":["Exordium","TheCity","TheBeyond"],"potions_floor_usage":[37,38,38],"damage_taken":[{"damage":4.0,"enemies":"Small Slimes","floor":1.0,"turns":5.0},{"damage":0.0,"enemies":"2 Louse","floor":5.0,"turns":2.0},{"damage":16.0,"enemies":"Lagavulin","floor":6.0,"turns":7.0},{"damage":19.0,"enemies":"3 Sentries","floor":8.0,"turns":7.0},{"damage":12.0,"enemies":"Gremlin Nob","floor":10.0,"turns":4.0},{"damage":0.0,"enemies":"Cultist","floor":13.0,"turns":3.0},{"damage":0.0,"enemies":"2 Fungi Beasts","floor":14.0,"turns":3.0},{"damage":56.0,"enemies":"Hexaghost","floor":16.0,"turns":15.0},{"damage":9.0,"enemies":"2 Thieves","floor":18.0,"turns":4.0},{"damage":22.0,"enemies":"Chosen","floor":20.0,"turns":7.0},{"damage":14.0,"enemies":"Book of Stabbing","floor":24.0,"turns":6.0},{"damage":1.0,"enemies":"Snecko","floor":29.0,"turns":6.0},{"damage":12.0,"enemies":"Centurion and Healer","floor":30.0,"turns":5.0},{"damage":11.0,"enemies":"3 Cultists","floor":31.0,"turns":5.0},{"damage":57.0,"enemies":"Champ","floor":33.0,"turns":11.0},{"damage":1.0,"enemies":"Orb Walker","floor":35.0,"turns":5.0},{"damage":48,"enemies":"3 Darklings","floor":37,"turns":6},{"damage":50,"enemies":"Jaw Worm Horde","floor":38,"turns":3}],"seed_played":"-7529169064930791591","potions_obtained":[{"floor":5.0,"key":"EssenceOfSteel"},{"floor":16.0,"key":"Energy Potion"},{"floor":24.0,"key":"Explosive Potion"},{"floor":30.0,"key":"GamblersBrew"},{"floor":33.0,"key":"FearPotion"},{"floor":36.0,"key":"Regen Potion"},{"floor":36.0,"key":"EssenceOfSteel"},{"floor":37,"key":"SkillPotion"}],"is_trial":false,"path_per_floor":["M","?","?","$","M","E","R","E","T","E","R","?","M","M","R","B",null,"M","?","M","$","?","R","E","R","T","?","?","M","M","M","R","B",null,"M","?","M","M"],"character_chosen":"DEFECT","items_purchased":["Rip and Tear","Regal Pillow","Defragment","Happy Flower","Thunder Strike","PowerPotion"],"campfire_rested":3,"item_purchase_floors":[4,4,21,21,21,21],"current_hp_per_floor":[71,68,68,68,68,52,52,33,33,21,58,47,47,47,75,19,75,66,66,44,59,53,53,39,75,82,82,82,81,69,58,58,1,82,81,81,33,0,0],"gold":205,"neow_bonus":"HUNDRED_GOLD","is_daily":false,"chose_seed":false,"campfire_upgraded":3,"win_rate":0.0,"timestamp":1609392776,"path_taken":["M","?","?","$","M","E","R","E","T","E","R","?","M","M","R","BOSS","M","?","M","$","?","R","E","R","T","?","?","M","?","M","R","BOSS","M","?","M","?"],"items_purchased_type":["Card","Relic","Card","Relic","Card","Potion"],"build_version":"2020-12-22","purchased_purges":0,"victory":false,"max_hp_per_floor":[75,75,75,75,75,75,75,75,75,75,75,75,75,75,75,75,75,75,75,75,75,75,75,75,75,82,82,82,82,82,82,82,82,82,82,82,82,82,82],"card_choices":[{"not_picked":["Steam Power","Chaos"],"picked":"Cold Snap","floor":1.0},{"not_picked":["Redo","Steam"],"picked":"Heatsinks","floor":5.0},{"not_picked":["Go for the Eyes","Storm"],"picked":"Conserve Battery","floor":6.0},{"not_picked":["Steam","Biased Cognition","Chill"],"picked":"Cold Snap","floor":8.0},{"not_picked":["Steam","Tempest","Conserve Battery"],"picked":"Genetic Algorithm","floor":10.0},{"not_picked":["Compile Driver","Coolheaded","Streamline"],"picked":"Sweeping Beam","floor":13.0},{"not_picked":["Steam","Steam Power","Hologram"],"picked":"Melter","floor":14.0},{"not_picked":["Meteor Strike","Seek","Echo Form"],"picked":"Amplify","floor":16.0},{"not_picked":["Genetic Algorithm","Melter+1","Coolheaded"],"picked":"Barrage+1","floor":18.0},{"not_picked":["Go for the Eyes+1","Hologram","Cold Snap+1"],"picked":"Doom and Gloom","floor":20.0},{"not_picked":["Reprogram","Redo","Lockon"],"picked":"Defragment","floor":24.0},{"not_picked":["Rebound","Stack+1","Blizzard+1"],"picked":"Beam Cell+1","floor":29.0},{"not_picked":["Conserve Battery","Coolheaded+1","Recycle"],"picked":"Gash","floor":30.0},{"not_picked":["Redo","Amplify","BootSequence"],"picked":"Beam Cell+1","floor":31.0},{"not_picked":["Amplify","Echo Form","Thunder Strike"],"picked":"Buffer","floor":33.0},{"not_picked":["Storm","Recycle+1","Leap+1"],"picked":"Gash","floor":35.0},{"not_picked":["Gash","Streamline","Amplify"],"picked":"Creative AI","floor":37}],"player_experience":142204,"relics_obtained":[{"floor":6.0,"key":"Question Card"},{"floor":8.0,"key":"Oddly Smooth Stone"},{"floor":9.0,"key":"MealTicket"},{"floor":10.0,"key":"Bag of Preparation"},{"floor":24.0,"key":"InkBottle"},{"floor":26.0,"key":"Strawberry"}],"event_choices":[{"damage_healed":0.0,"max_hp_gain":0.0,"max_hp_loss":0.0,"gold_gain":0.0,"event_name":"Scrap Ooze","player_choice":"Success","floor":2.0,"gold_loss":0.0,"damage_taken":3.0,"relics_obtained":["HornCleat"]},{"damage_healed":0.0,"max_hp_gain":0.0,"max_hp_loss":0.0,"gold_gain":0.0,"event_name":"Living Wall","player_choice":"Grow","floor":3.0,"gold_loss":0.0,"damage_taken":0.0,"cards_upgraded":["Zap"]},{"damage_healed":0.0,"max_hp_gain":0.0,"max_hp_loss":0.0,"gold_gain":75.0,"event_name":"World of Goop","player_choice":"Gather Gold","floor":12.0,"gold_loss":0.0,"damage_taken":11.0},{"damage_healed":0.0,"max_hp_gain":0.0,"max_hp_loss":0.0,"gold_gain":0.0,"event_name":"The Mausoleum","player_choice":"Opened","floor":19.0,"gold_loss":0.0,"damage_taken":0.0,"relics_obtained":["Nunchaku"]},{"damage_healed":0.0,"max_hp_gain":0.0,"max_hp_loss":0.0,"gold_gain":0.0,"event_name":"Nest","player_choice":"Joined the Cult","floor":22.0,"gold_loss":0.0,"damage_taken":6.0,"cards_obtained":["RitualDagger"]},{"damage_healed":0.0,"max_hp_gain":0.0,"max_hp_loss":0.0,"gold_gain":0.0,"event_name":"Ghosts","player_choice":"Ignored","floor":27.0,"gold_loss":0.0,"damage_taken":0.0},{"damage_healed":0.0,"max_hp_gain":0.0,"max_hp_loss":0.0,"gold_gain":0.0,"event_name":"N\u0027loth","player_choice":"Traded Relic","floor":28.0,"relics_lost":["InkBottle"],"gold_loss":0.0,"damage_taken":0.0,"relics_obtained":["Nloth\u0027s Gift"]},{"damage_healed":0.0,"max_hp_gain":0.0,"max_hp_loss":0.0,"gold_gain":0.0,"event_name":"Lab","player_choice":"Got Potions","floor":36.0,"gold_loss":0.0,"damage_taken":0.0}],"is_beta":false,"boss_relics":[{"not_picked":["Coffee Dripper","Sozu"],"picked":"Inserter"},{"not_picked":["Fusion Hammer","Empty Cage"],"picked":"Astrolabe"}],"items_purged_floors":[],"is_endless":false,"potions_floor_spawned":[5,16,24,30,33,37],"killed_by":"Jaw Worm Horde","ascension_level":0}}