{"host":"toh0bbw446wnuexf","time":1609377338,"event":{"mods":["BaseMod","Downfall","Hermit","Minty Spire (QoL Compilation)","Random Character Button","StSLib"],"gold_per_floor":[99,118,28,43,43,28,28,28,128,128,148,161,181,193,207,310,310,310,331,354,378,378,378,378,378,363,373,373,373,404,423,444,552,552,552,579,594,594,612,537,564,578,578,158,158,177,193,210,224,224],"floor_reached":51,"playtime":3723,"items_purged":["hexamod:Sear"],"score":698,"play_id":"b9fe9887-faef-43b5-a8c4-ce739bcb8bd2","local_time":"20201231141538","is_ascension_mode":true,"campfire_choices":[{"data":"expansioncontent:Chronoboost","floor":1,"key":"SMITH"},{"floor":8,"key":"REST"},{"data":"hexamod:Float","floor":18,"key":"SMITH"},{"floor":23,"key":"REST"},{"data":"hexamod:Defend","floor":25,"key":"SMITH"},{"data":"hexamod:Defend","floor":28,"key":"SMITH"},{"floor":35,"key":"RECALL"},{"floor":40,"key":"REST"},{"floor":45,"key":"REST"}],"circlet_count":0,"master_deck":["hexamod:Strike+1","hexamod:Strike+1","hexamod:Strike+1","hexamod:Defend+1","hexamod:Defend+1","hexamod:Defend+1","hexamod:Defend+1","hexamod:Float+1","expansioncontent:Chronoboost+1","hexamod:SpectersWail+1","hexamod:SpectersWail+1","hexamod:StepThrough+1"],"relics":["hexamod:SpiritBrand","Kunai","downfall:ShatteredFragment","Velvet Choker","HornCleat","Bottled Flame","Busted Crown","hexamod:TheBrokenSeal","downfall:HeartBlessingRed","Akabeko","PreservedInsect","Letter Opener"],"acts_visited":["Exordium","TheCity","TheBeyond"],"potions_floor_usage":[15,16,50],"damage_taken":[{"damage":7,"enemies":"Small Slimes","floor":2,"turns":5},{"damage":0,"enemies":"downfall:FleeingMerchant","floor":3,"turns":4},{"damage":1,"enemies":"Cultist","floor":4,"turns":5},{"damage":15,"enemies":"downfall:FleeingMerchant","floor":6,"turns":4},{"damage":0,"enemies":"2 Louse","floor":11,"turns":2},{"damage":5,"enemies":"Exordium Wildlife","floor":12,"turns":3},{"damage":10,"enemies":"3 Louse","floor":13,"turns":3},{"damage":8,"enemies":"2 Fungi Beasts","floor":14,"turns":3},{"damage":9,"enemies":"Gremlin Gang","floor":15,"turns":3},{"damage":15,"enemies":"downfall:Watcher","floor":16,"turns":6},{"damage":10,"enemies":"Spheric Guardian","floor":19,"turns":5},{"damage":17,"enemies":"Shell Parasite","floor":20,"turns":6},{"damage":22,"enemies":"Centurion and Healer","floor":21,"turns":6},{"damage":6,"enemies":"downfall:FleeingMerchant","floor":26,"turns":4},{"damage":16,"enemies":"Chosen and Byrds","floor":27,"turns":7},{"damage":9,"enemies":"Gremlin Leader","floor":30,"turns":7},{"damage":15,"enemies":"Snecko","floor":31,"turns":6},{"damage":18,"enemies":"Sentry and Sphere","floor":32,"turns":6},{"damage":33,"enemies":"downfall:Ironclad","floor":33,"turns":10},{"damage":36,"enemies":"3 Darklings","floor":36,"turns":6},{"damage":0,"enemies":"Orb Walker","floor":37,"turns":3},{"damage":0,"enemies":"Sphere and 2 Shapes","floor":39,"turns":4},{"damage":0,"enemies":"Transient","floor":42,"turns":5},{"damage":0,"enemies":"downfall:FleeingMerchant","floor":44,"turns":4},{"damage":0,"enemies":"3 Darklings","floor":46,"turns":3},{"damage":0,"enemies":"Maw","floor":47,"turns":5},{"damage":0,"enemies":"Transient","floor":48,"turns":5},{"damage":0,"enemies":"Spire Growth","floor":49,"turns":4},{"damage":28,"enemies":"downfall:Defect","floor":50,"turns":7}],"seed_played":"6945059175500871313","potions_obtained":[{"floor":2,"key":"hexamod:DoubleChargePotion"},{"floor":11,"key":"SkillPotion"},{"floor":12,"key":"CultistPotion"},{"floor":14,"key":"Energy Potion"},{"floor":15,"key":"AttackPotion"},{"floor":19,"key":"FairyPotion"},{"floor":19,"key":"SpeedPotion"},{"floor":21,"key":"LiquidBronze"},{"floor":31,"key":"FairyPotion"},{"floor":32,"key":"Ancient Potion"},{"floor":36,"key":"Explosive Potion"}],"is_trial":false,"path_per_floor":["R","M","$","M","?","$","T","R","?","?","M","M","M","M","M","B",null,"R","M","M","M","?","R","T","R","$","M","R","?","E","M","M","B",null,"R","M","M","?","M","R","T","M","?","$","R","M","M","M","M","B",null],"character_chosen":"THE_SPIRIT","items_purchased":["PreservedInsect","Letter Opener"],"campfire_rested":4,"item_purchase_floors":[44,44],"current_hp_per_floor":[70,63,63,62,62,47,47,68,68,47,47,42,32,31,29,21,70,70,67,57,42,42,63,63,63,64,55,55,55,53,45,34,1,70,70,65,65,57,57,80,80,80,80,80,80,80,80,80,80,52],"gold":224,"neow_bonus":"RANDOM_COLORLESS","is_daily":false,"chose_seed":false,"campfire_upgraded":4,"win_rate":0.0,"timestamp":1609377338,"path_taken":["R","M","$","M","?","?","T","R","?","?","M","M","M","?","M","BOSS","R","M","M","M","?","R","T","R","$","M","R","?","E","M","M","BOSS","R","M","M","?","?","R","T","M","?","$","R","M","M","M","M","BOSS"],"items_purchased_type":["Relic","Relic"],"build_version":"2020-12-22","purchased_purges":1,"victory":true,"max_hp_per_floor":[70,70,70,70,70,70,70,70,70,70,70,70,70,70,70,70,70,70,70,70,70,70,70,70,70,70,70,70,70,70,70,70,70,70,70,80,80,80,80,80,80,80,80,80,80,80,80,80,80,80],"card_choices":[{"not_picked":["expansioncontent:FaceSlap","PanicButton"],"picked":"expansioncontent:Chronoboost","floor":0},{"not_picked":["hexamod:AdvancingGuard","hexamod:Haunt"],"picked":"hexamod:SpectersWail","floor":2},{"not_picked":["hexamod:FirstSeal","hexamod:Hexaguard"],"picked":"hexamod:FifthSeal","floor":3},{"not_picked":["hexamod:SecondSeal","hexamod:FourthSeal"],"picked":"hexamod:SixthSeal","floor":4},{"not_picked":["hexamod:RainOfEmbers","hexamod:GhostLash","hexamod:SwordOfDarkness"],"picked":"SKIP","floor":4},{"not_picked":["hexamod:SecondSeal","hexamod:SixthSeal"],"picked":"hexamod:FirstSeal","floor":6},{"not_picked":["hexamod:SwordOfDarkness","hexamod:ShieldOfDarkness","hexamod:Hexaguard"],"picked":"SKIP","floor":6},{"not_picked":["hexamod:HauntingEcho","hexamod:Hexaguard","hexamod:ShieldOfDarkness"],"picked":"SKIP","floor":11},{"not_picked":["hexamod:ThirdSeal","hexamod:FourthSeal"],"picked":"hexamod:SecondSeal","floor":12},{"not_picked":["hexamod:GhostLash","hexamod:BacktrackSmack","hexamod:NightmareStrike"],"picked":"SKIP","floor":12},{"not_picked":["hexamod:FirstSeal","hexamod:FourthSeal"],"picked":"hexamod:ThirdSeal","floor":13},{"not_picked":["hexamod:BurningTouch","hexamod:ShieldOfDarkness","hexamod:NightmareGuise"],"picked":"SKIP","floor":13},{"not_picked":["hexamod:SecondSeal","hexamod:SixthSeal"],"picked":"hexamod:FourthSeal","floor":14},{"not_picked":["hexamod:Firestarter","hexamod:EtherealExpedition","hexamod:GhostOfSpirePresent"],"picked":"SKIP","floor":14},{"not_picked":["hexamod:HeatShield","hexamod:InspiringFlames","hexamod:HeatMetal"],"picked":"SKIP","floor":14},{"not_picked":["hexamod:Firestarter","hexamod:FirstSeal","hexamod:FastForward"],"picked":"SKIP","floor":15},{"not_picked":["hexamod:AdvancingGuard","hexamod:BurningTouch","hexamod:NightmareStrike"],"picked":"SKIP","floor":15},{"not_picked":["hexamod:BurningTouch","hexamod:NightmareGuise","hexamod:AdvancingGuard"],"picked":"SKIP","floor":19},{"not_picked":["hexamod:SecondSeal","hexamod:ThirdSeal","hexamod:FirstSeal"],"picked":"SKIP","floor":20},{"not_picked":["hexamod:NightmareGuise+1","hexamod:InspiringFlames","hexamod:Firestarter"],"picked":"SKIP","floor":20},{"not_picked":["hexamod:SwordOfDarkness","hexamod:SecondSeal","hexamod:AdvancingGuard+1"],"picked":"SKIP","floor":20},{"not_picked":["hexamod:Again","hexamod:BacktrackSmack+1","hexamod:GhostflameBarrier+1"],"picked":"SKIP","floor":21},{"not_picked":["hexamod:AdvancingGuard","hexamod:CatchUp","hexamod:SpectersWail"],"picked":"SKIP","floor":21},{"not_picked":["hexamod:NecessarySacrifice","hexamod:Firestarter+1","hexamod:Hexaguard"],"picked":"SKIP","floor":26},{"not_picked":["hexamod:RainOfEmbers","hexamod:NightmareStrike","hexamod:GhostShield"],"picked":"SKIP","floor":27},{"not_picked":["hexamod:SpectersWail","hexamod:SixthSeal","hexamod:ThermalTransfer"],"picked":"SKIP","floor":27},{"not_picked":["hexamod:GhostShield+1","hexamod:RainOfEmbers","hexamod:SwordOfDarkness"],"picked":"SKIP","floor":30},{"not_picked":["hexamod:NightmareStrike","hexamod:ShieldOfDarkness","hexamod:VolcanoVisage"],"picked":"SKIP","floor":30},{"not_picked":["hexamod:SoulSteal","hexamod:SuperheatedStrike+1","hexamod:Hexaguard"],"picked":"SKIP","floor":31},{"not_picked":["hexamod:HeatCrush","hexamod:ShieldOfDarkness","hexamod:HauntingEcho"],"picked":"SKIP","floor":32},{"not_picked":["hexamod:Firestarter","hexamod:ChargedBarrage","hexamod:FastForward"],"picked":"SKIP","floor":32},{"not_picked":[],"picked":"hexamod:SpectersWail+1","floor":36},{"not_picked":["hexamod:BacktrackSmack"],"picked":"SKIP","floor":36},{"not_picked":["hexamod:HeatCrush+1"],"picked":"SKIP","floor":37},{"not_picked":["hexamod:EtherealExpedition+1"],"picked":"SKIP","floor":39},{"not_picked":[],"picked":"hexamod:StepThrough+1","floor":42},{"not_picked":["hexamod:Firestarter+1"],"picked":"SKIP","floor":44},{"not_picked":["hexamod:ThermalTransfer+1"],"picked":"SKIP","floor":46},{"not_picked":["hexamod:HeatShield"],"picked":"SKIP","floor":47},{"not_picked":["hexamod:Hexaguard"],"picked":"SKIP","floor":48},{"not_picked":["hexamod:RainOfEmbers"],"picked":"SKIP","floor":49}],"player_experience":577937,"relics_obtained":[{"floor":7,"key":"Kunai"},{"floor":24,"key":"HornCleat"},{"floor":30,"key":"Bottled Flame"},{"floor":41,"key":"Akabeko"}],"event_choices":[{"damage_healed":0,"gold_gain":0,"player_choice":"Ignored","damage_taken":0,"max_hp_gain":0,"max_hp_loss":0,"event_name":"Transmorgrifier","floor":5,"gold_loss":0},{"cards_removed":["hexamod:Strike"],"damage_healed":0,"gold_gain":0,"player_choice":"Elegance","damage_taken":0,"max_hp_gain":0,"max_hp_loss":0,"event_name":"Back to Basics","floor":29,"gold_loss":0},{"damage_healed":0,"gold_gain":0,"player_choice":"Punched","damage_taken":8,"max_hp_gain":0,"max_hp_loss":0,"event_name":"Designer","floor":38,"gold_loss":0}],"is_beta":false,"boss_relics":[{"not_picked":["Pandora\u0027s Box","Snecko Eye"],"picked":"Velvet Choker"},{"not_picked":["Cursed Key","Black Star"],"picked":"Busted Crown"}],"items_purged_floors":[3],"is_endless":false,"potions_floor_spawned":[2,11,12,14,15,19,21,32,33,36,37,42,47,49],"ascension_level":1}}