{"host":"ci7ivtocgfxh0ueo","time":1609386632,"event":{"mods":["BaseMod","GifTheSpireLib","Minty Spire (QoL Compilation)","StSLib"],"gold_per_floor":[110,123,123,136,46,46,56,56,83,94,125,125,275,275,275,349,349,349,349,274,274,274,294,294,307,307,327,327,345,345,374,374,374,374],"floor_reached":33,"playtime":694,"items_purged":["Doubt"],"score":490,"play_id":"e270d30a-3d2e-47e1-8e1f-1df96b5e3e6f","local_time":"20201231115032","is_ascension_mode":true,"campfire_choices":[{"data":"Immolate","floor":6,"key":"SMITH"},{"data":"Armaments","floor":8,"key":"SMITH"},{"data":"Spot Weakness","floor":12,"key":"SMITH"},{"data":"Heavy Blade","floor":15,"key":"SMITH"},{"floor":28,"key":"REST"},{"floor":30,"key":"REST"},{"floor":32,"key":"REST"}],"circlet_count":0,"master_deck":["AscendersBane","Strike_R","Strike_R","Strike_R","Defend_R","Defend_R","Defend_R","Defend_R","Bash","Metallicize","Heavy Blade+1","Immolate+1","Spot Weakness+1","Armaments+1","Blood for Blood","Pummel","Juggernaut","CurseOfTheBell","Writhe","Shockwave+1","Pommel Strike","Intimidate"],"relics":["Burning Blood","NeowsBlessing","FaceOfCleric","Bag of Preparation","Anchor","Gremlin Horn","Calling Bell","Vajra","Singing Bowl","WingedGreaves","MealTicket","Ornamental Fan","Nunchaku"],"acts_visited":["Exordium","TheCity"],"potions_floor_usage":[11,16,18,23,29,31,33],"damage_taken":[{"damage":0,"enemies":"Cultist","floor":1,"turns":1},{"damage":0,"enemies":"Jaw Worm","floor":2,"turns":1},{"damage":0,"enemies":"Small Slimes","floor":4,"turns":1},{"damage":0,"enemies":"Blue Slaver","floor":7,"turns":4},{"damage":0,"enemies":"Exordium Wildlife","floor":10,"turns":2},{"damage":21,"enemies":"Lagavulin","floor":11,"turns":7},{"damage":55,"enemies":"Slime Boss","floor":16,"turns":10},{"damage":3,"enemies":"Shell Parasite","floor":18,"turns":2},{"damage":24,"enemies":"Spheric Guardian","floor":23,"turns":4},{"damage":37,"enemies":"Snake Plant","floor":25,"turns":5},{"damage":8,"enemies":"Centurion and Healer","floor":27,"turns":6},{"damage":35,"enemies":"Cultist and Chosen","floor":29,"turns":5},{"damage":5,"enemies":"Slavers","floor":31,"turns":4},{"damage":105,"enemies":"Champ","floor":33,"turns":11}],"seed_played":"490610067553441130","potions_obtained":[{"floor":1,"key":"SmokeBomb"},{"floor":2,"key":"Fire Potion"},{"floor":11,"key":"LiquidBronze"},{"floor":16,"key":"Explosive Potion"},{"floor":27,"key":"SneckoOil"},{"floor":29,"key":"Fire Potion"},{"floor":31,"key":"LiquidBronze"}],"is_trial":false,"path_per_floor":["M","M","?","M","$","R","M","R","T","M","E","R","?","T","R","B",null,"M","?","$","?","?","M","?","M","T","M","R","M","R","E","R","B"],"character_chosen":"IRONCLAD","items_purchased":["Spot Weakness"],"campfire_rested":3,"item_purchase_floors":[5],"current_hp_per_floor":[74,75,75,76,76,76,77,77,77,78,64,64,64,64,64,16,64,68,68,81,81,81,64,64,36,36,37,63,37,64,68,94,0,0],"gold":374,"neow_bonus":"THREE_ENEMY_KILL","is_daily":false,"chose_seed":false,"campfire_upgraded":4,"win_rate":0.0,"timestamp":1609386632,"path_taken":["M","?","?","?","$","R","M","R","T","M","E","R","?","?","R","BOSS","M","?","$","?","?","?","?","M","T","M","R","M","R","E","R","BOSS"],"items_purchased_type":["Card"],"build_version":"2020-12-22","purchased_purges":1,"victory":false,"max_hp_per_floor":[75,75,75,76,76,76,77,77,77,78,79,79,79,79,79,80,80,81,81,81,81,81,82,82,85,85,88,88,91,91,94,94,94,94],"card_choices":[{"not_picked":["Burning Pact","Wild Strike"],"picked":"Metallicize","floor":1},{"not_picked":["Perfected Strike","Cleave"],"picked":"Heavy Blade","floor":2},{"not_picked":["Thunderclap","Headbutt"],"picked":"Immolate","floor":4},{"not_picked":["Thunderclap","Seeing Red"],"picked":"Armaments","floor":7},{"not_picked":["Perfected Strike","Clash"],"picked":"Blood for Blood","floor":10},{"not_picked":["Cleave","Dual Wield"],"picked":"Pummel","floor":11},{"not_picked":["Double Tap","Impervious"],"picked":"Juggernaut","floor":16},{"not_picked":["Anger","Clash"],"picked":"Shockwave+1","floor":23},{"not_picked":["Havoc+1","Feel No Pain+1","Heavy Blade"],"picked":"Singing Bowl","floor":25},{"not_picked":["Armaments","Anger","Ghostly Armor"],"picked":"Singing Bowl","floor":27},{"not_picked":["Anger","Bloodletting","Clash"],"picked":"Singing Bowl","floor":29},{"not_picked":["Dropkick","Thunderclap","Berserk"],"picked":"Singing Bowl","floor":31}],"player_experience":1315381,"relics_obtained":[{"floor":9,"key":"Bag of Preparation"},{"floor":11,"key":"Anchor"},{"floor":14,"key":"Gremlin Horn"},{"floor":17,"key":"Vajra"},{"floor":17,"key":"Singing Bowl"},{"floor":17,"key":"WingedGreaves"},{"floor":26,"key":"Ornamental Fan"},{"floor":31,"key":"Nunchaku"}],"event_choices":[{"damage_healed":0,"gold_gain":0,"player_choice":"Trade","damage_taken":0,"relics_obtained":["FaceOfCleric"],"max_hp_gain":0,"max_hp_loss":0,"event_name":"FaceTrader","floor":3,"gold_loss":0},{"damage_healed":0,"gold_gain":150,"player_choice":"AGREE","damage_taken":0,"max_hp_gain":0,"max_hp_loss":0,"event_name":"Liars Game","floor":13,"gold_loss":0,"cards_obtained":["Doubt"]},{"damage_healed":0,"gold_gain":0,"player_choice":"Opened","damage_taken":0,"relics_obtained":["MealTicket"],"max_hp_gain":0,"max_hp_loss":0,"event_name":"The Mausoleum","floor":19,"gold_loss":0,"cards_obtained":["Writhe"]},{"damage_healed":0,"gold_gain":0,"player_choice":"Ignored","damage_taken":0,"max_hp_gain":0,"max_hp_loss":0,"event_name":"Ghosts","floor":21,"gold_loss":0},{"damage_healed":0,"gold_gain":0,"player_choice":"Ignored","damage_taken":0,"max_hp_gain":0,"max_hp_loss":0,"event_name":"Cursed Tome","floor":22,"gold_loss":0},{"damage_healed":0,"gold_gain":0,"cards_transformed":["Strike_R","Strike_R"],"player_choice":"Became Test Subject","damage_taken":0,"max_hp_gain":0,"max_hp_loss":0,"event_name":"Drug Dealer","floor":24,"gold_loss":0,"cards_obtained":["Pommel Strike","Intimidate"]}],"is_beta":false,"boss_relics":[{"not_picked":["Busted Crown","Velvet Choker"],"picked":"Calling Bell"}],"items_purged_floors":[20],"is_endless":false,"potions_floor_spawned":[1,2,7,11,16,18,27,29,31],"killed_by":"Champ","ascension_level":17}}