{"host":"j45ucdvl5ntpx4kf","time":1609382128,"event":{"mods":["AchievementEnabler","BaseMod","Bestiary","Colored Map","Colored Powertips","Minty Spire (QoL Compilation)","StSLib"],"gold_per_floor":[115,190,39,39,39,72,72,92,92,110,135,135,152,24,24,126,126,145,135,135,152,29,29,59,59,59,59,78,113,313,313,313],"floor_reached":31,"playtime":996,"items_purged":["Strike_R"],"score":323,"play_id":"18d62038-759f-4900-99d4-06210bf37ba7","local_time":"20201230213528","is_ascension_mode":true,"campfire_choices":[{"floor":7.0,"key":"REST"},{"floor":15.0,"key":"REST"},{"floor":23,"key":"REST"},{"floor":25,"key":"REST"},{"data":"Clothesline","floor":27,"key":"SMITH"}],"circlet_count":0,"master_deck":["Strike_R","Strike_R","Defend_R","Defend_R","Defend_R","Defend_R","Bash","Combust","Spot Weakness","Clothesline+1","Disarm","Cleave","Brutality","Whirlwind"],"relics":["Busted Crown","Oddly Smooth Stone","Nunchaku","Charon\u0027s Ashes","Boot","Matryoshka","Orichalcum","Centennial Puzzle","Shuriken"],"acts_visited":["Exordium","TheCity"],"potions_floor_usage":[21,24,29,31],"damage_taken":[{"damage":5.0,"enemies":"2 Louse","floor":1.0,"turns":2.0},{"damage":36.0,"enemies":"Lagavulin","floor":6.0,"turns":6.0},{"damage":6.0,"enemies":"Jaw Worm","floor":8.0,"turns":3.0},{"damage":0.0,"enemies":"Small Slimes","floor":10.0,"turns":3.0},{"damage":6.0,"enemies":"3 Sentries","floor":11.0,"turns":3.0},{"damage":16.0,"enemies":"Exordium Thugs","floor":13.0,"turns":4.0},{"damage":21.0,"enemies":"Slime Boss","floor":16.0,"turns":7.0},{"damage":23,"enemies":"3 Byrds","floor":18,"turns":4},{"damage":28,"enemies":"2 Thieves","floor":19,"turns":4},{"damage":21,"enemies":"Snake Plant","floor":21,"turns":3},{"damage":16,"enemies":"Slavers","floor":24,"turns":3},{"damage":3,"enemies":"Snecko","floor":28,"turns":5},{"damage":31,"enemies":"Book of Stabbing","floor":29,"turns":6},{"damage":15,"enemies":"Sentry and Sphere","floor":31,"turns":3}],"seed_played":"4446109697480443606","potions_obtained":[{"floor":1.0,"key":"Weak Potion"},{"floor":6.0,"key":"Swift Potion"},{"floor":8.0,"key":"ColorlessPotion"},{"floor":11.0,"key":"Dexterity Potion"},{"floor":19,"key":"FearPotion"},{"floor":24,"key":"ElixirPotion"},{"floor":29,"key":"Dexterity Potion"}],"is_trial":false,"path_per_floor":["M","?","$","?","$","E","R","M","T","M","E","?","M","$","R","B",null,"M","M","$","M","$","R","E","R","T","R","M","E","?","M"],"character_chosen":"IRONCLAD","items_purchased":["Oddly Smooth Stone","Disarm","Cleave","ColorlessPotion"],"campfire_rested":4,"item_purchase_floors":[3,14,14,22],"current_hp_per_floor":[75,64,64,64,64,28,52,46,46,46,40,40,24,24,48,27,80,57,29,29,8,8,32,16,40,40,40,37,6,6,0,0],"gold":313,"neow_bonus":"BOSS_RELIC","is_daily":false,"chose_seed":false,"campfire_upgraded":1,"win_rate":0.0,"timestamp":1609382128,"path_taken":["M","?","$","?","?","E","R","M","T","M","E","?","?","$","R","BOSS","M","?","?","M","$","R","E","R","T","R","M","E","?","M"],"items_purchased_type":["Relic","Card","Card","Potion"],"build_version":"2020-12-22","purchased_purges":1,"victory":false,"max_hp_per_floor":[80,80,80,80,80,80,80,80,80,80,80,80,80,80,80,80,80,80,80,80,80,80,80,80,80,80,80,80,80,80,80,80],"card_choices":[{"not_picked":[],"picked":"Combust","floor":1.0},{"not_picked":[],"picked":"Spot Weakness","floor":6.0},{"not_picked":["Headbutt"],"picked":"SKIP","floor":8.0},{"not_picked":[],"picked":"Clothesline","floor":10.0},{"not_picked":["Clothesline"],"picked":"SKIP","floor":11.0},{"not_picked":["Sentinel"],"picked":"SKIP","floor":13.0},{"not_picked":[],"picked":"Brutality","floor":16.0},{"not_picked":["Heavy Blade"],"picked":"SKIP","floor":18},{"not_picked":["Clash"],"picked":"SKIP","floor":19},{"not_picked":["Perfected Strike"],"picked":"SKIP","floor":21},{"not_picked":["Wild Strike"],"picked":"SKIP","floor":24},{"not_picked":[],"picked":"Whirlwind","floor":28},{"not_picked":["Whirlwind"],"picked":"SKIP","floor":29}],"player_experience":109597,"relics_obtained":[{"floor":6.0,"key":"Nunchaku"},{"floor":9.0,"key":"Charon\u0027s Ashes"},{"floor":11.0,"key":"Boot"},{"floor":24,"key":"Matryoshka"},{"floor":26,"key":"Orichalcum"},{"floor":26,"key":"Centennial Puzzle"},{"floor":29,"key":"Shuriken"}],"event_choices":[{"damage_healed":0.0,"max_hp_gain":0.0,"max_hp_loss":0.0,"gold_gain":75.0,"event_name":"World of Goop","player_choice":"Gather Gold","floor":2.0,"gold_loss":0.0,"damage_taken":11.0},{"cards_removed":["Strike_R"],"damage_healed":0.0,"max_hp_gain":0.0,"max_hp_loss":0.0,"gold_gain":0.0,"event_name":"Living Wall","player_choice":"Forget","floor":4.0,"gold_loss":0.0,"damage_taken":0.0},{"cards_removed":["Strike_R"],"damage_healed":0.0,"max_hp_gain":0.0,"max_hp_loss":0.0,"gold_gain":0.0,"event_name":"Purifier","player_choice":"Purged","floor":12.0,"gold_loss":0.0,"damage_taken":0.0},{"damage_healed":0,"gold_gain":200,"player_choice":"Gold","damage_taken":0,"max_hp_gain":0,"max_hp_loss":0,"event_name":"Wheel of Change","floor":30,"gold_loss":0}],"is_beta":false,"boss_relics":[{"not_picked":["Calling Bell","Mark of Pain","Pandora\u0027s Box"]}],"items_purged_floors":[22],"is_endless":false,"potions_floor_spawned":[1,6,8,11,19,24,29],"killed_by":"Sentry and Sphere","ascension_level":3}}