{"host":"pft5kheyb7v7gger","time":1609415561,"event":{"mods":["Act Like it!","BaseMod","LagranYue(¿≠∏Ò¿ °§‘¬)","Lobotomy","LobotomyExtend","Minty Spire (QoL Compilation)","Reimu£®≤©¿ˆ¡È√Œ£©","Replay The Spire","StSLib","The Gatherer","TheHeartMod","°æ“≈ŒÔø®≈∆°øREMEMod"],"gold_per_floor":[110,285,299,36,36,67,67,98,122,150,170,185,185,185,185,285,285,303,21,21,37,37,37,64,81,81,81,23,46,59,70,70,175,175,185,196,212,226,226,226,239,239,239,239,287,287,16,41,41,41],"floor_reached":51,"playtime":2542,"items_purged":["theHeart:Virus","Doubt"],"score":847,"play_id":"cf6e91b9-3dbe-40ff-895e-de2ac67c49f1","local_time":"20201231195241","is_ascension_mode":true,"campfire_choices":[{"data":"REME_Flogging","floor":7.0,"key":"SMITH"},{"floor":15.0,"key":"REST"},{"floor":23.0,"key":"REST"},{"floor":27.0,"key":"REST"},{"floor":32.0,"key":"REST"},{"floor":40.0,"key":"REST"},{"data":"LagranYue:PowerDreamCard","floor":42.0,"key":"SMITH"},{"data":"theHeart:QuickBite","floor":44.0,"key":"SMITH"},{"floor":49.0,"key":"RECALL"}],"circlet_count":0,"master_deck":["theHeart:BloodDrop","theHeart:Scab","theHeart:HyperCoagulation+1","LagranYue:PowerDreamCard+1","theHeart:MindScape","REME_Flogging+1","theHeart:CapillaryExchange","theHeart:Coagulation","theHeart:Cleanse","theHeart:PainfulStabs","theHeart:Embolism","theHeart:Toil","theHeart:PulmonaryCirculation+1","theHeart:HyperTrophy+1","theHeart:Invincibility","theHeart:Betablocker+1","theHeart:Invincibility+1","theHeart:Cleanse+1","theHeart:Devour+1","theHeart:ArterialFlow","Pot Of Greed","Pot Of Greed","Pot Of Greed","theHeart:CorruptedForm+1","theHeart:Tachycardia","theHeart:Hemorrhage+1","theHeart:Hemorrhage+1","theHeart:Cholesterol+1","theHeart:Cleanse+1","theHeart:HyperTrophy+1","Pot Of Greed","theHeart:SpireGrowth","theHeart:QuickBite+1","theHeart:AntiCoagulant","theHeart:HighDecibelBeat","theHeart:PrecisionCut+1","theHeart:Hemorrhage","theHeart:Terrify+1","theHeart:ScrapOoze","theHeart:QuantumEntanglement+1","theHeart:CapillaryExchange+1","theHeart:AncientEvil+1","theHeart:TentacleWhip+1","Pot Of Greed","theHeart:Debilitate+1","theHeart:HeartAttack+1","Madness","Madness","theHeart:Wrath+1","ReplayTheSpireMod:Uncanny Aura+1","theHeart:Debilitate"],"relics":["theHeart:BeatOfDeath","REME_ComplimentaryCards","LagranYue:RandomDrawCardRelic","LetterFromLob","Regal Pillow","Nunchaku","Art of War","Golden Egg","Painkiller Herb","Replay:Kaleidoscope","Grinning Jar","RedMistMask","Bottled Flame","Replay:Wax Seal","Pandora\u0027s Box","Replay:Bottled Snecko","Replay:PocketPolymizer","PureWhite:ReiMu"],"acts_visited":["Exordium","TheCity","TheBeyond"],"potions_floor_usage":[],"damage_taken":[{"damage":1.0,"enemies":"Cultist","floor":1.0,"turns":4.0},{"damage":8.0,"enemies":"Jaw Worm","floor":3.0,"turns":4.0},{"damage":9.0,"enemies":"Gremlin Nob","floor":6.0,"turns":4.0},{"damage":21.0,"enemies":"3 Sentries","floor":8.0,"turns":5.0},{"damage":14.0,"enemies":"Lagavulin","floor":10.0,"turns":5.0},{"damage":0.0,"enemies":"2 Louse","floor":11.0,"turns":2.0},{"damage":0.0,"enemies":"Large Slime","floor":12.0,"turns":2.0},{"damage":20.0,"enemies":"The Guardian","floor":16.0,"turns":7.0},{"damage":0.0,"enemies":"Spheric Guardian","floor":18.0,"turns":3.0},{"damage":10.0,"enemies":"3 Byrds","floor":21.0,"turns":3.0},{"damage":96.0,"enemies":"Replay:Snechameleon","floor":24.0,"turns":7.0},{"damage":29.0,"enemies":"Shelled Parasite and Fungi","floor":25.0,"turns":4.0},{"damage":89.0,"enemies":"Centurion and Healer","floor":30.0,"turns":5.0},{"damage":15.0,"enemies":"Snecko","floor":31.0,"turns":3.0},{"damage":100.0,"enemies":"Automaton","floor":33.0,"turns":10.0},{"damage":23.0,"enemies":"3 Darklings","floor":35.0,"turns":4.0},{"damage":72.0,"enemies":"3 Shapes","floor":36.0,"turns":3.0},{"damage":53.0,"enemies":"Transient","floor":37.0,"turns":5.0},{"damage":18.0,"enemies":"Jaw Worm Horde","floor":38.0,"turns":4.0},{"damage":42.0,"enemies":"4 Shapes","floor":41.0,"turns":5.0},{"damage":36.0,"enemies":"2 Orb Walkers","floor":45.0,"turns":6.0},{"damage":59.0,"enemies":"Giant Head","floor":48.0,"turns":8.0},{"damage":292,"enemies":"Donu and Deca","floor":50,"turns":6}],"seed_played":"-2443473235849846957","potions_obtained":[{"floor":8.0,"key":"FairyPotion"},{"floor":10.0,"key":"Block Potion"},{"floor":11.0,"key":"EssenceOfSteel"},{"floor":12.0,"key":"Fire Potion"},{"floor":24.0,"key":"Explosive Potion"},{"floor":31.0,"key":"ZuzhouPotion:ReiMu"}],"is_trial":false,"path_per_floor":["M","?","M","$","?","E","R","E","T","E","M","M","?","?","R","B",null,"?","T","?","?","?","T","E","?","T","T","T","T","?","?","T","B",null,"?","?","?","?","?","T","?","T","T","T","?","?","T","E","T","B",null],"character_chosen":"THE_HEART","items_purchased":["REME_Flogging","theHeart:CapillaryExchange","theHeart:Embolism","theHeart:Betablocker","theHeart:Invincibility","theHeart:Cleanse","theHeart:Devour","theHeart:Hemorrhage","theHeart:Wrath","ReplayTheSpireMod:Uncanny Aura"],"campfire_rested":5,"item_purchase_floors":[4,4,4,19,19,19,19,28,47,47],"current_hp_per_floor":[74,74,66,66,66,57,57,36,36,22,22,22,22,22,59,39,75,75,75,25,15,15,52,32,3,3,40,40,40,32,17,54,34,75,52,52,49,31,31,68,58,58,58,58,22,13,13,7,7,7],"gold":41,"neow_bonus":"ONE_RANDOM_RARE_CARD","is_daily":false,"chose_seed":false,"campfire_upgraded":3,"win_rate":0.0,"timestamp":1609415561,"path_taken":["M","?","M","$","?","E","R","E","T","E","?","M","?","?","R","BOSS","?","T","?","?","?","T","E","?","T","T","T","?","?","?","T","BOSS","?","?","?","?","?","T","?","T","T","T","?","?","T","E","T","BOSS"],"items_purchased_type":["Card","Card","Card","Card","Card","Card","Card","Card","Card","Card"],"build_version":"2020-12-22","purchased_purges":2,"victory":true,"max_hp_per_floor":[75,75,75,75,75,75,75,75,75,75,75,75,75,75,75,75,75,75,75,75,75,75,75,75,75,75,75,75,75,75,75,75,75,75,75,75,75,75,75,75,75,75,75,75,75,75,75,74,74,74],"card_choices":[{"not_picked":["theHeart:CapillaryExchange","theHeart:TentacleWhip"],"picked":"theHeart:Virus","floor":1.0},{"not_picked":["theHeart:HeartyVessels","theHeart:TranquilRhythm"],"picked":"theHeart:MindScape","floor":3.0},{"not_picked":["theHeart:GrayPlatelets","theHeart:ChaoticEnergy"],"picked":"theHeart:Coagulation","floor":6.0},{"not_picked":["theHeart:Wrath","theHeart:HeartyVessels"],"picked":"theHeart:Cleanse","floor":8.0},{"not_picked":["theHeart:LeechSeed","theHeart:TranquilRhythm"],"picked":"theHeart:PainfulStabs","floor":10.0},{"not_picked":["theHeart:HeartyVessels","theHeart:BloodFlow"],"picked":"theHeart:Embolism","floor":11.0},{"not_picked":["theHeart:Arrhythmia","theHeart:Constrict"],"picked":"theHeart:Toil","floor":12.0},{"not_picked":["theHeart:HeartAttack","theHeart:Echo"],"picked":"theHeart:HyperTrophy","floor":16.0},{"not_picked":["theHeart:PainfulStabs","theHeart:TentacleWhip"],"picked":"theHeart:Invincibility","floor":18.0},{"not_picked":["theHeart:Devour+1","theHeart:Embolism"],"picked":"theHeart:ArterialFlow","floor":21.0},{"not_picked":["theHeart:TentacleWhip+1","theHeart:PainfulStabs"],"picked":"theHeart:CorruptedForm","floor":24.0},{"not_picked":["theHeart:Arrhythmia+1","theHeart:TranquilRhythm"],"picked":"theHeart:Tachycardia","floor":25.0},{"not_picked":["theHeart:Cleanse","theHeart:SpireGrowth"],"picked":"theHeart:Cholesterol+1","floor":30.0},{"not_picked":["theHeart:Devour","theHeart:Tachycardia"],"picked":"theHeart:Cleanse+1","floor":31.0},{"not_picked":["theHeart:TotalHeartFailure","theHeart:BloodShots"],"picked":"theHeart:HyperTrophy","floor":33.0},{"not_picked":["theHeart:TentacleWhip","theHeart:GrayPlatelets"],"picked":"theHeart:QuantumEntanglement+1","floor":35.0},{"not_picked":["theHeart:SpireGrowth+1","theHeart:TranquilRhythm"],"picked":"theHeart:CapillaryExchange+1","floor":36.0},{"not_picked":["theHeart:Arrhythmia+1","theHeart:Tachycardia+1"],"picked":"theHeart:AncientEvil+1","floor":37.0},{"not_picked":["theHeart:Embolism+1","theHeart:SpireGrowth+1"],"picked":"theHeart:TentacleWhip+1","floor":38.0},{"not_picked":["theHeart:BloodSpray+1","theHeart:OxygenRichBlood+1"],"picked":"theHeart:Debilitate+1","floor":41.0},{"not_picked":["theHeart:GrayPlatelets+1","theHeart:TentacleWhip"],"picked":"theHeart:HeartAttack","floor":45.0},{"not_picked":["theHeart:Arrhythmia","theHeart:Tachycardia+1"],"picked":"theHeart:Debilitate","floor":48.0}],"player_experience":264291,"relics_obtained":[{"floor":1.0,"key":"LetterFromLob"},{"floor":6.0,"key":"Regal Pillow"},{"floor":8.0,"key":"Nunchaku"},{"floor":9.0,"key":"Art of War"},{"floor":10.0,"key":"Golden Egg"},{"floor":24.0,"key":"Grinning Jar"},{"floor":24.0,"key":"RedMistMask"},{"floor":26.0,"key":"Bottled Flame"},{"floor":29.0,"key":"Replay:Wax Seal"},{"floor":43.0,"key":"Replay:Bottled Snecko"},{"floor":45.0,"key":"Replay:PocketPolymizer"},{"floor":48.0,"key":"PureWhite:ReiMu"}],"event_choices":[{"damage_healed":0.0,"max_hp_gain":0.0,"max_hp_loss":0.0,"gold_gain":175.0,"event_name":"Liars Game","player_choice":"AGREE","floor":2.0,"gold_loss":0.0,"damage_taken":0.0,"cards_obtained":["Doubt"]},{"damage_healed":0.0,"max_hp_gain":0.0,"max_hp_loss":0.0,"gold_gain":0.0,"event_name":"Upgrade Shrine","player_choice":"Upgraded","floor":5.0,"gold_loss":0.0,"damage_taken":0.0,"cards_upgraded":["theHeart:HyperCoagulation"]},{"cards_removed":["theHeart:Embolism"],"damage_healed":0.0,"max_hp_gain":0.0,"max_hp_loss":0.0,"gold_gain":0.0,"event_name":"WeMeetAgain","player_choice":"Gave Card","floor":22.0,"gold_loss":0.0,"damage_taken":0.0,"relics_obtained":["Replay:Kaleidoscope"]},{"damage_healed":0.0,"max_hp_gain":0.0,"max_hp_loss":0.0,"gold_gain":0.0,"event_name":"The Moai Head","player_choice":"Ignored","floor":39.0,"gold_loss":0.0,"damage_taken":0.0},{"damage_healed":0.0,"max_hp_gain":0.0,"max_hp_loss":0.0,"gold_gain":0.0,"event_name":"Mysterious Sphere","player_choice":"Fight","floor":45.0,"gold_loss":0.0,"damage_taken":0.0},{"damage_healed":0.0,"max_hp_gain":0.0,"max_hp_loss":0.0,"gold_gain":0.0,"event_name":"Winding Halls","player_choice":"Embrace Madness","floor":46.0,"gold_loss":0.0,"damage_taken":9.0,"cards_obtained":["Madness","Madness"]}],"is_beta":false,"boss_relics":[{"not_picked":["Runic Pyramid","REME_DuelDisc"],"picked":"Painkiller Herb"},{"not_picked":["Cursed Key","Velvet Choker"],"picked":"Pandora\u0027s Box"}],"items_purged_floors":[19,47],"is_endless":false,"potions_floor_spawned":[8,10,11,12,24,31,33,37,48],"ascension_level":1}}