{"host":"nx6ib2o6hmd449ys","time":1609407315,"event":{"mods":["2.2 Compatiblity","Abigail Mod","Act Like it!","Arknights The Spire","Aspiration","BaseMod","Better Silent Start","Better Third Choice","BetterRewards","CCEM","CapriCore","Chen","Conjunction","Conspire","Downfall","Ekko, The boy who shattered time","Eldritch Tears","Elementarium","Energized Spire","Fireblade Mod","Friendly Minions","Gensokyo","GifTheSpireLib","GungeonMod","Halation","Hallownest","HornydragonMod","Hubris","Infinite Spire","Jedi Mod","Koishi","KomeijiMod","LagranYue(???·?)","Marisa????????","Menagerie","Mimic Mod","Minty Spire (QoL Compilation)","MostiFishMod","Quick Restart","Rare Cards Sparkle","RatMod","Reimu??????","Remilia??????","Replay The Spire","RumiaBox-????????","Shop Mod","Small Relic Pack","Spicy Shops","Spikes Relics","StSLib","Stuff the Spire","TestMod","The Administrix","The Bladedancer","The Blue Laboratory","The Caster","The Clintock","The Dragon Tamer","The Exalted","The Factory","The Jungle","The Marked","The Runesmith","TheWitcher","Thrall Mod","Wandering Minibosses","Yakumo Yukari mod","Yuri Mod","Yuyuko","[IsaacMod]????","noobMod","sanctuary","vexMod","??????REMEMod"],"gold_per_floor":[14,113,124,109,126,146,173,98,98,198,229,249,279,296,313,410,410,335,346,366,366,377,377,410,423,443,468,486,486,503,530,546,646,596,521,535,551,551,565,591,626,12,31,44,56,83,101,118,131,131,131,165,50,50,50],"floor_reached":56,"playtime":5104,"items_purged":["Replay:Hysterical Blindness"],"score":1418,"play_id":"4cacb0a3-bf97-4e26-a6df-0f46a876cb92","local_time":"20201231103515","is_ascension_mode":false,"campfire_choices":[{"floor":1.0,"key":"RECALL"},{"data":"Apotheosis","floor":8.0,"key":"SMITH"},{"data":"yuri:MagneticKnives","floor":8.0,"key":"SMITH"},{"data":"Slimebound:LivingWall","floor":18.0,"key":"SMITH"},{"data":"Metamorphosis","floor":18.0,"key":"SMITH"},{"data":"sneckomod:SerpentIdol","floor":35.0,"key":"SMITH"},{"data":"DoctorFetus","floor":35.0,"key":"SMITH"},{"data":"Slimebound:ViciousTackle","floor":54.0,"key":"SMITH"},{"data":"expansioncontent:YouAreMine","floor":54.0,"key":"SMITH"}],"circlet_count":0,"master_deck":["Slimebound:Strike_Slimebound","Slimebound:Strike_Slimebound","Slimebound:Strike_Slimebound","Slimebound:Tackle","Slimebound:Defend_Slimebound","Slimebound:Defend_Slimebound","Slimebound:Defend_Slimebound","Slimebound:Defend_Slimebound","Slimebound:Split","DoctorFetus+1","yuri:MagneticKnives+1","Slimebound:SamplingLick","Apotheosis+1","expansioncontent:YouAreMine+1","Slimebound:AcidTongue","Slimebound:LevelUp","Slimebound:PressTheAttack","Slimebound:HauntingLick","Slimebound:FirmFortitude","Slimebound:Nibble","Slimebound:RollThrough","Slimebound:GoopSpray","Slimebound:SplitBruiser","Slimebound:LivingWall+1","Slimebound:DisruptingSlam","Slimebound:RallyTheTroops","Slimebound:SplitMire","Slimebound:SplitLeeching","Slimebound:CheckThePlaybook","sneckomod:SerpentIdol+1","Slimebound:SplitMire+1","Slimebound:FinishingTackle","Slimebound:ViciousTackle","Slimebound:LevelUp+1","Slimebound:Strike_Slimebound","ReplayUltimateDefense+1","Slimebound:PressTheAttack+1","jedi:cleanse","Slimebound:SplitAcid+1","Slimebound:MegaLick+1","Slimebound:ViciousTackle+1","Slimebound:RejuvenatingLick+1"],"relics":["Slimebound:AbsorbEndCombat","HushsDoor","DaveBox","testmod-TestBox","ice","REME_ComplimentaryCards","SteamSale","DianDianMeat","testmod-ChristmasGift","LagranYue:RandomDrawCardRelic","Replay:Arrowhead","CCEMRelics:BiPhaseBiplane","testmod-Nyarlathotep","Replay:Ringing Soul","ReplayTheSpireMod:CursedCoin","StuffTheSpire:Experiment12","ReplayTheSpireMod:ShopPack","jedi:crownofsimplicity","CCEMRelics:PorcelainBowl","downfall:HeartBlessingRed","Gensokyo:Justice","ats:Originium","Frozen Egg 2","testmod-RealStoneCalender","FeatherPendant","downfall:HeartBlessingGreen","wanderingMiniBosses:AbyssPearl","SharpPlug","jedi:kaleidoscope","energizedSpire:HugeHouse","downfall:HeartBlessingBlue","Replay:Bottled Steam","StuffTheSpire:Expresso","testmod-BouquetWithThorns","StuffTheSpire:Saxophone","SynthV","Ancient Tea Set","HoshigumaDish","PreservedInsect","REME_CardOfGreed","Ying"],"acts_visited":["Gensokyo:Gensokyo","TheCity","TheBeyond","TheEnding"],"potions_floor_usage":[55,55,55],"damage_taken":[{"damage":0.0,"enemies":"Gensokyo:Python","floor":2.0,"turns":3.0},{"damage":6.0,"enemies":"Gensokyo:3_Fairies","floor":3.0,"turns":5.0},{"damage":26.0,"enemies":"downfall:FleeingMerchant","floor":4.0,"turns":6.0},{"damage":3.0,"enemies":"Gensokyo:Gryphon","floor":5.0,"turns":3.0},{"damage":14.0,"enemies":"Gensokyo:Kitsune","floor":6.0,"turns":3.0},{"damage":27.0,"enemies":"Gensokyo:Aya","floor":11.0,"turns":3.0},{"damage":9.0,"enemies":"Gensokyo:VengefulSpirit","floor":12.0,"turns":2.0},{"damage":12.0,"enemies":"Gensokyo:Cirno","floor":13.0,"turns":5.0},{"damage":14.0,"enemies":"Gensokyo:CorruptedTreant","floor":14.0,"turns":2.0},{"damage":14.0,"enemies":"Gensokyo:3_Kodama","floor":15.0,"turns":2.0},{"damage":41.0,"enemies":"downfall:Ironclad","floor":16.0,"turns":6.0},{"damage":40.0,"enemies":"Spheric Guardian","floor":19.0,"turns":1.0},{"damage":26.0,"enemies":"Chosen and Byrds","floor":20.0,"turns":4.0},{"damage":5.0,"enemies":"Centurion and Healer","floor":22.0,"turns":2.0},{"damage":0.0,"enemies":"Snake Plant","floor":24.0,"turns":2.0},{"damage":6.0,"enemies":"Snake Plant","floor":25.0,"turns":1.0},{"damage":0.0,"enemies":"Sentry and Sphere","floor":26.0,"turns":2.0},{"damage":16.0,"enemies":"conspire:Head Lice","floor":27.0,"turns":2.0},{"damage":12.0,"enemies":"3 Cultists","floor":28.0,"turns":2.0},{"damage":8.0,"enemies":"Centurion and Healer","floor":30.0,"turns":2.0},{"damage":47.0,"enemies":"Nightmare","floor":31.0,"turns":4.0},{"damage":5.0,"enemies":"Chosen and Byrds","floor":32.0,"turns":3.0},{"damage":5.0,"enemies":"downfall:Watcher","floor":33.0,"turns":3.0},{"damage":6.0,"enemies":"3 Shapes","floor":36.0,"turns":1.0},{"damage":25.0,"enemies":"Orb Walker","floor":37.0,"turns":1.0},{"damage":24.0,"enemies":"Spire Growth","floor":39.0,"turns":2.0},{"damage":21.0,"enemies":"Giant Head","floor":40.0,"turns":1.0},{"damage":2.0,"enemies":"4 Shapes","floor":41.0,"turns":4.0},{"damage":18.0,"enemies":"downfall:FleeingMerchant","floor":42.0,"turns":3.0},{"damage":20.0,"enemies":"4 Shapes","floor":43.0,"turns":1.0},{"damage":0.0,"enemies":"3 Darklings","floor":44.0,"turns":2.0},{"damage":8.0,"enemies":"Maw","floor":45.0,"turns":3.0},{"damage":17.0,"enemies":"conspire:MimicChest","floor":46.0,"turns":2.0},{"damage":16.0,"enemies":"Sphere and 2 Shapes","floor":47.0,"turns":3.0},{"damage":15.0,"enemies":"Jaw Worm Horde","floor":48.0,"turns":2.0},{"damage":18.0,"enemies":"4 Shapes","floor":49.0,"turns":3.0},{"damage":31.0,"enemies":"downfall:Silent","floor":50.0,"turns":3.0},{"damage":8.0,"enemies":"downfall:CharBossMerchant","floor":52.0,"turns":4.0},{"damage":383,"enemies":"Delirium","floor":55,"turns":8}],"seed_played":"-8094814720163409803","potions_obtained":[{"floor":6.0,"key":"SkillPotion"},{"floor":13.0,"key":"blueLaboratory:BottledHope"},{"floor":22.0,"key":"AttackPotion"},{"floor":39.0,"key":"DemoMod:LeadSkinPotion"}],"is_trial":false,"path_per_floor":["R","M","M","$","M","M","T","R","?","?","E","M","E","M","M","B",null,"R","M","M","?","M","?","MIM","M","M","E","M","?","M","NM","M","B",null,"R","M","M","?","M","E","MIM","$","M","M","M","?","M","M","M","B",null,"E","$","R","B",null],"character_chosen":"SLIMEBOUND","items_purchased":["Replay:Arrowhead","CCEMRelics:BiPhaseBiplane","Replay:Ringing Soul","ReplayTheSpireMod:CursedCoin","StuffTheSpire:Experiment12","ReplayTheSpireMod:ShopPack","jedi:crownofsimplicity","Slimebound:SamplingLick","testmod-BouquetWithThorns","StuffTheSpire:Saxophone","SynthV","Ancient Tea Set","jedi:cleanse","REME_CardOfGreed","Ying"],"campfire_rested":0,"item_purchase_floors":[0,0,0,0,0,0,0,0,42,42,42,42,42,53,53],"current_hp_per_floor":[57,88,105,117,130,144,144,144,144,159,172,192,210,229,249,265,270,270,290,315,229,256,281,333,341,405,445,445,445,474,474,474,474,527,537,537,563,569,569,562,568,602,596,602,636,636,636,671,700,692,707,744,744,744,591],"gold":50,"neow_bonus":"","is_daily":false,"chose_seed":false,"campfire_upgraded":8,"win_rate":0.0,"timestamp":1609407315,"path_taken":["R","M","M","$","M","M","T","R","?","?","E","M","E","M","M","BOSS","R","M","?","?","M","?","MIM","M","M","E","M","?","M","NM","M","BOSS","R","M","M","?","M","E","MIM","$","M","M","M","?","?","M","M","BOSS","E","$","R","BOSS"],"items_purchased_type":["Relic","Relic","Relic","Relic","Relic","Relic","Relic","Card","Relic","Relic","Relic","Relic","Card","Relic","Relic"],"build_version":"2020-12-13","purchased_purges":1,"victory":true,"max_hp_per_floor":[84,94,105,117,130,144,144,144,144,159,175,192,210,229,249,270,270,270,292,315,339,339,364,390,390,417,445,445,445,474,474,474,474,527,537,537,569,569,569,569,569,602,602,602,636,636,636,671,707,707,707,744,744,744,744],"card_choices":[{"not_picked":[],"picked":"DoctorFetus","floor":0.0},{"not_picked":["testmod-BloodBlade","MostiFishMod:MusicBox"],"picked":"Apotheosis","floor":0.0},{"not_picked":["MostiFishMod:ButterFly","HandOfGreed"],"picked":"expansioncontent:YouAreMine","floor":0.0},{"not_picked":["GradualImprovement","testmod-AutoReboundSystem"],"picked":"Metamorphosis","floor":0.0},{"not_picked":["Slimebound:Dissolve","Slimebound:GrowthPunch"],"picked":"Slimebound:AcidTongue","floor":2.0},{"not_picked":["Slimebound:PressTheAttack","Slimebound:RollThrough"],"picked":"Slimebound:LevelUp","floor":3.0},{"not_picked":["Slimebound:ItLooksTasty","Slimebound:SlimeSlap"],"picked":"Slimebound:PressTheAttack","floor":4.0},{"not_picked":["Slimebound:GoopTackle","Slimebound:FormOfPuddle"],"picked":"Slimebound:HauntingLick","floor":5.0},{"not_picked":["Slimebound:FinishingTackle","Slimebound:Chomp"],"picked":"Slimebound:FirmFortitude","floor":6.0},{"not_picked":["Slimebound:SplitBruiser","Slimebound:LeechingTouch"],"picked":"Slimebound:Nibble","floor":10.0},{"not_picked":["Slimebound:LeechingTouch","Slimebound:GoopTackle"],"picked":"Slimebound:RollThrough","floor":11.0},{"not_picked":["Slimebound:Repurpose","Slimebound:Schlurp"],"picked":"Slimebound:GoopSpray","floor":12.0},{"not_picked":["Slimebound:Repurpose","Slimebound:Replication"],"picked":"Slimebound:SplitBruiser","floor":13.0},{"not_picked":["Slimebound:PressTheAttack","Slimebound:LeechEnergy"],"picked":"Slimebound:LivingWall","floor":14.0},{"not_picked":["Slimebound:MegaLick","Slimebound:TongueLash"],"picked":"Slimebound:DisruptingSlam","floor":15.0},{"not_picked":["Slimebound:Overexert+1","Slimebound:SlimeSlap"],"picked":"Slimebound:RallyTheTroops","floor":16.0},{"not_picked":["Slimebound:Schlurp","Slimebound:LeechingTouch"],"picked":"Slimebound:SplitMire","floor":19.0},{"not_picked":["Slimebound:GoopSpray","Slimebound:DisruptingSlam"],"picked":"Slimebound:SplitLeeching","floor":20.0},{"not_picked":["Slimebound:ForwardTackle","Slimebound:FlameTackle","Slimebound:LivingWall+1"],"picked":"SKIP","floor":22.0},{"not_picked":["Slimebound:MinionMaster+1","Slimebound:HauntingLick"],"picked":"Slimebound:SplitMire+1","floor":24.0},{"not_picked":["Slimebound:SplitMire","Slimebound:SlimeBrawl","Slimebound:GrowthPunch+1"],"picked":"SKIP","floor":25.0},{"not_picked":["Slimebound:SlimeTap","Slimebound:FirmFortitude+1"],"picked":"Slimebound:FinishingTackle","floor":26.0},{"not_picked":["Slimebound:PressTheAttack","Slimebound:Equalize"],"picked":"Slimebound:ViciousTackle","floor":27.0},{"not_picked":["Slimebound:FinishingTackle","Slimebound:BestDefense+1","Slimebound:PressTheAttack"],"picked":"SKIP","floor":28.0},{"not_picked":["Slimebound:LivingWall","Slimebound:Nibble+1"],"picked":"Slimebound:LevelUp+1","floor":30.0},{"not_picked":["Slimebound:PressTheAttack","Slimebound:GoopSpray+1","Slimebound:DisruptingSlam"],"picked":"SKIP","floor":31.0},{"not_picked":["Slimebound:AcidTongue+1","Slimebound:SplitLeeching","Slimebound:ForwardTackle"],"picked":"SKIP","floor":32.0},{"not_picked":["Slimebound:PressTheAttack+1","Slimebound:Dissolve","Slimebound:SamplingLick"],"picked":"SKIP","floor":36.0},{"not_picked":["Slimebound:LivingWall","Slimebound:PrepareCrush"],"picked":"Slimebound:PressTheAttack+1","floor":37.0},{"not_picked":["Slimebound:LeechingTouch+1","Slimebound:GrowthPunch","Slimebound:FlameTackle"],"picked":"SKIP","floor":39.0},{"not_picked":["Slimebound:OneTwoCombo","Slimebound:FinishingTackle","Slimebound:AcidTongue+1"],"picked":"SKIP","floor":40.0},{"not_picked":["Slimebound:TongueLash+1","Slimebound:Chomp","Slimebound:SplitBruiser"],"picked":"SKIP","floor":42.0},{"not_picked":["Slimebound:Dissolve+1","Slimebound:GrowthPunch+1","Slimebound:Chomp"],"picked":"SKIP","floor":43.0},{"not_picked":["Slimebound:FinishingTackle","Slimebound:SpikyOuterGoop+1","Slimebound:LeechEnergy+1","Slimebound:RollThrough+1","Slimebound:SamplingLick"],"picked":"SKIP","floor":44.0},{"not_picked":["Slimebound:BestDefense+1","Slimebound:SplitLeeching+1"],"picked":"Slimebound:SplitAcid+1","floor":45.0},{"not_picked":["Slimebound:FinishingTackle","Slimebound:ComboTackle+1","Slimebound:GoopTackle+1"],"picked":"SKIP","floor":47.0},{"not_picked":["Slimebound:SlimeBarrage","Slimebound:FlameTackle"],"picked":"Slimebound:MegaLick+1","floor":48.0},{"not_picked":["Slimebound:LivingWall","Slimebound:Overexert+1"],"picked":"Slimebound:ViciousTackle","floor":49.0},{"not_picked":["Slimebound:SplitBruiser","Slimebound:FormOfPuddle"],"picked":"Slimebound:RejuvenatingLick+1","floor":52.0}],"player_experience":464474,"relics_obtained":[{"floor":7.0,"key":"CCEMRelics:PorcelainBowl"},{"floor":11.0,"key":"ats:Originium"},{"floor":11.0,"key":"Frozen Egg 2"},{"floor":13.0,"key":"ats:Originium"},{"floor":13.0,"key":"testmod-RealStoneCalender"},{"floor":20.0,"key":"wanderingMiniBosses:AbyssPearl"},{"floor":27.0,"key":"ats:Originium"},{"floor":27.0,"key":"SharpPlug"},{"floor":31.0,"key":"jedi:kaleidoscope"},{"floor":40.0,"key":"Replay:Bottled Steam"},{"floor":41.0,"key":"StuffTheSpire:Expresso"},{"floor":46.0,"key":"HoshigumaDish"},{"floor":52.0,"key":"PreservedInsect"}],"event_choices":[{"damage_healed":0.0,"max_hp_gain":0.0,"max_hp_loss":0.0,"gold_gain":0.0,"event_name":"The Library","player_choice":"Read","floor":23.0,"gold_loss":0.0,"damage_taken":0.0,"cards_obtained":["sneckomod:SerpentIdol"]},{"damage_healed":6.0,"max_hp_gain":0.0,"max_hp_loss":0.0,"gold_gain":0.0,"event_name":"Wheel of Change","player_choice":"Full Heal","floor":38.0,"gold_loss":0.0,"damage_taken":0.0}],"is_beta":false,"boss_relics":[{"not_picked":["Replay:Wanted Poster","energizedSpire:NeverEndingSparkler"],"picked":"FeatherPendant"},{"not_picked":[]},{"not_picked":["HereWithMe","FixedStarFall"],"picked":"energizedSpire:HugeHouse"},{"not_picked":[]}],"items_purged_floors":[0],"is_endless":false,"potions_floor_spawned":[6,13,14,15,22,25,26,27,31,39,43,44,46,47,52],"ascension_level":0}}