{"host":"89b1o62hw5aqf71h","time":1609389138,"event":{"mods":["Ascension Reborn","Ascension Unlocker","Aspiration","Bard","BaseMod","Bestiary","Better Silent Start","Better-Laid Plans","BetterRewards","CatGirl Mod","Challenge The Spire","Colored Map","Colored Powertips","Conspire","Energized Spire","Hubris","Infinite Spire","JesterMod","Marisa????????","Mimic Mod","Minty Spire (QoL Compilation)","Potionbrewer","Random Character Button","Random Character Mod","Replay The Spire","Retaliation","Shop Mod","Small Relic Pack","Spicy Shops","Spikes Relics","StSLib","The Alterego","The Bladedancer","The Blue Laboratory","The Druid","The Hierophant","The Poker Player","The Runesmith","The Sage","The Saiyan","The Vixen","TheArtist","TheVelvet","Thieving Mod","Uncapped","Waifu the Spire","everything is the same but u backflip on backflip","vexMod","??????REMEMod"],"gold_per_floor":[287,61,95,130,160,160,160,4,29,29,29],"floor_reached":10,"playtime":895,"items_purged":["DDmod:PotionAddictCard"],"score":115,"play_id":"ccab680d-7b33-40c4-85cf-719883d15ded","local_time":"20201230233218","daily_mods":["challengethespire:Bronze Difficulty","challengethespire:Modded Elite Rush","Uncertain Future"],"is_ascension_mode":true,"campfire_choices":[],"circlet_count":0,"master_deck":["theDruid:Strike_O","theDruid:Strike_O","theDruid:Strike_O","theDruid:Strike_O","theDruid:Defend_O","theDruid:Defend_O","theDruid:Defend_O","theDruid:Defend_O","theDruid:BriarArmor","theDruid:WildSlash","theDruid:FelineGrace","theDruid:FelineGrace","theDruid:HerbalismKit","theDruid:Starfall","theDruid:CelestialSurge","theDruid:HerbalismKit"],"relics":["theDruid:CrownOfTheWilds","Black Star","Sling","PreservedInsect","REME_ComplimentaryCards","MerchantsRug","Toolbox","White Beast Statue","infinitespire:FocusingShard","vexMod:BerryBomb","Gremlin Food","Regal Pillow","Snack Pack","energizedSpire:RedRose","Potion Belt","Pet Ghost","infinitespire:WardingShard"],"acts_visited":["Exordium"],"potions_floor_usage":[10,10],"damage_taken":[{"damage":0.0,"enemies":"Gremlin Nob","floor":3.0,"turns":2.0},{"damage":3.0,"enemies":"3 Sentries","floor":4.0,"turns":4.0},{"damage":3.0,"enemies":"Replay:BlueRogue","floor":5.0,"turns":6.0},{"damage":60.0,"enemies":"REME_1_Revenger","floor":9.0,"turns":7.0},{"damage":34,"enemies":"conspire:SneckoGhost","floor":10,"turns":3}],"seed_played":"4083236014777785441","potions_obtained":[{"floor":3.0,"key":"potionbrewer:DiscountPotion"},{"floor":4.0,"key":"blueLaboratory:PhilterOfMotion"},{"floor":9.0,"key":"ThievingMod:ThievingPotion"}],"is_trial":true,"path_per_floor":["$","$","E","E","E","T","$","$","E","E"],"character_chosen":"DRUID","items_purchased":["Energy Potion","theDruid:FelineGrace","theDruid:TwilightsCall","ReplayTheSpireMod:Private Reserves","hubris:DuctTape","MerchantsRug","Fire Potion","Toolbox","Block Potion","Potion Belt"],"campfire_rested":0,"item_purchase_floors":[1,1,1,1,1,1,2,2,2,8],"current_hp_per_floor":[75,75,75,78,75,75,75,75,17,0,0],"gold":29,"neow_bonus":"","is_daily":false,"chose_seed":false,"campfire_upgraded":0,"win_rate":0.0,"timestamp":1609389138,"path_taken":["$","$","E","E","E","T","$","$","E","E"],"items_purchased_type":["Potion","Card","Card","Card","Relic","Relic","Potion","Relic","Potion","Relic"],"build_version":"2020-12-22","purchased_purges":1,"victory":false,"max_hp_per_floor":[75,75,75,81,81,81,81,81,81,81,81],"card_choices":[],"player_experience":13357,"relics_obtained":[{"floor":3.0,"key":"White Beast Statue"},{"floor":3.0,"key":"infinitespire:FocusingShard"},{"floor":4.0,"key":"vexMod:BerryBomb"},{"floor":4.0,"key":"Gremlin Food"},{"floor":5.0,"key":"Regal Pillow"},{"floor":5.0,"key":"Snack Pack"},{"floor":9.0,"key":"Pet Ghost"},{"floor":9.0,"key":"infinitespire:WardingShard"}],"event_choices":[],"is_beta":false,"boss_relics":[{"not_picked":["vexMod:TanglingVine","Replay:Wanted Poster"],"picked":"energizedSpire:RedRose"}],"items_purged_floors":[1],"is_endless":false,"potions_floor_spawned":[3,4,5,9],"killed_by":"conspire:SneckoGhost","ascension_level":0}}