{"host":"kw4o7b3ro2ktmmbe","time":1609383323,"event":{"mods":["BaseMod","Evolution","Minty Spire (QoL Compilation)","Shade Mod","StSLib"],"gold_per_floor":[116,116,116,391,401,433,453,465,465,477,477,512,512,524,524,626,626,636,652,46,65,76,76,106,106,129,129,143,178,191,191,191,294,294,310,310,363,376,99,134,160,160,169,169,169,195,220,230,230,230],"floor_reached":51,"playtime":3968,"items_purged":["Regret"],"score":965,"play_id":"f8eba8b1-ab11-426c-b3ab-8c51b80364bf","local_time":"20201231155523","is_ascension_mode":true,"campfire_choices":[{"floor":15,"key":"REST"},{"floor":23,"key":"REST"},{"floor":25,"key":"REST"},{"floor":27,"key":"RECALL"},{"floor":32,"key":"REST"},{"floor":42,"key":"REST"},{"floor":45,"key":"REST"},{"floor":49,"key":"REST"}],"circlet_count":0,"master_deck":["Shade:Bonestorm","Shade:Bonestorm+1","Shade:Bonestorm","Shade:Bonestorm","Shade:GraveStillness","Shade:GraveStillness","Shade:GraveStillness","Shade:GraveStillness","Shade:AnimateDead","Shade:CarefulCut","Shade:OpenGraves","Shade:SkeletonArmy+1","Shade:SensePrey","Shade:RitualOffering","Shade:LastGasp","Shade:Carnophage","Mayhem+1","Shade:FuneraryJewels","Shade:AuraOfUnlife+1","Shade:OminousRitual","Shade:SensePrey+1","Shade:Tombstone+1","Shade:Carnophage+1","Shade:OpenGraves+1","Shade:SkeletonArmy+1","Shade:UnbarTheGrave","Parasite","Shade:SkeletonArmy+1"],"relics":["EVO:Axolotl","Fusion Hammer","The Courier","White Beast Statue","Akabeko","Nunchaku","Sozu","Frozen Egg 2","Darkstone Periapt","InkBottle","Centennial Puzzle","Incense Burner","Cursed Key","Lizard Tail","Happy Flower","Art of War","CeramicFish","Whetstone","Meat on the Bone","Ornamental Fan"],"acts_visited":["Exordium","TheCity","TheBeyond"],"potions_floor_usage":[12,14,29],"damage_taken":[{"damage":2,"enemies":"Jaw Worm","floor":1,"turns":2},{"damage":0,"enemies":"Small Slimes","floor":5,"turns":2},{"damage":0,"enemies":"Gremlin Nob","floor":6,"turns":3},{"damage":0,"enemies":"Cultist","floor":7,"turns":2},{"damage":2,"enemies":"3 Louse","floor":8,"turns":2},{"damage":15,"enemies":"Large Slime","floor":10,"turns":3},{"damage":3,"enemies":"3 Sentries","floor":12,"turns":2},{"damage":19,"enemies":"Exordium Thugs","floor":14,"turns":2},{"damage":14,"enemies":"Hexaghost","floor":16,"turns":6},{"damage":2,"enemies":"Spheric Guardian","floor":18,"turns":3},{"damage":16,"enemies":"Shell Parasite","floor":19,"turns":4},{"damage":6,"enemies":"Snecko","floor":21,"turns":3},{"damage":0,"enemies":"3 Cultists","floor":22,"turns":2},{"damage":3,"enemies":"Gremlin Leader","floor":24,"turns":4},{"damage":2,"enemies":"Chosen and Byrds","floor":28,"turns":3},{"damage":3,"enemies":"Slavers","floor":29,"turns":2},{"damage":17,"enemies":"Centurion and Healer","floor":30,"turns":4},{"damage":0,"enemies":"Collector","floor":33,"turns":6},{"damage":0,"enemies":"3 Darklings","floor":35,"turns":3},{"damage":30,"enemies":"2 Orb Walkers","floor":37,"turns":3},{"damage":9,"enemies":"3 Shapes","floor":38,"turns":3},{"damage":0,"enemies":"Reptomancer","floor":40,"turns":5},{"damage":0,"enemies":"Transient","floor":41,"turns":5},{"damage":17,"enemies":"Giant Head","floor":46,"turns":7},{"damage":0,"enemies":"4 Shapes","floor":47,"turns":2},{"damage":0,"enemies":"3 Darklings","floor":48,"turns":3},{"damage":63,"enemies":"Time Eater","floor":50,"turns":7}],"seed_played":"-3967655400146643043","potions_obtained":[{"floor":1,"key":"SneckoOil"},{"floor":6,"key":"Ancient Potion"},{"floor":7,"key":"EntropicBrew"},{"floor":8,"key":"Fire Potion"},{"floor":12,"key":"AttackPotion"},{"floor":14,"key":"GamblersBrew"},{"floor":16,"key":"Energy Potion"}],"is_trial":false,"path_per_floor":["M","?","$","?","M","E","M","M","T","M","?","E","?","M","R","B",null,"M","M","$","M","M","R","E","R","T","R","M","E","M","?","R","B",null,"M","?","?","M","$","E","M","R","T","?","R","E","M","M","R","B",null],"character_chosen":"SHADE","items_purchased":["Frozen Egg 2","Mayhem+1","Darkstone Periapt","Shade:OpenGraves+1","Happy Flower","Art of War"],"campfire_rested":7,"item_purchase_floors":[20,20,20,39,39,39],"current_hp_per_floor":[65,70,70,70,70,70,70,68,68,53,46,43,43,24,45,31,72,70,54,54,48,48,69,66,72,72,72,70,67,50,50,71,71,72,72,72,42,33,33,33,33,54,60,60,78,61,61,61,78,27],"gold":230,"neow_bonus":"BOSS_RELIC","is_daily":false,"chose_seed":false,"campfire_upgraded":0,"win_rate":0.0,"timestamp":1609383323,"path_taken":["M","?","$","?","?","E","M","M","T","M","?","E","?","?","R","BOSS","M","?","$","M","M","R","E","R","T","R","?","E","M","?","R","BOSS","M","?","?","M","$","E","M","R","T","?","R","E","M","?","R","BOSS"],"items_purchased_type":["Relic","Card","Relic","Card","Relic","Relic"],"build_version":"2020-12-22","purchased_purges":1,"victory":true,"max_hp_per_floor":[67,72,72,72,72,72,72,72,72,72,72,72,72,72,72,72,72,72,72,72,72,72,72,72,72,72,72,72,72,72,72,72,72,72,72,72,72,72,72,72,72,72,78,78,78,78,78,78,78,78],"card_choices":[{"not_picked":["Shade:Doomsay","Shade:Asphyxiate","Shade:ClawBack"],"picked":"SKIP","floor":1},{"not_picked":["Shade:PressTheAttack","Shade:CommandSoldier"],"picked":"Shade:OpenGraves","floor":5},{"not_picked":["Shade:GraveStillness","Shade:SkeletonHug","Shade:CallWraith"],"picked":"SKIP","floor":6},{"not_picked":["Shade:Bite_Shade","Shade:GreyBargain"],"picked":"Shade:SkeletonArmy","floor":7},{"not_picked":["Shade:GraveStillness","Shade:Patience","Shade:FuneraryArmor"],"picked":"SKIP","floor":8},{"not_picked":["Shade:Brains","Shade:FingerOfDeath","Shade:CoffinDance"],"picked":"SKIP","floor":10},{"not_picked":["Shade:PressTheAttack","Shade:PotionOfRestlessness"],"picked":"Shade:SensePrey","floor":12},{"not_picked":["Shade:Patience","Shade:FuneraryArmor"],"picked":"Shade:RitualOffering","floor":14},{"not_picked":["Shade:SelfBurial","Shade:MadHubris"],"picked":"Shade:LastGasp","floor":16},{"not_picked":["Shade:Bonestorm+1","Shade:FleshToFlesh"],"picked":"Shade:Carnophage","floor":18},{"not_picked":["Shade:GreyBargain","Shade:Premonition","Shade:FreshBones"],"picked":"SKIP","floor":19},{"not_picked":["Shade:DangerousRitual","Shade:Trample+1","Shade:GraveStillness"],"picked":"SKIP","floor":21},{"not_picked":["Shade:FreshBones","Shade:SoulToxin"],"picked":"Shade:FuneraryJewels","floor":22},{"not_picked":["Shade:BoneShards","Shade:FingerOfDeath"],"picked":"Shade:AuraOfUnlife+1","floor":24},{"not_picked":["Shade:GraveStillness","Shade:Haruspicy","Shade:AncientSpear"],"picked":"SKIP","floor":28},{"not_picked":["Shade:FleshToFlesh","Shade:GraveStillness"],"picked":"Shade:OminousRitual","floor":29},{"not_picked":["Shade:FeralStrike+1","Shade:CoffinDance"],"picked":"Shade:SensePrey+1","floor":30},{"not_picked":["Shade:OminousRitual","Shade:MadHubris"],"picked":"Shade:Tombstone","floor":33},{"not_picked":["Shade:CommandSoldier+1","Shade:Haruspicy","Shade:Asphyxiate+1"],"picked":"SKIP","floor":35},{"not_picked":["Shade:SkeletonHug","Shade:Trample"],"picked":"Shade:Carnophage+1","floor":37},{"not_picked":["Shade:FingerOfDeath+1","Shade:LyeBath","Shade:ClawBack"],"picked":"SKIP","floor":38},{"not_picked":["Shade:DangerousRitual","Shade:ExtraLimbs+1"],"picked":"Shade:SkeletonArmy+1","floor":40},{"not_picked":["Shade:Premonition","Shade:Frenzy"],"picked":"Shade:UnbarTheGrave","floor":41},{"not_picked":["Shade:SelfBurial","Shade:SkeletonHug","Shade:FleshOffering"],"picked":"SKIP","floor":46},{"not_picked":["Shade:WallOfFlesh+1","Shade:PressTheAttack+1"],"picked":"Shade:SkeletonArmy+1","floor":47},{"not_picked":["Shade:Brains","Shade:Doomsay","Shade:RitualOffering"],"picked":"SKIP","floor":48}],"player_experience":1822278,"relics_obtained":[{"floor":6,"key":"The Courier"},{"floor":9,"key":"White Beast Statue"},{"floor":12,"key":"Nunchaku"},{"floor":24,"key":"InkBottle"},{"floor":26,"key":"Centennial Puzzle"},{"floor":29,"key":"Incense Burner"},{"floor":37,"key":"Lizard Tail"},{"floor":40,"key":"CeramicFish"},{"floor":43,"key":"Whetstone"},{"floor":46,"key":"Ornamental Fan"}],"event_choices":[{"damage_healed":0,"gold_gain":0,"player_choice":"Donut","damage_taken":0,"max_hp_gain":5,"max_hp_loss":0,"event_name":"Big Fish","floor":2,"gold_loss":0},{"damage_healed":0,"gold_gain":275,"player_choice":"Desecrate","damage_taken":0,"max_hp_gain":0,"max_hp_loss":0,"event_name":"Golden Shrine","floor":4,"gold_loss":0,"cards_obtained":["Regret"]},{"damage_healed":0,"gold_gain":0,"player_choice":"Success","damage_taken":7,"relics_obtained":["Akabeko"],"max_hp_gain":0,"max_hp_loss":0,"event_name":"Scrap Ooze","floor":11,"gold_loss":0},{"damage_healed":0,"gold_gain":0,"player_choice":"Upgraded","damage_taken":0,"max_hp_gain":0,"max_hp_loss":0,"event_name":"Upgrade Shrine","floor":13,"gold_loss":0,"cards_upgraded":["Shade:SkeletonArmy"]},{"damage_healed":0,"gold_gain":0,"player_choice":"Ignored","damage_taken":0,"max_hp_gain":0,"max_hp_loss":0,"event_name":"Vampires","floor":31,"gold_loss":0},{"damage_healed":0,"gold_gain":0,"player_choice":"Ignored","damage_taken":0,"max_hp_gain":0,"max_hp_loss":0,"event_name":"Tomb of Lord Red Mask","floor":36,"gold_loss":0},{"damage_healed":0,"gold_gain":0,"player_choice":"Fight","damage_taken":0,"max_hp_gain":0,"max_hp_loss":0,"event_name":"Mysterious Sphere","floor":37,"gold_loss":0},{"damage_healed":0,"gold_gain":0,"player_choice":"Gave Potion","damage_taken":0,"relics_obtained":["Meat on the Bone"],"max_hp_gain":0,"max_hp_loss":0,"event_name":"WeMeetAgain","floor":44,"gold_loss":0}],"is_beta":false,"boss_relics":[{"not_picked":["Snecko Eye","Tiny House"],"picked":"Sozu"},{"not_picked":["Calling Bell","Empty Cage"],"picked":"Cursed Key"}],"items_purged_floors":[20],"is_endless":false,"potions_floor_spawned":[1,6,7,8,10,12,14,16,18,19,21,22,24,28,29,30,33,35,37,38,40,41,46,47,48],"ascension_level":2}}