{"host":"sav7uxregyirlf69","time":1609430823,"event":{"mods":["AchievementEnabler","BaseMod","Colored Map","DeckTracker","Keyboard Shortcuts","Minty Spire (QoL Compilation)","READ ME - Guardian Mod","StSLib","SuperFastMode"],"gold_per_floor":[115,115,131,131,151,176,71,71,71,90,90,123,139,155,155,232,232,250,87,107,126,140,140,155,188,188,188,238,138,138,156,156,233,233,253,278,110,0,18,18,18,43,66,66,79,98,108,29,29,29,29,29],"floor_reached":51,"playtime":1761,"items_purged":["Strike_R","Strike_R"],"score":1368,"play_id":"b363ad29-d963-4b68-a39a-18338ee85d68","local_time":"20210101010703","is_ascension_mode":true,"campfire_choices":[{"data":"Armaments","floor":8,"key":"SMITH"},{"data":"Battle Trance","floor":11,"key":"SMITH"},{"data":"Blood for Blood","floor":15,"key":"SMITH"},{"floor":23,"key":"RECALL"},{"floor":27,"key":"REST"},{"floor":30,"key":"REST"},{"floor":32,"key":"REST"},{"floor":41,"key":"REST"},{"floor":44,"key":"REST"},{"floor":49,"key":"REST"}],"circlet_count":0,"master_deck":["AscendersBane","Strike_R","Strike_R","Strike_R","Defend_R","Defend_R","Defend_R","Defend_R","Bash","Blood for Blood","Carnage","Armaments+1","Shrug It Off","Battle Trance+1","Pommel Strike","Blood for Blood+1","Feed","Body Slam","Burning Pact","Evolve","Disarm","Immolate","Power Through","Dark Embrace","Parasite","Feel No Pain"],"relics":["Burning Blood","Pocketwatch","CultistMask","Pear","HornCleat","Fusion Hammer","Shuriken","Gambling Chip","Runic Cube","Magic Flower","Medical Kit","Red Mask","Anchor","Bag of Preparation"],"acts_visited":["Exordium","TheCity","TheBeyond"],"potions_floor_usage":[6,14,18,20,25,42,47,47],"damage_taken":[{"damage":4,"enemies":"2 Louse","floor":1,"turns":4},{"damage":5,"enemies":"Small Slimes","floor":3,"turns":3},{"damage":0,"enemies":"Cultist","floor":5,"turns":2},{"damage":8,"enemies":"Gremlin Nob","floor":6,"turns":3},{"damage":7,"enemies":"2 Fungi Beasts","floor":10,"turns":3},{"damage":21,"enemies":"3 Sentries","floor":12,"turns":7},{"damage":0,"enemies":"Blue Slaver","floor":13,"turns":4},{"damage":3,"enemies":"3 Louse","floor":14,"turns":4},{"damage":7,"enemies":"The Guardian","floor":16,"turns":11},{"damage":25,"enemies":"Shell Parasite","floor":18,"turns":5},{"damage":0,"enemies":"3 Byrds","floor":20,"turns":2},{"damage":16,"enemies":"3 Cultists","floor":21,"turns":6},{"damage":16,"enemies":"Snake Plant","floor":22,"turns":3},{"damage":17,"enemies":"Shelled Parasite and Fungi","floor":24,"turns":5},{"damage":19,"enemies":"Slavers","floor":25,"turns":4},{"damage":16,"enemies":"Sentry and Sphere","floor":31,"turns":7},{"damage":96,"enemies":"Automaton","floor":33,"turns":12},{"damage":43,"enemies":"Orb Walker","floor":35,"turns":5},{"damage":17,"enemies":"Mind Bloom Boss Battle","floor":36,"turns":8},{"damage":33,"enemies":"3 Darklings","floor":39,"turns":5},{"damage":65,"enemies":"Giant Head","floor":42,"turns":9},{"damage":64,"enemies":"Transient","floor":45,"turns":6},{"damage":44,"enemies":"Writhing Mass","floor":46,"turns":9},{"damage":0,"enemies":"4 Shapes","floor":47,"turns":2},{"damage":60,"enemies":"Awakened One","floor":50,"turns":10},{"damage":42,"enemies":"Time Eater","floor":51,"turns":6}],"seed_played":"6343577839714989898","potions_obtained":[{"floor":3,"key":"FearPotion"},{"floor":10,"key":"LiquidBronze"},{"floor":13,"key":"BloodPotion"},{"floor":14,"key":"BloodPotion"},{"floor":18,"key":"FairyPotion"},{"floor":21,"key":"SkillPotion"},{"floor":25,"key":"Regen Potion"},{"floor":45,"key":"Energy Potion"},{"floor":46,"key":"Energy Potion"}],"is_trial":false,"path_per_floor":["M","?","M","?","M","E","$","R","T","M","R","E","M","M","R","B",null,"M","$","M","M","M","R","M","E","T","R","?","$","R","M","R","B",null,"M","?","$","?","M","?","R","E","T","R","M","M","M","$","R","B","B"],"character_chosen":"IRONCLAD","items_purchased":["Shrug It Off","Battle Trance","Burning Pact","Medical Kit","Feel No Pain"],"campfire_rested":6,"item_purchase_floors":[7,7,19,37,48],"current_hp_per_floor":[77,72,73,73,79,87,87,87,87,86,86,71,77,92,92,91,92,96,96,96,90,80,80,72,62,62,93,93,93,106,100,110,20,88,51,43,43,43,24,24,57,31,31,65,10,33,47,47,82,37,0,0],"gold":29,"neow_bonus":"TEN_PERCENT_HP_BONUS","is_daily":false,"chose_seed":false,"campfire_upgraded":3,"win_rate":0.0,"timestamp":1609430823,"path_taken":["M","?","M","?","M","E","$","R","T","M","R","E","M","M","R","BOSS","M","$","M","?","M","R","M","E","T","R","?","$","R","M","R","BOSS","M","?","$","?","M","?","R","E","T","R","M","M","M","$","R","BOSS","BOSS"],"items_purchased_type":["Card","Card","Card","Relic","Card"],"build_version":"2020-12-22","purchased_purges":2,"victory":false,"max_hp_per_floor":[82,82,82,82,82,92,92,92,92,92,92,92,92,92,92,92,92,96,96,96,100,100,100,103,106,106,106,106,106,106,110,110,110,110,110,113,113,113,116,110,110,114,114,114,114,114,117,117,117,121,121,121],"card_choices":[{"not_picked":["Shrug It Off","Thunderclap"],"picked":"Blood for Blood","floor":1},{"not_picked":["Fire Breathing","Havoc"],"picked":"Carnage","floor":3},{"not_picked":["Dark Embrace","Thunderclap"],"picked":"Armaments","floor":5},{"not_picked":["Wild Strike","Thunderclap","True Grit"],"picked":"SKIP","floor":6},{"not_picked":["Iron Wave","Armaments","Twin Strike"],"picked":"SKIP","floor":10},{"not_picked":["Combust","Warcry","Bludgeon"],"picked":"SKIP","floor":12},{"not_picked":["Perfected Strike","True Grit"],"picked":"Pommel Strike","floor":13},{"not_picked":["Sword Boomerang","Thunderclap"],"picked":"Blood for Blood","floor":14},{"not_picked":["Bludgeon","Juggernaut"],"picked":"Feed","floor":16},{"not_picked":["True Grit","Shockwave"],"picked":"Body Slam","floor":18},{"not_picked":["Battle Trance","Spot Weakness","Thunderclap"],"picked":"SKIP","floor":20},{"not_picked":["Pommel Strike+1","Iron Wave","Havoc"],"picked":"SKIP","floor":21},{"not_picked":["Wild Strike","Thunderclap","Cleave"],"picked":"SKIP","floor":22},{"not_picked":["Anger","Inflame","Cleave"],"picked":"SKIP","floor":24},{"not_picked":["Double Tap","Clash"],"picked":"Evolve","floor":25},{"not_picked":["Feel No Pain","True Grit"],"picked":"Disarm","floor":31},{"not_picked":["Fiend Fire","Impervious"],"picked":"Immolate","floor":33},{"not_picked":["Clash","Anger"],"picked":"Power Through","floor":35},{"not_picked":["Perfected Strike","Clothesline","Power Through"],"picked":"SKIP","floor":39},{"not_picked":["Rampage","Cleave"],"picked":"Dark Embrace","floor":42},{"not_picked":["Havoc","Twin Strike","Cleave"],"picked":"SKIP","floor":45},{"not_picked":["Havoc","Uppercut+1","Double Tap"],"picked":"SKIP","floor":46},{"not_picked":["Thunderclap+1","Inflame","Headbutt"],"picked":"SKIP","floor":47}],"player_experience":1084755,"relics_obtained":[{"floor":6,"key":"Pear"},{"floor":12,"key":"HornCleat"},{"floor":25,"key":"Shuriken"},{"floor":26,"key":"Gambling Chip"},{"floor":36,"key":"Magic Flower"},{"floor":42,"key":"Anchor"},{"floor":43,"key":"Bag of Preparation"}],"event_choices":[{"damage_healed":0,"gold_gain":0,"player_choice":"Success","damage_taken":5,"relics_obtained":["Pocketwatch"],"max_hp_gain":0,"max_hp_loss":0,"event_name":"Scrap Ooze","floor":2,"gold_loss":0},{"damage_healed":0,"gold_gain":0,"player_choice":"Trade","damage_taken":0,"relics_obtained":["CultistMask"],"max_hp_gain":0,"max_hp_loss":0,"event_name":"FaceTrader","floor":4,"gold_loss":0},{"damage_healed":0,"gold_gain":50,"player_choice":"Stole From Cult","damage_taken":0,"max_hp_gain":0,"max_hp_loss":0,"event_name":"Nest","floor":28,"gold_loss":0},{"damage_healed":0,"gold_gain":0,"player_choice":"Fight","damage_taken":0,"max_hp_gain":0,"max_hp_loss":0,"event_name":"MindBloom","floor":36,"gold_loss":0},{"damage_healed":0,"gold_gain":0,"player_choice":"Paid","damage_taken":0,"relics_obtained":["Red Mask"],"max_hp_gain":0,"max_hp_loss":0,"event_name":"Tomb of Lord Red Mask","floor":38,"gold_loss":110},{"damage_healed":0,"gold_gain":0,"player_choice":"Max HP","damage_taken":0,"max_hp_gain":0,"max_hp_loss":6,"event_name":"Winding Halls","floor":40,"gold_loss":0}],"is_beta":false,"boss_relics":[{"not_picked":["Pandora\u0027s Box","Snecko Eye"],"picked":"Fusion Hammer"},{"not_picked":["Velvet Choker","Cursed Key"],"picked":"Runic Cube"}],"items_purged_floors":[19,29],"is_endless":false,"potions_floor_spawned":[3,10,13,14,18,21,22,25,31,39,45,46],"killed_by":"Time Eater","ascension_level":20}}