{"host":"71akxjf7cjo3bhmj","time":1609385307,"event":{"mods":["AchievementEnabler","BaseMod","Colored Powertips","Minty Spire (QoL Compilation)"],"gold_per_floor":[117,132,145,156,156,189,189,189,189,264,283,2,15,34,34,135,135,151,163,175,190,90,90,100,115,115,142,142,160,260,260,260],"floor_reached":31,"playtime":1594,"items_purged":["Defend_R","Defend_R"],"score":338,"play_id":"62072be7-3b92-4a20-94e2-cc2b21c8b40f","local_time":"20201231042827","is_ascension_mode":false,"campfire_choices":[{"data":"Fire Breathing","floor":7,"key":"SMITH"},{"floor":15,"key":"REST"},{"floor":23,"key":"REST"}],"circlet_count":0,"master_deck":["Strike_R","Strike_R","Strike_R","Strike_R","Strike_R+1","Defend_R","Bash","Anger","Flex","Fire Breathing+1","Battle Trance+1","Clash","Clash","Demon Form","Pommel Strike","Clash","Heavy Blade","Cleave","Anger","Pommel Strike","Clash+1"],"relics":["Burning Blood","Gremlin Horn","Brimstone","Runic Pyramid","Dead Branch","Bottled Tornado"],"acts_visited":["Exordium","TheCity"],"potions_floor_usage":[14,25,27,27,31],"damage_taken":[{"damage":0,"enemies":"Small Slimes","floor":1,"turns":3},{"damage":0,"enemies":"2 Louse","floor":2,"turns":3},{"damage":0,"enemies":"Cultist","floor":3,"turns":2},{"damage":16,"enemies":"Lots of Slimes","floor":4,"turns":5},{"damage":22,"enemies":"Gremlin Nob","floor":6,"turns":4},{"damage":7,"enemies":"Blue Slaver","floor":11,"turns":2},{"damage":0,"enemies":"2 Fungi Beasts","floor":13,"turns":1},{"damage":0,"enemies":"Exordium Thugs","floor":14,"turns":1},{"damage":0,"enemies":"Slime Boss","floor":16,"turns":4},{"damage":21,"enemies":"Shell Parasite","floor":18,"turns":3},{"damage":13,"enemies":"2 Thieves","floor":19,"turns":3},{"damage":41,"enemies":"Snake Plant","floor":20,"turns":3},{"damage":16,"enemies":"Centurion and Healer","floor":21,"turns":4},{"damage":5,"enemies":"Snecko","floor":24,"turns":3},{"damage":7,"enemies":"Sentry and Sphere","floor":25,"turns":3},{"damage":35,"enemies":"Slavers","floor":27,"turns":2},{"damage":0,"enemies":"3 Cultists","floor":29,"turns":2},{"damage":25,"enemies":"Book of Stabbing","floor":31,"turns":2}],"seed_played":"-8438500820861594222","potions_obtained":[{"floor":1,"key":"ElixirPotion"},{"floor":6,"key":"Explosive Potion"},{"floor":14,"key":"GamblersBrew"},{"floor":19,"key":"Ancient Potion"},{"floor":29,"key":"Strength Potion"}],"is_trial":false,"path_per_floor":["M","M","M","M","?","E","R","?","T","?","M","$","M","M","R","B",null,"M","M","M","M","$","R","M","M","T","E","?","M","?","E"],"character_chosen":"IRONCLAD","items_purchased":["Brimstone","Energy Potion"],"campfire_rested":2,"item_purchase_floors":[12,12],"current_hp_per_floor":[80,80,80,70,75,59,59,42,42,31,30,30,36,42,67,73,85,70,63,28,18,18,43,44,43,43,14,14,20,20,0,0],"gold":260,"neow_bonus":"REMOVE_CARD","is_daily":false,"chose_seed":false,"campfire_upgraded":1,"win_rate":0.0,"timestamp":1609385307,"path_taken":["M","M","M","M","?","E","R","?","T","?","M","?","M","?","R","BOSS","M","?","M","M","$","R","M","M","T","E","?","M","?","E"],"items_purchased_type":["Relic","Potion"],"build_version":"2020-12-22","purchased_purges":2,"victory":false,"max_hp_per_floor":[80,80,80,80,85,85,85,85,85,85,85,85,85,85,85,85,85,85,85,85,85,85,85,85,85,85,85,85,85,85,85,85],"card_choices":[{"not_picked":["Wild Strike","Sword Boomerang"],"picked":"Anger","floor":1},{"not_picked":["Iron Wave","Burning Pact"],"picked":"Flex","floor":2},{"not_picked":["True Grit","Rupture"],"picked":"Fire Breathing","floor":3},{"not_picked":["True Grit","Bloodletting","Reckless Charge"],"picked":"SKIP","floor":4},{"not_picked":["Sword Boomerang","Iron Wave"],"picked":"Battle Trance","floor":6},{"not_picked":["Warcry","Dropkick"],"picked":"Clash","floor":11},{"not_picked":["Disarm","Offering","Clothesline"],"picked":"SKIP","floor":13},{"not_picked":["Heavy Blade","Headbutt"],"picked":"Clash","floor":14},{"not_picked":["Feed","Offering"],"picked":"Demon Form","floor":16},{"not_picked":["Clothesline","Shrug It Off"],"picked":"Pommel Strike","floor":18},{"not_picked":["Dual Wield","Burning Pact"],"picked":"Clash","floor":19},{"not_picked":["Armaments+1","Perfected Strike"],"picked":"Heavy Blade","floor":20},{"not_picked":["Power Through","Sword Boomerang","Headbutt+1"],"picked":"SKIP","floor":21},{"not_picked":["Heavy Blade","Iron Wave"],"picked":"Cleave","floor":24},{"not_picked":["Rampage","Headbutt"],"picked":"Anger","floor":25},{"not_picked":["Blood for Blood","Iron Wave"],"picked":"Pommel Strike","floor":27},{"not_picked":["Barricade","Anger+1"],"picked":"Clash+1","floor":29}],"player_experience":125255,"relics_obtained":[{"floor":6,"key":"Gremlin Horn"},{"floor":26,"key":"Dead Branch"},{"floor":27,"key":"Bottled Tornado"}],"event_choices":[{"damage_healed":0,"gold_gain":0,"player_choice":"Donut","damage_taken":0,"max_hp_gain":5,"max_hp_loss":0,"event_name":"Big Fish","floor":5,"gold_loss":0},{"damage_healed":0,"gold_gain":0,"player_choice":"Entered Light","damage_taken":17,"max_hp_gain":0,"max_hp_loss":0,"event_name":"Shining Light","floor":8,"gold_loss":0,"cards_upgraded":["Battle Trance","Strike_R"]},{"damage_healed":0,"gold_gain":75,"player_choice":"Gather Gold","damage_taken":11,"max_hp_gain":0,"max_hp_loss":0,"event_name":"World of Goop","floor":10,"gold_loss":0},{"damage_healed":0,"gold_gain":0,"player_choice":"Ignored","damage_taken":0,"max_hp_gain":0,"max_hp_loss":0,"event_name":"Vampires","floor":28,"gold_loss":0},{"damage_healed":0,"gold_gain":100,"player_choice":"Pray","damage_taken":0,"max_hp_gain":0,"max_hp_loss":0,"event_name":"Golden Shrine","floor":30,"gold_loss":0}],"is_beta":false,"boss_relics":[{"not_picked":["Snecko Eye","Ectoplasm"],"picked":"Runic Pyramid"}],"items_purged_floors":[12,22],"is_endless":false,"potions_floor_spawned":[1,6,14,16,18,19,24,29],"killed_by":"Book of Stabbing","ascension_level":0}}