{"host":"xjyie0ctswsml60g","time":1609415365,"event":{"mods":["AchievementEnabler","BaseMod","Colored Map","Minty Spire (QoL Compilation)","Quick Restart","SuperFastMode"],"gold_per_floor":[109,124,124,124,143,143,68,87,87,99,99,114,114,148,148,148,148],"floor_reached":16,"playtime":413,"items_purged":["Strike_P"],"score":102,"play_id":"e9a8b55c-e85e-4338-af28-1fee808bf89f","local_time":"20201231134925","is_ascension_mode":false,"campfire_choices":[{"floor":6,"key":"RECALL"},{"data":"PathToVictory","floor":11,"key":"SMITH"},{"data":"Eruption","floor":13,"key":"SMITH"},{"data":"WindmillStrike","floor":15,"key":"SMITH"}],"circlet_count":0,"master_deck":["Strike_P","Strike_P","Defend_P","Defend_P","Defend_P","Defend_P","Eruption+1","Vigilance","Conclude","CutThroughFate","FlurryOfBlows","PathToVictory+1","WindmillStrike+1"],"relics":["PureWater","Darkstone Periapt","WingedGreaves"],"acts_visited":["Exordium"],"potions_floor_usage":[10],"damage_taken":[{"damage":7,"enemies":"Cultist","floor":1,"turns":3},{"damage":3,"enemies":"Jaw Worm","floor":2,"turns":2},{"damage":0,"enemies":"2 Louse","floor":5,"turns":1},{"damage":5,"enemies":"Red Slaver","floor":8,"turns":4},{"damage":0,"enemies":"Blue Slaver","floor":10,"turns":2},{"damage":25,"enemies":"Gremlin Gang","floor":12,"turns":3},{"damage":20,"enemies":"Gremlin Nob","floor":14,"turns":3},{"damage":14,"enemies":"Hexaghost","floor":16,"turns":2}],"seed_played":"3999916836917316959","potions_obtained":[{"floor":1,"key":"AttackPotion"},{"floor":10,"key":"GamblersBrew"},{"floor":12,"key":"Energy Potion"},{"floor":14,"key":"LiquidBronze"}],"is_trial":false,"path_per_floor":["M","M","?","T","M","R","$","M","T","M","R","M","R","E","R","B"],"character_chosen":"WATCHER","items_purchased":[],"campfire_rested":0,"item_purchase_floors":[],"current_hp_per_floor":[72,69,62,62,62,62,62,57,57,57,57,32,32,12,12,0,0],"gold":148,"neow_bonus":"TEN_PERCENT_HP_BONUS","is_daily":false,"chose_seed":false,"campfire_upgraded":3,"win_rate":0.0,"timestamp":1609415365,"path_taken":["M","?","?","?","M","R","$","M","T","M","R","M","R","E","R","BOSS"],"items_purchased_type":[],"build_version":"2020-12-22","purchased_purges":1,"victory":false,"max_hp_per_floor":[79,79,79,79,79,79,79,79,79,79,79,79,79,79,79,79,79],"card_choices":[{"not_picked":["Evaluate","EmptyBody"],"picked":"Conclude","floor":1},{"not_picked":["EmptyFist","Indignation","WaveOfTheHand"],"picked":"SKIP","floor":2},{"not_picked":["ThirdEye","ClearTheMind"],"picked":"CutThroughFate","floor":5},{"not_picked":["EmptyFist","WreathOfFlame"],"picked":"FlurryOfBlows","floor":8},{"not_picked":["EmptyFist","Consecrate"],"picked":"PathToVictory","floor":10},{"not_picked":["CutThroughFate","Sanctity","Adaptation"],"picked":"SKIP","floor":12},{"not_picked":["InnerPeace","Meditate"],"picked":"WindmillStrike","floor":14}],"player_experience":460315,"relics_obtained":[{"floor":9,"key":"Darkstone Periapt"},{"floor":14,"key":"WingedGreaves"}],"event_choices":[{"cards_removed":["Strike_P"],"damage_healed":0,"gold_gain":0,"player_choice":"Card Removal","damage_taken":7,"max_hp_gain":0,"max_hp_loss":0,"event_name":"Golden Wing","floor":3,"gold_loss":0}],"is_beta":false,"boss_relics":[],"items_purged_floors":[7],"is_endless":false,"potions_floor_spawned":[1,10,12,14],"killed_by":"Hexaghost","ascension_level":0}}