{"host":"ss2ocoam53r2lno0","time":1609373514,"event":{"mods":["Act Like it!","BaseMod","ChefMod","Colored Powertips","Displayed Cursed Tome","Downfall","Googly Eyes","Hallownest","Highlight Path","Minty Spire (QoL Compilation)","Rare Cards Sparkle","Robot Space Explorer","Shade Mod","Shop Mod","Spicy Shops","StSLib","The Marked"],"gold_per_floor":[109,109,109,59,109,143,156,187,241,255,255,270,270,280,280,375,375,388,405,405,365,383,409,148,148,148,148,182,194,222,235,235,333,333,345,345,365,385,92,127,0,34,34,66,86,86,86,117,117,117],"floor_reached":51,"playtime":5593,"items_purged":["theMarked:Strike","theMarked:Strike"],"score":952,"play_id":"a28ede2a-ea9d-4afe-9d30-0461c7fdebfa","local_time":"20201231011154","is_ascension_mode":true,"campfire_choices":[{"data":"theMarked:ThrowWeapon","floor":11,"key":"SMITH"},{"data":"theMarked:SoldierOfQuellstein","floor":13,"key":"SMITH"},{"data":"theMarked:Improvise","floor":15,"key":"SMITH"},{"floor":25,"key":"REST"},{"data":"theMarked:Parry","floor":27,"key":"SMITH"},{"data":"theMarked:Parry","floor":32,"key":"SMITH"},{"data":"theMarked:FavorableWinds","floor":46,"key":"SMITH"},{"floor":49,"key":"REST"}],"circlet_count":0,"master_deck":["theMarked:Defend","theMarked:Defend","theMarked:Defend","theMarked:Defend","theMarked:SoldierOfQuellstein+1","theMarked:ThrowWeapon+1","theMarked:Improvise+1","theMarked:EmpowerWeapon","theMarked:EmpowerWeapon","theMarked:EmpowerWeapon","theMarked:EmpowerWeapon","theMarked:SuspiciousRaven","CurseOfTheBell","theMarked:EmpowerWeapon","theMarked:Parry+1","expansioncontent:SuperHexaguard","theMarked:Levitate","theMarked:Parry+1","theMarked:FavorableWinds+1","theMarked:EmpowerWeapon","theMarked:Levitate","theMarked:EmpowerWeapon","theMarked:EmpowerWeapon+1","theMarked:Parry+1","theMarked:ChannelForce"],"relics":["theMarked:ArtifactOfAir","Happy Flower","Letter Opener","Bag of Marbles","Toy Ornithopter","Matryoshka","StoneCalendar","Sundial","Art of War","Blood Vial","Regal Pillow","SlaversCollar","Orichalcum","MerchantsRug","Centennial Puzzle","Red Mask","Pen Nib","Potion Belt","Mummified Hand","Nunchaku","Unceasing Top"],"acts_visited":["Exordium","TheCity","TheBeyond"],"potions_floor_usage":[6,16,16,22,23,23,23,23,23,29,30,30,33,33,33,42,44,48],"damage_taken":[{"damage":11,"enemies":"Jaw Worm","floor":1,"turns":3},{"damage":24,"enemies":"Lagavulin","floor":6,"turns":6},{"damage":0,"enemies":"2 Louse","floor":7,"turns":2},{"damage":17,"enemies":"3 Sentries","floor":8,"turns":6},{"damage":0,"enemies":"Cultist","floor":10,"turns":2},{"damage":0,"enemies":"3 Louse","floor":12,"turns":3},{"damage":6,"enemies":"Lots of Slimes","floor":14,"turns":3},{"damage":13,"enemies":"The Guardian","floor":16,"turns":7},{"damage":18,"enemies":"3 Byrds","floor":18,"turns":4},{"damage":17,"enemies":"2 Thieves","floor":19,"turns":4},{"damage":21,"enemies":"Shelled Parasite and Fungi","floor":22,"turns":4},{"damage":29,"enemies":"Gremlin Leader","floor":23,"turns":5},{"damage":41,"enemies":"Book of Stabbing","floor":28,"turns":5},{"damage":15,"enemies":"Snake Plant","floor":29,"turns":5},{"damage":0,"enemies":"Gremlin Leader","floor":30,"turns":3},{"damage":0,"enemies":"Snecko","floor":31,"turns":2},{"damage":28,"enemies":"Champ","floor":33,"turns":8},{"damage":0,"enemies":"Orb Walker","floor":35,"turns":3},{"damage":6,"enemies":"3 Shapes","floor":37,"turns":5},{"damage":15,"enemies":"Spire Growth","floor":38,"turns":4},{"damage":0,"enemies":"Reptomancer","floor":40,"turns":4},{"damage":0,"enemies":"Giant Head","floor":42,"turns":5},{"damage":11,"enemies":"Reptomancer","floor":44,"turns":3},{"damage":4,"enemies":"3 Darklings","floor":45,"turns":7},{"damage":28,"enemies":"Giant Head","floor":48,"turns":9},{"damage":57,"enemies":"Awakened One","floor":50,"turns":8}],"seed_played":"1676932698737478333","potions_obtained":[{"floor":1,"key":"Regen Potion"},{"floor":6,"key":"Strength Potion"},{"floor":10,"key":"Swift Potion"},{"floor":21,"key":"DistilledChaos"},{"floor":21,"key":"CultistPotion"},{"floor":21,"key":"EntropicBrew"},{"floor":28,"key":"EntropicBrew"},{"floor":29,"key":"Explosive Potion"},{"floor":30,"key":"DistilledChaos"},{"floor":31,"key":"EssenceOfSteel"},{"floor":35,"key":"Weak Potion"},{"floor":38,"key":"EssenceOfSteel"},{"floor":40,"key":"BlessingOfTheForge"},{"floor":42,"key":"sneckomod:MuddlingPotion"}],"is_trial":false,"path_per_floor":["M","?","?","?","T","E","M","E","T","M","R","M","R","M","R","B",null,"M","M","?","?","M","E","$","R","T","R","E","M","E","M","R","B",null,"M","?","M","M","$","E","?","E","T","E","M","R","?","E","R","B",null],"character_chosen":"THE_DEFAULT","items_purchased":["FairyPotion","expansioncontent:SuperHexaguard","theMarked:EmpowerWeapon","Orichalcum","MerchantsRug"],"campfire_rested":2,"item_purchase_floors":[24,24,39,39,39],"current_hp_per_floor":[52,52,45,45,45,33,33,16,23,23,23,23,23,17,17,4,70,52,35,35,35,19,15,15,36,36,36,21,13,35,37,37,26,80,80,76,70,57,57,59,59,66,66,62,60,60,60,39,76,19],"gold":117,"neow_bonus":"THREE_RARE_CARDS","is_daily":false,"chose_seed":false,"campfire_upgraded":6,"win_rate":0.0,"timestamp":1609373514,"path_taken":["M","?","?","?","?","E","M","E","T","M","R","M","R","?","R","BOSS","M","M","?","?","M","E","$","R","T","R","E","M","E","?","R","BOSS","M","?","M","M","$","E","?","E","T","E","M","R","?","E","R","BOSS"],"items_purchased_type":["Potion","Card","Card","Relic","Relic"],"build_version":"2020-12-22","purchased_purges":2,"victory":true,"max_hp_per_floor":[63,63,63,63,63,63,63,63,70,70,70,70,70,70,70,70,70,70,70,70,70,70,70,70,70,70,70,70,70,80,80,80,80,80,80,76,76,76,76,76,76,76,76,76,76,76,76,76,76,76],"card_choices":[{"not_picked":["theMarked:Snap","theMarked:MuscleMemory"],"picked":"theMarked:ThrowWeapon","floor":0},{"not_picked":["theMarked:MysticalArsenal","theMarked:EnhanceMovement"],"picked":"theMarked:Improvise","floor":1},{"not_picked":["theMarked:Polarize","theMarked:GodGivenPower"],"picked":"theMarked:EmpowerWeapon","floor":6},{"not_picked":["theMarked:WardOff","theMarked:Parkour","theMarked:SwordAndMagic"],"picked":"SKIP","floor":7},{"not_picked":["theMarked:RepellingDischarge","theMarked:WastefulAttack","theMarked:BanishingStrike"],"picked":"SKIP","floor":8},{"not_picked":["theMarked:TakeCover","theMarked:WastefulAttack"],"picked":"theMarked:EmpowerWeapon","floor":10},{"not_picked":["theMarked:ResourceFulStrike","theMarked:Electrocute"],"picked":"theMarked:EmpowerWeapon","floor":12},{"not_picked":["theMarked:EnhanceMovement","theMarked:ComboAttacks"],"picked":"theMarked:EmpowerWeapon","floor":14},{"not_picked":["theMarked:Challenge","theMarked:SummonStrength"],"picked":"theMarked:SuspiciousRaven","floor":16},{"not_picked":["theMarked:Aftermath","theMarked:Frustration","theMarked:HeritageOfTheMarked+1"],"picked":"SKIP","floor":18},{"not_picked":["theMarked:PowerFlow+1","theMarked:HeightenedSenses"],"picked":"theMarked:EmpowerWeapon","floor":19},{"not_picked":["theMarked:SwordAndMagic","theMarked:Generate+1"],"picked":"theMarked:Parry","floor":22},{"not_picked":["theMarked:TunnelVision","theMarked:Reabsorb","theMarked:Standoff"],"picked":"SKIP","floor":23},{"not_picked":["theMarked:ResourceFulStrike+1","theMarked:TwofoldDefense+1","theMarked:BanishingStrike"],"picked":"SKIP","floor":28},{"not_picked":["theMarked:TwofoldDefense+1","theMarked:WastefulDefense"],"picked":"theMarked:Levitate","floor":29},{"not_picked":["theMarked:HeightenedSenses","theMarked:RogueSparks+1"],"picked":"theMarked:Parry","floor":30},{"not_picked":["theMarked:MysticalArsenal+1","theMarked:ShockingTouch","theMarked:ChainLightning"],"picked":"SKIP","floor":31},{"not_picked":["theMarked:EternalStudent","theMarked:TurnInvisible"],"picked":"theMarked:FavorableWinds","floor":33},{"not_picked":["theMarked:LightningStrikesTwice","theMarked:RepellingDischarge+1","theMarked:Parkour"],"picked":"SKIP","floor":35},{"not_picked":["theMarked:Overthink","theMarked:ChainLightning"],"picked":"theMarked:EmpowerWeapon","floor":37},{"not_picked":["theMarked:PowerFlow","theMarked:EnhancedHearing"],"picked":"theMarked:Levitate","floor":38},{"not_picked":["theMarked:Overthink","theMarked:Improvise","theMarked:WastefulAttack+1"],"picked":"SKIP","floor":40},{"not_picked":["theMarked:Parry+1","theMarked:WastefulAttack+1"],"picked":"theMarked:EmpowerWeapon+1","floor":42},{"not_picked":["theMarked:TwofoldDefense+1","theMarked:Improvise+1","theMarked:ReduceFriction+1"],"picked":"SKIP","floor":44},{"not_picked":["theMarked:ChainLightning+1","theMarked:Static"],"picked":"theMarked:Parry+1","floor":45},{"not_picked":["theMarked:Levitate","theMarked:MaelstromOfLightning"],"picked":"theMarked:ChannelForce","floor":48}],"player_experience":603785,"relics_obtained":[{"floor":5,"key":"Happy Flower"},{"floor":6,"key":"Letter Opener"},{"floor":8,"key":"Bag of Marbles"},{"floor":9,"key":"Strawberry"},{"floor":17,"key":"Toy Ornithopter"},{"floor":17,"key":"Matryoshka"},{"floor":17,"key":"StoneCalendar"},{"floor":23,"key":"Sundial"},{"floor":26,"key":"Art of War"},{"floor":26,"key":"Blood Vial"},{"floor":28,"key":"Regal Pillow"},{"floor":30,"key":"Pear"},{"floor":40,"key":"Centennial Puzzle"},{"floor":42,"key":"Pen Nib"},{"floor":43,"key":"Potion Belt"},{"floor":43,"key":"Mummified Hand"},{"floor":44,"key":"Nunchaku"},{"floor":48,"key":"Unceasing Top"}],"event_choices":[{"damage_healed":0,"gold_gain":0,"player_choice":"Ignored","damage_taken":0,"max_hp_gain":0,"max_hp_loss":0,"event_name":"Liars Game","floor":2,"gold_loss":0},{"cards_removed":["theMarked:Strike"],"damage_healed":0,"gold_gain":0,"player_choice":"Card Removal","damage_taken":7,"max_hp_gain":0,"max_hp_loss":0,"event_name":"Golden Wing","floor":3,"gold_loss":0},{"cards_removed":["theMarked:Strike"],"damage_healed":0,"gold_gain":0,"player_choice":"Card Removal","damage_taken":0,"max_hp_gain":0,"max_hp_loss":0,"event_name":"The Cleric","floor":4,"gold_loss":50},{"damage_healed":0,"gold_gain":0,"player_choice":"Bought 3 Potions","damage_taken":0,"max_hp_gain":0,"max_hp_loss":0,"event_name":"The Woman in Blue","floor":21,"gold_loss":0},{"damage_healed":0,"gold_gain":0,"player_choice":"Max HP","damage_taken":0,"max_hp_gain":0,"max_hp_loss":4,"event_name":"Winding Halls","floor":36,"gold_loss":0},{"damage_healed":0,"gold_gain":0,"player_choice":"Paid","damage_taken":0,"relics_obtained":["Red Mask"],"max_hp_gain":0,"max_hp_loss":0,"event_name":"Tomb of Lord Red Mask","floor":41,"gold_loss":127},{"cards_removed":["theMarked:Strike"],"damage_healed":0,"gold_gain":0,"player_choice":"Removed Attack","damage_taken":0,"max_hp_gain":0,"max_hp_loss":0,"event_name":"Falling","floor":47,"gold_loss":0}],"is_beta":false,"boss_relics":[{"not_picked":["Runic Pyramid","Velvet Choker"],"picked":"Calling Bell"},{"not_picked":["Astrolabe","Black Star"],"picked":"SlaversCollar"}],"items_purged_floors":[24,39],"is_endless":false,"potions_floor_spawned":[1,6,10,28,29,30,31,35,38,40,42],"ascension_level":1}}