{"host":"0bfi5m9qgchoxkt9","time":1609415027,"event":{"mods":["Act Like it!","Arknights The Spire","BaseMod","Minty Spire (QoL Compilation)","Quick Restart","StSLib"],"gold_per_floor":[109,284,284,296,312,312,18,61,139,175,250,250,278,292,292,400,400,420,335,13,40,84,84,126,146,171,193,193,68,68,87,87,192,192,213,213,263,115,132,166,166,185,209,223,223,248,248,2,2,2],"floor_reached":51,"playtime":2083,"items_purged":["ats:Strike G","ats:Defend","ats:Defend","ats:Defend"],"score":730,"play_id":"66950d84-1b49-48b6-abc8-9963b3663648","local_time":"20201231194347","is_ascension_mode":false,"campfire_choices":[{"data":"ats:Sunburst","floor":6.0,"key":"SMITH"},{"floor":12.0,"key":"REST"},{"data":"ats:Burning Ground","floor":15.0,"key":"SMITH"},{"data":"ats:Revitalization","floor":23.0,"key":"SMITH"},{"data":"ats:Very Hot Blade","floor":28.0,"key":"SMITH"},{"data":"ats:Volcano","floor":30.0,"key":"SMITH"},{"data":"ats:Apocalypse","floor":32.0,"key":"SMITH"},{"data":"ats:Volcano","floor":41,"key":"SMITH"},{"data":"Purity","floor":49,"key":"SMITH"}],"circlet_count":0,"master_deck":["ats:Strike C","ats:Strike S","ats:Strike V","ats:Armor Crushing Shot","ats:Defend","ats:Emotion Absorption+1","ats:Curse Doll+1","ats:Burning Ground+1","ats:Flame Of Heaven","ats:Roar Of Ursus","ats:Apocalypse+1","ats:Volcano+1","Purity+1","ats:Ignite","ats:Revitalization+1","ats:Volcano+1","ats:Closed Bolt Burst Fire+1","ats:Very Hot Blade+1","ats:Wolf Pack","ats:Song Of Battle+1","ats:Burning Ground+1","ats:Guardian Obelisk","ats:Disruption Kick","ats:Guardian Obelisk+1"],"relics":["ats:Sanity","NeowsBlessing","Orichalcum","ats:Originium","CeramicFish","Pantograph","Question Card","Velvet Choker","Thread and Needle","War Paint","Red Mask","Akabeko","ats:Hidden Killer","Philosopher\u0027s Stone","Lizard Tail","DollysMirror","InkBottle","MealTicket"],"acts_visited":["Exordium","TheCity","TheBeyond"],"potions_floor_usage":[44,50,50,50,50,50,50],"damage_taken":[{"damage":0.0,"enemies":"Small Slimes","floor":1.0,"turns":1.0},{"damage":0.0,"enemies":"Jaw Worm","floor":4.0,"turns":1.0},{"damage":0.0,"enemies":"2 Louse","floor":5.0,"turns":1.0},{"damage":14.0,"enemies":"Lagavulin","floor":8.0,"turns":5.0},{"damage":32.0,"enemies":"Gremlin Nob","floor":10.0,"turns":5.0},{"damage":8.0,"enemies":"Blue Slaver","floor":13.0,"turns":4.0},{"damage":3.0,"enemies":"Exordium Wildlife","floor":14.0,"turns":3.0},{"damage":55.0,"enemies":"The Guardian","floor":16.0,"turns":13.0},{"damage":4.0,"enemies":"3 Byrds","floor":18.0,"turns":2.0},{"damage":12.0,"enemies":"Shell Parasite","floor":21.0,"turns":4.0},{"damage":26.0,"enemies":"Masked Bandits","floor":22.0,"turns":4.0},{"damage":7.0,"enemies":"Slavers","floor":24.0,"turns":3.0},{"damage":16.0,"enemies":"Centurion and Healer","floor":25.0,"turns":6.0},{"damage":8.0,"enemies":"Snecko","floor":27.0,"turns":5.0},{"damage":8.0,"enemies":"Shelled Parasite and Fungi","floor":31.0,"turns":4.0},{"damage":40.0,"enemies":"Collector","floor":33.0,"turns":7.0},{"damage":6.0,"enemies":"3 Shapes","floor":35.0,"turns":3.0},{"damage":0.0,"enemies":"Mind Bloom Boss Battle","floor":37.0,"turns":5.0},{"damage":4.0,"enemies":"Orb Walker","floor":39.0,"turns":4.0},{"damage":43.0,"enemies":"Nemesis","floor":40.0,"turns":5.0},{"damage":24,"enemies":"Spire Growth","floor":42,"turns":5},{"damage":0,"enemies":"3 Darklings","floor":44,"turns":5},{"damage":20,"enemies":"Maw","floor":46,"turns":7},{"damage":61,"enemies":"Donu and Deca","floor":50,"turns":6}],"seed_played":"-6095218662246198408","potions_obtained":[{"floor":8.0,"key":"Dexterity Potion"},{"floor":10.0,"key":"Block Potion"},{"floor":14.0,"key":"EssenceOfSteel"},{"floor":16.0,"key":"LiquidMemories"},{"floor":24.0,"key":"Regen Potion"},{"floor":35.0,"key":"Ancient Potion"}],"is_trial":false,"path_per_floor":["M","?","?","M","M","R","$","E","T","E","?","R","M","M","R","B",null,"M","?","$","M","?","R","E","M","T","M","R","$","R","M","R","B",null,"M","?","?","$","M","E","R","M","T","M","?","M","?","$","R","B",null],"character_chosen":"DOCTOR_CLASS","items_purchased":["ats:Burning Ground","Orichalcum","Purity","War Paint","DollysMirror","EntropicBrew"],"campfire_rested":1,"item_purchase_floors":[7,7,20,20,38,48],"current_hp_per_floor":[72,72,65,65,65,65,65,51,51,19,8,29,21,22,22,8,72,72,72,72,60,42,42,35,34,34,35,35,35,35,37,37,51,72,66,66,72,72,71,36,36,23,23,38,38,37,37,52,52,18],"gold":2,"neow_bonus":"THREE_ENEMY_KILL","is_daily":false,"chose_seed":false,"campfire_upgraded":8,"win_rate":0.0,"timestamp":1609415027,"path_taken":["M","?","?","?","M","R","$","E","T","E","?","R","M","M","R","BOSS","M","?","$","M","?","R","E","M","T","M","R","$","R","M","R","BOSS","M","?","?","?","?","E","R","M","T","M","?","M","?","$","R","BOSS"],"items_purchased_type":["Card","Relic","Card","Relic","Relic","Potion"],"build_version":"2020-12-22","purchased_purges":4,"victory":true,"max_hp_per_floor":[72,72,72,72,72,72,72,72,72,72,72,72,72,72,72,72,72,72,72,72,72,72,72,72,72,72,72,72,72,72,72,72,72,72,72,72,72,72,72,72,72,72,72,72,72,72,68,68,68,68],"card_choices":[{"not_picked":["ats:Assault Order","ats:Childhood Dance"],"picked":"ats:Curse Doll","floor":1.0},{"not_picked":["ats:Curse Doll","ats:Shadow Raid"],"picked":"ats:Sunburst","floor":4.0},{"not_picked":["ats:Explosion Area Strengthen","ats:Powerful Strike","ats:Shell Defense"],"picked":"SKIP","floor":5.0},{"not_picked":["ats:Curse Doll","ats:Magnetic Hammer"],"picked":"ats:Flame Of Heaven","floor":8.0},{"not_picked":["ats:Powerful Strike","ats:Sword Rain"],"picked":"ats:Roar Of Ursus","floor":10.0},{"not_picked":["ats:Childhood Dance","ats:Rapid Magazine","ats:Flexible Camouflage"],"picked":"ats:Apocalypse","floor":13.0},{"not_picked":["ats:Assault Order","ats:Demon Strength","ats:Cat Scratch","ats:Shell Defense"],"picked":"SKIP","floor":14.0},{"not_picked":["ats:Dogmatic Field","ats:Rat Pack","ats:Soul Rend"],"picked":"ats:Volcano","floor":16.0},{"not_picked":["ats:Charging Defense","ats:Leaping Hammer","ats:Spore Proliferation","ats:Red Shift"],"picked":"SKIP","floor":18.0},{"not_picked":["ats:Beaten Up","ats:Explosion Area Strengthen","ats:Automatic Cover"],"picked":"ats:Ignite","floor":21.0},{"not_picked":["ats:LN2 Cannon+1","ats:Cat Scratch","ats:Assault Order"],"picked":"ats:Revitalization","floor":22.0},{"not_picked":["ats:Cat Scratch","ats:Hammer On","ats:Ignite"],"picked":"ats:Volcano","floor":24.0},{"not_picked":["ats:Assault Order","ats:Beaten Up","ats:Explosion Area Strengthen"],"picked":"ats:Closed Bolt Burst Fire+1","floor":25.0},{"not_picked":["ats:Shell Defense","ats:LN2 Cannon","ats:Assault Order"],"picked":"ats:Very Hot Blade","floor":27.0},{"not_picked":["ats:Cat Scratch","ats:Consecutive Shot Auto+1","ats:Steam Pump","ats:Sunburst"],"picked":"SKIP","floor":31.0},{"not_picked":["ats:Disruption Kick","ats:Rat Pack","ats:True Silver Slash"],"picked":"ats:Wolf Pack","floor":33.0},{"not_picked":["ats:Apocalypse+1","ats:Steam Pump+1","ats:Powerful Strike+1"],"picked":"ats:Song Of Battle+1","floor":35.0},{"not_picked":["ats:Curse Doll+1","ats:Flexible Camouflage+1","ats:Closed Bolt Burst Fire","ats:Hammer On+1"],"picked":"SKIP","floor":39.0},{"not_picked":["ats:Thorns+1","ats:Cat Scratch+1","ats:Hammer On+1"],"picked":"ats:Guardian Obelisk","floor":40.0},{"not_picked":["ats:Consecutive Shot Auto","ats:Hammer On+1","ats:Apocalypse+1"],"picked":"ats:Disruption Kick","floor":42},{"not_picked":["ats:Revitalization","ats:Childhood Dance+1","ats:Shadow Raid","ats:Very Hot Blade+1"],"picked":"SKIP","floor":44},{"not_picked":["ats:Explosion Area Strengthen+1","ats:Apocalypse","ats:Healing Drone+1"],"picked":"ats:Guardian Obelisk+1","floor":46}],"player_experience":915636,"relics_obtained":[{"floor":8.0,"key":"ats:Originium"},{"floor":8.0,"key":"CeramicFish"},{"floor":9.0,"key":"Pantograph"},{"floor":10.0,"key":"ats:Originium"},{"floor":10.0,"key":"Question Card"},{"floor":22.0,"key":"Red Mask"},{"floor":24.0,"key":"ats:Originium"},{"floor":24.0,"key":"Akabeko"},{"floor":26.0,"key":"ats:Hidden Killer"},{"floor":37.0,"key":"Lizard Tail"},{"floor":40.0,"key":"InkBottle"},{"floor":43,"key":"MealTicket"}],"event_choices":[{"damage_healed":0.0,"max_hp_gain":0.0,"max_hp_loss":0.0,"gold_gain":175.0,"event_name":"Liars Game","player_choice":"AGREE","floor":2.0,"gold_loss":0.0,"damage_taken":0.0,"cards_obtained":["Doubt"]},{"cards_removed":["Doubt"],"damage_healed":0.0,"max_hp_gain":0.0,"max_hp_loss":0.0,"gold_gain":0.0,"event_name":"Golden Wing","player_choice":"Card Removal","floor":3.0,"gold_loss":0.0,"damage_taken":7.0},{"damage_healed":0.0,"max_hp_gain":0.0,"max_hp_loss":0.0,"gold_gain":75.0,"event_name":"World of Goop","player_choice":"Gather Gold","floor":11.0,"gold_loss":0.0,"damage_taken":11.0},{"damage_healed":0.0,"max_hp_gain":0.0,"max_hp_loss":0.0,"gold_gain":0.0,"event_name":"Addict","player_choice":"Obtained Relic","floor":19.0,"gold_loss":85.0,"damage_taken":0.0,"relics_obtained":["Thread and Needle"]},{"damage_healed":0.0,"max_hp_gain":0.0,"max_hp_loss":0.0,"gold_gain":0.0,"event_name":"Masked Bandits","player_choice":"Fought Bandits","floor":22.0,"gold_loss":0.0,"damage_taken":0.0},{"cards_removed":["ats:Sunburst"],"damage_healed":0.0,"max_hp_gain":0.0,"max_hp_loss":0.0,"gold_gain":0.0,"event_name":"Falling","player_choice":"Removed Attack","floor":36.0,"gold_loss":0.0,"damage_taken":0.0},{"damage_healed":0.0,"max_hp_gain":0.0,"max_hp_loss":0.0,"gold_gain":0.0,"event_name":"MindBloom","player_choice":"Fight","floor":37.0,"gold_loss":0.0,"damage_taken":0.0},{"damage_healed":0,"gold_gain":0,"player_choice":"Memory 1","damage_taken":0,"max_hp_gain":0,"max_hp_loss":0,"event_name":"SensoryStone","floor":45,"gold_loss":0},{"damage_healed":0,"gold_gain":0,"player_choice":"Max HP","damage_taken":0,"max_hp_gain":0,"max_hp_loss":4,"event_name":"Winding Halls","floor":47,"gold_loss":0}],"is_beta":false,"boss_relics":[{"not_picked":["Runic Pyramid","Tiny House"],"picked":"Velvet Choker"},{"not_picked":["Busted Crown","SacredBark"],"picked":"Philosopher\u0027s Stone"}],"items_purged_floors":[7,20,29,48],"is_endless":false,"potions_floor_spawned":[8,10,14,16,18,22,24,35,37,39],"ascension_level":0}}