{"host":"fevvm7bbzuh4s1jc","time":1609440050,"event":{"mods":["BaseMod","Highlight Path","Minty Spire (QoL Compilation)","Relic Stats"],"gold_per_floor":[110,110,120,120,139,169,169,169,194,194,19,19,33,46,46,120,120,133,4,4,4,24,24,52,63,108,108,108],"floor_reached":27,"playtime":886,"items_purged":["Defend_G","Strike_G"],"score":462,"play_id":"ec1e90f4-6da7-4266-abf4-48332e7f926c","local_time":"20201231134050","is_ascension_mode":true,"campfire_choices":[{"data":"Crippling Poison","floor":7.0,"key":"SMITH"},{"data":"Poisoned Stab","floor":10.0,"key":"SMITH"},{"data":"Neutralize","floor":15.0,"key":"SMITH"},{"data":"Dash","floor":23.0,"key":"SMITH"}],"circlet_count":0,"master_deck":["AscendersBane","Strike_G","Strike_G","Strike_G","Defend_G","Defend_G","Defend_G","Defend_G+1","Survivor","Neutralize+1","Crippling Poison+1","Quick Slash","Poisoned Stab+1","Backstab","Well Laid Plans+1","Dagger Spray","Dash+1","Adrenaline","Deflect","PiercingWail+1","Well Laid Plans+1","Die Die Die","Noxious Fumes+1"],"relics":["Ring of the Snake","NeowsBlessing","Frozen Egg 2","Bronze Scales","Pantograph","Omamori","HoveringKite","Happy Flower","Letter Opener","War Paint"],"acts_visited":["Exordium","TheCity"],"potions_floor_usage":[],"damage_taken":[{"damage":0.0,"enemies":"2 Louse","floor":1.0,"turns":1.0},{"damage":0.0,"enemies":"Jaw Worm","floor":3.0,"turns":1.0},{"damage":0.0,"enemies":"Cultist","floor":5.0,"turns":1.0},{"damage":24.0,"enemies":"Gremlin Nob","floor":6.0,"turns":4.0},{"damage":8.0,"enemies":"2 Fungi Beasts","floor":13.0,"turns":3.0},{"damage":0.0,"enemies":"Lots of Slimes","floor":14.0,"turns":3.0},{"damage":21.0,"enemies":"Hexaghost","floor":16.0,"turns":10.0},{"damage":4.0,"enemies":"Shell Parasite","floor":18.0,"turns":5.0},{"damage":4.0,"enemies":"Chosen","floor":22.0,"turns":5.0},{"damage":26.0,"enemies":"Slavers","floor":24.0,"turns":6.0},{"damage":3.0,"enemies":"Snecko","floor":25.0,"turns":4.0},{"damage":43,"enemies":"Cultist and Chosen","floor":27,"turns":5}],"seed_played":"-3913346234862030372","potions_obtained":[{"floor":1.0,"key":"Energy Potion"},{"floor":6.0,"key":"Dexterity Potion"},{"floor":12.0,"key":"BlessingOfTheForge"},{"floor":16.0,"key":"AttackPotion"},{"floor":18.0,"key":"GhostInAJar"},{"floor":25.0,"key":"EssenceOfSteel"}],"is_trial":false,"path_per_floor":["M","?","M","?","M","E","R","T","T","R","$","?","M","M","R","B",null,"M","$","?","?","M","R","E","M","T","M"],"character_chosen":"THE_SILENT","items_purchased":["Well Laid Plans+1","Dagger Spray","PiercingWail"],"campfire_rested":0,"item_purchase_floors":[11,11,19],"current_hp_per_floor":[59,41,41,34,34,10,10,10,10,10,10,10,2,2,2,6,51,47,47,47,47,43,43,17,14,14,0,0],"gold":108,"neow_bonus":"THREE_ENEMY_KILL","is_daily":false,"chose_seed":false,"campfire_upgraded":4,"win_rate":0.0,"timestamp":1609440050,"path_taken":["M","?","M","?","?","E","R","?","T","R","$","?","?","M","R","BOSS","M","?","?","?","?","R","E","M","T","M"],"items_purchased_type":["Card","Card","Card"],"build_version":"2020-12-22","purchased_purges":2,"victory":false,"max_hp_per_floor":[66,66,66,66,66,66,66,66,66,66,66,66,66,66,66,66,66,66,66,66,66,66,66,66,66,66,66,66],"relic_stats":{"Happy Flower":[6],"counters":[12,48],"Bronze Scales":[141],"Pantograph":25,"HoveringKite":[4],"Letter Opener":[5],"War Paint":["Defend_G","PiercingWail"],"obtain_stats":[{"NeowsBlessing":0,"Happy Flower":21,"Bronze Scales":6,"Pantograph":8,"HoveringKite":17,"Omamori":9,"Letter Opener":24,"Frozen Egg 2":2,"War Paint":26,"Ring of the Snake":0},{"NeowsBlessing":0,"Happy Flower":8,"Bronze Scales":4,"Pantograph":4,"HoveringKite":7,"Omamori":4,"Letter Opener":10,"Frozen Egg 2":1,"War Paint":11,"Ring of the Snake":0},{"NeowsBlessing":0,"Happy Flower":28,"Bronze Scales":7,"Pantograph":7,"HoveringKite":23,"Omamori":7,"Letter Opener":39,"Frozen Egg 2":1,"War Paint":43,"Ring of the Snake":0}],"Ring of the Snake":[24]},"card_choices":[{"not_picked":["Choke","PiercingWail"],"picked":"Crippling Poison","floor":1.0},{"not_picked":["Eviscerate","Leg Sweep"],"picked":"Quick Slash","floor":3.0},{"not_picked":["Underhanded Strike","Backflip"],"picked":"Poisoned Stab","floor":5.0},{"not_picked":["Blur","Poisoned Stab"],"picked":"Backstab","floor":6.0},{"not_picked":["All Out Attack","Expertise"],"picked":"Dash","floor":13.0},{"not_picked":["Unload","Finisher","Bane"],"picked":"SKIP","floor":14.0},{"not_picked":["Grand Finale","Doppelganger"],"picked":"Adrenaline","floor":16.0},{"not_picked":["Dagger Spray","Dash"],"picked":"Deflect","floor":18.0},{"not_picked":["Bane","Poisoned Stab"],"picked":"Well Laid Plans+1","floor":22.0},{"not_picked":["Slice","Well Laid Plans+1"],"picked":"Die Die Die","floor":24.0},{"not_picked":["Deadly Poison","Riddle With Holes"],"picked":"Noxious Fumes+1","floor":25.0}],"player_experience":2607278,"relics_obtained":[{"floor":6.0,"key":"Bronze Scales"},{"floor":8.0,"key":"Pantograph"},{"floor":9.0,"key":"Omamori"},{"floor":24.0,"key":"Letter Opener"},{"floor":26.0,"key":"War Paint"}],"event_choices":[{"damage_healed":0.0,"max_hp_gain":0.0,"max_hp_loss":0.0,"gold_gain":0.0,"event_name":"Scrap Ooze","player_choice":"Success","floor":2.0,"gold_loss":0.0,"damage_taken":18.0,"relics_obtained":["Frozen Egg 2"]},{"cards_removed":["Strike_G"],"damage_healed":0.0,"max_hp_gain":0.0,"max_hp_loss":0.0,"gold_gain":0.0,"event_name":"Golden Wing","player_choice":"Card Removal","floor":4.0,"gold_loss":0.0,"damage_taken":7.0},{"damage_healed":0.0,"max_hp_gain":0.0,"max_hp_loss":0.0,"gold_gain":0.0,"event_name":"Lab","player_choice":"Got Potions","floor":12.0,"gold_loss":0.0,"damage_taken":0.0},{"damage_healed":0.0,"max_hp_gain":0.0,"max_hp_loss":0.0,"gold_gain":0.0,"event_name":"Forgotten Altar","player_choice":"Smashed Altar","floor":20.0,"gold_loss":0.0,"damage_taken":0.0,"cards_obtained":["Decay"]},{"damage_healed":0.0,"max_hp_gain":0.0,"max_hp_loss":0.0,"gold_gain":0.0,"event_name":"WeMeetAgain","player_choice":"Gave Potion","floor":21.0,"gold_loss":0.0,"damage_taken":0.0,"relics_obtained":["Happy Flower"]}],"is_beta":false,"boss_relics":[{"not_picked":["Ectoplasm","Runic Pyramid"],"picked":"HoveringKite"}],"items_purged_floors":[11,19],"is_endless":false,"potions_floor_spawned":[1,6,16,18,25],"killed_by":"Cultist and Chosen","ascension_level":20}}