{"host":"9n6i2vl93jt4o42q","time":1609417090,"event":{"mods":["BaseMod","Minty Spire (QoL Compilation)","Relic Stats"],"gold_per_floor":[118,13,13,13,13,56,72,72,72,91,132,132,132,132,132,225,225,244,144,144,158,30,30,30],"floor_reached":23,"playtime":1414,"items_purged":["Injury","Strike_G"],"score":440,"play_id":"dcf7f1b2-4258-4bf2-b23d-c3ce95b4c118","local_time":"20201231131810","is_ascension_mode":true,"campfire_choices":[{"data":"Neutralize","floor":8,"key":"SMITH"},{"data":"Caltrops","floor":12,"key":"SMITH"},{"floor":15,"key":"REST"}],"circlet_count":0,"master_deck":["AscendersBane","Strike_G","Strike_G","Strike_G","Strike_G+1","Defend_G","Defend_G+1","Defend_G","Defend_G","Defend_G","Survivor","Neutralize+1","Prepared","Backflip","Deflect","Caltrops+1","Slice","Well Laid Plans","Crippling Poison","Venomology","Underhanded Strike+1","PiercingWail","Outmaneuver","Dagger Throw"],"relics":["Ring of the Snake","NeowsBlessing","Golden Idol","CultistMask","Toy Ornithopter","Centennial Puzzle","Pocketwatch","HoveringKite"],"acts_visited":["Exordium","TheCity"],"potions_floor_usage":[11,23,23,23,23],"damage_taken":[{"damage":0,"enemies":"2 Louse","floor":1,"turns":1},{"damage":0,"enemies":"3 Sentries","floor":6,"turns":1},{"damage":0,"enemies":"Small Slimes","floor":7,"turns":1},{"damage":3,"enemies":"Cultist","floor":10,"turns":4},{"damage":39,"enemies":"Gremlin Nob","floor":11,"turns":5},{"damage":25,"enemies":"The Guardian","floor":16,"turns":14},{"damage":0,"enemies":"3 Byrds","floor":18,"turns":2},{"damage":14,"enemies":"Chosen","floor":21,"turns":5},{"damage":61,"enemies":"Gremlin Leader","floor":23,"turns":9}],"seed_played":"1315802449923445533","potions_obtained":[{"floor":1,"key":"SneckoOil"},{"floor":18,"key":"Weak Potion"}],"is_trial":false,"path_per_floor":["M","$","?","?","?","E","M","R","T","M","E","R","?","?","R","B",null,"M","$","?","M","$","E"],"character_chosen":"THE_SILENT","items_purchased":["Backflip","Deflect","PiercingWail","Dagger Throw"],"campfire_rested":1,"item_purchase_floors":[2,2,19,22],"current_hp_per_floor":[59,59,64,64,64,64,64,64,64,61,27,27,6,6,27,2,54,54,54,54,40,40,0,0],"gold":30,"neow_bonus":"THREE_ENEMY_KILL","is_daily":false,"chose_seed":false,"campfire_upgraded":2,"win_rate":0.0,"timestamp":1609417090,"path_taken":["M","$","?","?","?","E","M","R","T","?","E","R","?","?","R","BOSS","M","$","?","M","$","E"],"items_purchased_type":["Card","Card","Card","Card"],"build_version":"2020-12-22","purchased_purges":2,"victory":false,"max_hp_per_floor":[66,66,71,71,71,71,71,71,71,71,71,71,71,71,71,71,71,71,71,71,71,71,71,71],"relic_stats":{"Centennial Puzzle":[15],"counters":[9,42],"Golden Idol":50,"HoveringKite":[7],"obtain_stats":[{"Centennial Puzzle":9,"NeowsBlessing":0,"Golden Idol":4,"HoveringKite":17,"CultistMask":5,"Toy Ornithopter":6,"Ring of the Snake":0,"Pocketwatch":11},{"Centennial Puzzle":3,"NeowsBlessing":0,"Golden Idol":1,"HoveringKite":6,"CultistMask":1,"Toy Ornithopter":2,"Ring of the Snake":0,"Pocketwatch":5},{"Centennial Puzzle":3,"NeowsBlessing":0,"Golden Idol":1,"HoveringKite":26,"CultistMask":1,"Toy Ornithopter":2,"Ring of the Snake":0,"Pocketwatch":12}],"Toy Ornithopter":25,"Ring of the Snake":[18],"Pocketwatch":[20]},"card_choices":[{"not_picked":["Reflex","Acrobatics"],"picked":"Prepared","floor":1},{"not_picked":["All Out Attack","PiercingWail"],"picked":"Caltrops","floor":6},{"not_picked":["PiercingWail","Calculated Gamble"],"picked":"Slice","floor":7},{"not_picked":["Caltrops","Bane"],"picked":"Well Laid Plans","floor":10},{"not_picked":["Slice","Flechettes"],"picked":"Crippling Poison","floor":11},{"not_picked":["Grand Finale","Adrenaline"],"picked":"Venomology","floor":16},{"not_picked":["Bane","Dagger Spray"],"picked":"Underhanded Strike+1","floor":18},{"not_picked":["Deflect","Poisoned Stab"],"picked":"Outmaneuver","floor":21}],"player_experience":1998561,"relics_obtained":[{"floor":6,"key":"Toy Ornithopter"},{"floor":9,"key":"Centennial Puzzle"},{"floor":11,"key":"Pocketwatch"}],"event_choices":[{"damage_healed":0,"gold_gain":0,"player_choice":"Donut","damage_taken":0,"max_hp_gain":5,"max_hp_loss":0,"event_name":"Big Fish","floor":3,"gold_loss":0},{"damage_healed":0,"gold_gain":0,"player_choice":"Take Wound","damage_taken":0,"relics_obtained":["Golden Idol"],"max_hp_gain":0,"max_hp_loss":0,"event_name":"Golden Idol","floor":4,"gold_loss":0,"cards_obtained":["Injury"]},{"damage_healed":0,"gold_gain":0,"player_choice":"Trade","damage_taken":0,"relics_obtained":["CultistMask"],"max_hp_gain":0,"max_hp_loss":0,"event_name":"FaceTrader","floor":5,"gold_loss":0},{"damage_healed":0,"gold_gain":0,"player_choice":"Entered Light","damage_taken":21,"max_hp_gain":0,"max_hp_loss":0,"event_name":"Shining Light","floor":13,"gold_loss":0,"cards_upgraded":["Strike_G","Defend_G"]},{"damage_healed":0,"gold_gain":0,"player_choice":"Ignored","damage_taken":0,"max_hp_gain":0,"max_hp_loss":0,"event_name":"Golden Wing","floor":14,"gold_loss":0},{"damage_healed":0,"gold_gain":0,"player_choice":"Ignored","damage_taken":0,"max_hp_gain":0,"max_hp_loss":0,"event_name":"Ghosts","floor":20,"gold_loss":0}],"is_beta":false,"boss_relics":[{"not_picked":["Empty Cage","Ring of the Serpent"],"picked":"HoveringKite"}],"items_purged_floors":[19,22],"is_endless":false,"potions_floor_spawned":[1,18],"killed_by":"Gremlin Leader","ascension_level":20}}