{"host":"873t0y8ybyo38pfq","time":1609442717,"event":{"mods":["BaseMod","Bestiary","Colored Map","Colored Powertips","Highlight Path","Minty Spire (QoL Compilation)","Quick Restart","RNG Fix","Rare Cards Sparkle","Relic Stats","StSLib"],"gold_per_floor":[111,14,24,34,53,53,87,87,138,150,167,197,209,227,227,303,303,319,0,13,13,25,25,25,40,64,64,95,95,145,174,174,174,174],"floor_reached":33,"playtime":1387,"items_purged":[],"score":673,"play_id":"39ae29de-ec33-4ee1-bbb8-6dfd0318a9c9","local_time":"20201231142517","is_ascension_mode":true,"campfire_choices":[{"data":"Apotheosis","floor":6,"key":"SMITH"},{"data":"BootSequence","floor":15,"key":"SMITH"},{"floor":23,"key":"REST"},{"data":"Machine Learning","floor":27,"key":"SMITH"},{"data":"Seek","floor":29,"key":"SMITH"},{"floor":32,"key":"REST"}],"circlet_count":0,"master_deck":["AscendersBane","Defend_B","Defend_B","Defend_B","Defend_B","Zap","Dualcast","Apotheosis+1","BootSequence+1","Lockon","Hologram","Redo","Seek+1","Steam Power","Machine Learning+1","Leap","All For One","Go for the Eyes+1","Necronomicurse","Bite","Bite","Bite","Bite","Bite","Glacier"],"relics":["Cracked Core","Smiling Mask","Singing Bowl","Eternal Feather","Busted Crown","Thread and Needle","Necronomicon","Strawberry","Mercury Hourglass","Toy Ornithopter"],"acts_visited":["Exordium","TheCity"],"potions_floor_usage":[7,7,16,20,20,25,31],"damage_taken":[{"damage":4,"enemies":"Jaw Worm","floor":1,"turns":3},{"damage":0,"enemies":"2 Louse","floor":3,"turns":3},{"damage":0,"enemies":"Cultist","floor":4,"turns":2},{"damage":3,"enemies":"Blue Slaver","floor":5,"turns":2},{"damage":2,"enemies":"3 Sentries","floor":7,"turns":4},{"damage":0,"enemies":"2 Fungi Beasts","floor":10,"turns":3},{"damage":7,"enemies":"Lots of Slimes","floor":11,"turns":5},{"damage":0,"enemies":"Lagavulin","floor":12,"turns":7},{"damage":1,"enemies":"3 Louse","floor":13,"turns":2},{"damage":1,"enemies":"Looter","floor":14,"turns":2},{"damage":5,"enemies":"The Guardian","floor":16,"turns":10},{"damage":0,"enemies":"Spheric Guardian","floor":18,"turns":3},{"damage":0,"enemies":"3 Byrds","floor":20,"turns":3},{"damage":11,"enemies":"Shelled Parasite and Fungi","floor":22,"turns":4},{"damage":19,"enemies":"3 Cultists","floor":25,"turns":6},{"damage":18,"enemies":"Book of Stabbing","floor":28,"turns":4},{"damage":46,"enemies":"Gremlin Leader","floor":31,"turns":5},{"damage":80,"enemies":"Collector","floor":33,"turns":9}],"seed_played":"-5139628224253329813","potions_obtained":[{"floor":1,"key":"SneckoOil"},{"floor":5,"key":"Regen Potion"},{"floor":7,"key":"LiquidMemories"},{"floor":13,"key":"FocusPotion"},{"floor":16,"key":"GamblersBrew"},{"floor":20,"key":"SkillPotion"},{"floor":25,"key":"AttackPotion"}],"is_trial":false,"path_per_floor":["M","$","M","M","M","R","E","?","T","M","M","E","M","M","R","B",null,"M","$","M","?","M","R","?","M","T","R","E","R","?","E","R","B"],"character_chosen":"DEFECT","items_purchased":["Lockon","AttackPotion","Thread and Needle"],"campfire_rested":2,"item_purchase_floors":[2,2,19],"current_hp_per_floor":[42,42,42,42,39,39,49,23,23,25,20,20,19,20,32,27,65,67,67,67,46,37,73,56,54,61,65,47,62,56,25,60,0,0],"gold":174,"neow_bonus":"RANDOM_COLORLESS_2","is_daily":false,"chose_seed":false,"campfire_upgraded":4,"win_rate":0.0,"timestamp":1609442717,"path_taken":["M","$","M","M","M","R","E","?","T","M","M","E","M","M","R","BOSS","M","$","M","?","M","R","?","M","T","R","E","R","?","E","R","BOSS"],"items_purchased_type":["Card","Potion","Relic"],"build_version":"2020-12-22","purchased_purges":0,"victory":false,"max_hp_per_floor":[71,71,71,71,71,71,71,71,71,73,75,75,75,77,77,77,77,79,79,79,79,81,81,56,58,65,65,65,65,65,67,67,67,67],"relic_stats":{"Busted Crown":12,"Singing Bowl":14,"counters":[18,77],"Eternal Feather":58,"Necronomicon":[14],"Smiling Mask":0,"obtain_stats":[{"Busted Crown":17,"Singing Bowl":8,"Strawberry":26,"Eternal Feather":12,"Thread and Needle":19,"Necronomicon":21,"Cracked Core":0,"Smiling Mask":7,"Toy Ornithopter":31,"Mercury Hourglass":28},{"Busted Crown":11,"Singing Bowl":5,"Strawberry":15,"Eternal Feather":8,"Thread and Needle":12,"Necronomicon":13,"Cracked Core":0,"Smiling Mask":5,"Toy Ornithopter":17,"Mercury Hourglass":16},{"Busted Crown":43,"Singing Bowl":14,"Strawberry":59,"Eternal Feather":29,"Thread and Needle":46,"Necronomicon":49,"Cracked Core":0,"Smiling Mask":14,"Toy Ornithopter":68,"Mercury Hourglass":63}],"Toy Ornithopter":0,"Mercury Hourglass":[72]},"card_choices":[{"not_picked":["Panache","Magnetism"],"picked":"Apotheosis","floor":0},{"not_picked":["Undo","Turbo"],"picked":"BootSequence","floor":1},{"not_picked":["Aggregate","Steam Power"],"picked":"Hologram","floor":3},{"not_picked":["Leap","Hello World"],"picked":"Redo","floor":4},{"not_picked":["White Noise","Cold Snap"],"picked":"Seek","floor":5},{"not_picked":["Sweeping Beam","Stack"],"picked":"Steam Power","floor":7},{"not_picked":["Scrape","Hologram","Rebound"],"picked":"Singing Bowl","floor":10},{"not_picked":["Conserve Battery","Sweeping Beam","Stack"],"picked":"Singing Bowl","floor":11},{"not_picked":["Conserve Battery","Scrape"],"picked":"Machine Learning","floor":12},{"not_picked":["Skim","Static Discharge"],"picked":"Leap","floor":13},{"not_picked":["Rebound","Steam Power","Sweeping Beam"],"picked":"Singing Bowl","floor":14},{"not_picked":["Meteor Strike","Fission"],"picked":"All For One","floor":16},{"not_picked":["Hologram"],"picked":"Singing Bowl","floor":18},{"not_picked":[],"picked":"Go for the Eyes+1","floor":20},{"not_picked":["Stack"],"picked":"Singing Bowl","floor":22},{"not_picked":["Ball Lightning"],"picked":"Singing Bowl","floor":25},{"not_picked":[],"picked":"Glacier","floor":28},{"not_picked":["Gash"],"picked":"Singing Bowl","floor":31}],"player_experience":1451960,"relics_obtained":[{"floor":7,"key":"Smiling Mask"},{"floor":12,"key":"Eternal Feather"},{"floor":21,"key":"Necronomicon"},{"floor":26,"key":"Strawberry"},{"floor":28,"key":"Mercury Hourglass"},{"floor":31,"key":"Toy Ornithopter"}],"event_choices":[{"damage_healed":0,"gold_gain":0,"player_choice":"Success","damage_taken":26,"relics_obtained":["Singing Bowl"],"max_hp_gain":0,"max_hp_loss":0,"event_name":"Scrap Ooze","floor":8,"gold_loss":0},{"damage_healed":0,"gold_gain":0,"player_choice":"Obtained Book","damage_taken":21,"max_hp_gain":0,"max_hp_loss":0,"event_name":"Cursed Tome","floor":21,"gold_loss":0},{"damage_healed":0,"gold_gain":0,"player_choice":"Became a vampire","damage_taken":0,"max_hp_gain":0,"max_hp_loss":25,"event_name":"Vampires","floor":24,"gold_loss":0,"cards_obtained":["Bite","Bite","Bite","Bite","Bite"]},{"damage_healed":0,"gold_gain":50,"player_choice":"Touch","damage_taken":6,"max_hp_gain":0,"max_hp_loss":0,"event_name":"FaceTrader","floor":30,"gold_loss":0}],"is_beta":false,"boss_relics":[{"not_picked":["FrozenCore","Runic Dome"],"picked":"Busted Crown"}],"items_purged_floors":[],"is_endless":false,"potions_floor_spawned":[1,5,7,13,16,20,25],"killed_by":"Collector","ascension_level":20}}