{"host":"89b1o62hw5aqf71h","time":1609374370,"event":{"mods":["Ascension Reborn","Ascension Unlocker","Aspiration","Bard","BaseMod","Bestiary","Better Silent Start","Better-Laid Plans","BetterRewards","CatGirl Mod","Challenge The Spire","Colored Map","Colored Powertips","Conspire","Energized Spire","Hubris","Infinite Spire","JesterMod","Marisa????????","Mimic Mod","Minty Spire (QoL Compilation)","Potionbrewer","Random Character Button","Random Character Mod","Replay The Spire","Retaliation","Shop Mod","Small Relic Pack","Spicy Shops","Spikes Relics","StSLib","The Blue Laboratory","The Hierophant","The Poker Player","The Saiyan","The Vixen","TheArtist","TheVelvet","Thieving Mod","Uncapped","Waifu the Spire","everything is the same but u backflip on backflip","vexMod","??????REMEMod"],"gold_per_floor":[16,16,50,79,111,111,48,48,81,106,137,137,48,48,79,109,135,170],"floor_reached":19,"playtime":1501,"items_purged":["Saiyan:SuperSaiyanThree"],"score":470,"play_id":"8fb8b24d-b8b3-4ef8-9af9-661d86dc0040","local_time":"20201230192610","daily_mods":["challengethespire:Bronze Difficulty","challengethespire:Modded Elite Rush","Uncertain Future"],"is_ascension_mode":false,"metric_token":2834,"campfire_choices":[{"data":"PokerPlayerMod:Manipulation","floor":2.0,"key":"SMITH"},{"data":"PokerPlayerMod:ItsShowtime","floor":8,"key":"SMITH"},{"data":"Apotheosis","floor":14,"key":"SMITH"}],"circlet_count":0,"master_deck":["PokerPlayerMod:Diamond1","PokerPlayerMod:Diamond2","PokerPlayerMod:Diamond3","PokerPlayerMod:Diamond5","PokerPlayerMod:Diamond5","PokerPlayerMod:Spade1","PokerPlayerMod:Spade2","PokerPlayerMod:Spade3","PokerPlayerMod:Spade4","PokerPlayerMod:Club1","PokerPlayerMod:Club2","PokerPlayerMod:Heart2","PokerPlayerMod:TrumpStrike","PokerPlayerMod:BadJoker","PokerPlayerMod:Mulligan+1","PokerPlayerMod:Trickery","PokerPlayerMod:Trickery","PokerPlayerMod:Raise","PokerPlayerMod:FlyingCard","PokerPlayerMod:PoorCopy","PokerPlayerMod:FakeSymbols","Apotheosis+1","PokerPlayerMod:Manipulation+1","PokerPlayerMod:Overdeal","Madness","PokerPlayerMod:ItsShowtime+1","PokerPlayerMod:GamblerForm","PokerPlayerMod:Spade9","PokerPlayerMod:Promotion+1","PokerPlayerMod:Promotion","PokerPlayerMod:TheDieIsCast","PokerPlayerMod:Spade4","PokerPlayerMod:FillThePot","PokerPlayerMod:Promotion","PokerPlayerMod:FillThePot","PokerPlayerMod:ClubShade","PokerPlayerMod:VarietyAttack"],"relics":["PokerPlayerMod:DeckCase","Black Star","Sling","PreservedInsect","REME_ComplimentaryCards","TheAbacus","potionbrewer:BoosterPack","BicycleWheel","Pet Ghost","Letter Opener","Regal Pillow","Potion Belt","Replay:Rubber Ducky","FossilizedHelix","Painkiller Herb","Mummified Hand","Replay:Bottled Eggs","aspiration:Lifesprig","REME_HandOfSuture","Replay:Accelerometer","vexMod:BarristanHead","vexMod:TanglingVine","Replay:Arrowhead","War Paint","potionbrewer:ToyAutogyro","Replay:Bottled Flurry","StrikeDummy","hubris:FunFungus","potionbrewer:MortarAndPestle","CrustySpines"],"acts_visited":["Exordium"],"potions_floor_usage":[5,16],"damage_taken":[{"damage":6.0,"enemies":"Lagavulin","floor":3.0,"turns":3.0},{"damage":0.0,"enemies":"Replay:BlueRogue","floor":4.0,"turns":4.0},{"damage":4,"enemies":"3 Sentries","floor":5,"turns":3},{"damage":0,"enemies":"conspire:SneckoGhost","floor":9,"turns":4},{"damage":0,"enemies":"conspire:Head Lice","floor":10,"turns":5},{"damage":0,"enemies":"REME_1_Revenger","floor":11,"turns":4},{"damage":9,"enemies":"Reptomancer","floor":15,"turns":3},{"damage":0,"enemies":"Giant Head","floor":16,"turns":4},{"damage":2,"enemies":"Nemesis","floor":17,"turns":5},{"damage":0,"enemies":"Shield and Spear","floor":18,"turns":2}],"seed_played":"-9181714981002912849","potions_obtained":[{"floor":4.0,"key":"Energy Potion"},{"floor":5,"key":"blueLaboratory:BottleOfVodka"},{"floor":15,"key":"blueLaboratory:BottleOfRum"},{"floor":18,"key":"blueLaboratory:PyrophylliteBrew"}],"is_trial":true,"path_per_floor":["$","R","E","E","E","T","T","T","E","E","E","T","T","T","E","E","E","E",null],"character_chosen":"THE_POKER_PLAYER","items_purchased":["TheAbacus","potionbrewer:BoosterPack","BicycleWheel","Apotheosis","PokerPlayerMod:Manipulation","potionbrewer:DiscountPotion","PokerPlayerMod:Spade9","PokerPlayerMod:Spade4","PokerPlayerMod:FillThePot"],"campfire_rested":0,"item_purchase_floors":[1,1,1,1,1,1,7,13,13],"current_hp_per_floor":[52,52,49,52,48,48,48,48,52,52,52,52,52,52,43,49,50,50],"gold":170,"neow_bonus":"","is_daily":false,"chose_seed":false,"campfire_upgraded":3,"win_rate":0.0,"timestamp":1609374370,"path_taken":["$","R","E","E","E","T","T","T","E","E","E","T","T","T","E","E","E","E"],"items_purchased_type":["Relic","Relic","Relic","Card","Card","Potion","Card","Card","Card"],"build_version":"2020-12-22","purchased_purges":1,"victory":true,"max_hp_per_floor":[52,52,52,52,52,52,52,52,52,52,52,52,52,52,52,52,52,52],"card_choices":[],"player_experience":11412,"relics_obtained":[{"floor":3.0,"key":"Pet Ghost"},{"floor":3.0,"key":"Letter Opener"},{"floor":4.0,"key":"Regal Pillow"},{"floor":4.0,"key":"Potion Belt"},{"floor":5,"key":"Replay:Rubber Ducky"},{"floor":5,"key":"FossilizedHelix"},{"floor":9,"key":"Mummified Hand"},{"floor":9,"key":"Replay:Bottled Eggs"},{"floor":10,"key":"aspiration:Lifesprig"},{"floor":10,"key":"REME_HandOfSuture"},{"floor":11,"key":"Replay:Accelerometer"},{"floor":11,"key":"vexMod:BarristanHead"},{"floor":15,"key":"Replay:Arrowhead"},{"floor":15,"key":"War Paint"},{"floor":16,"key":"potionbrewer:ToyAutogyro"},{"floor":16,"key":"Replay:Bottled Flurry"},{"floor":17,"key":"StrikeDummy"},{"floor":17,"key":"hubris:FunFungus"},{"floor":18,"key":"potionbrewer:MortarAndPestle"},{"floor":18,"key":"CrustySpines"}],"event_choices":[],"is_beta":false,"boss_relics":[{"not_picked":["energizedSpire:RedRose","SlaversCollar"],"picked":"Painkiller Herb"},{"not_picked":["Velvet Choker","Runic Dome"],"picked":"vexMod:TanglingVine"}],"items_purged_floors":[1],"is_endless":false,"potions_floor_spawned":[4,5,15,18],"ascension_level":0}}