{"host":"vh33hu3wddwn6yt6","time":1609433099,"event":{"mods":["AchievementEnabler","Act Like it!","Aspiration","BaseMod","Better Altar","Better Match","Better Note","Better Sensory Stone","Better Skull","Better Third Choice","BetterRewards","Downfall","Hermit","Hubris","Infinite Spire","Minty Spire (QoL Compilation)","Permanent Neow","Replay The Spire","Shade Mod","Shop Mod","Spicy Shops","StSLib","SuperFastMode","The Blackbeard","The Necromancer","The Runesmith","The Servant 0.9.4","TheBandit","Wandering Minibosses"],"gold_per_floor":[99,113,113,123,143,143,218,243,89,14,45,58,58,89,103,103,103],"floor_reached":16,"playtime":574,"items_purged":[],"score":126,"play_id":"c04abd13-f93c-4780-9f10-1ef04cdd5254","local_time":"20201231174459","is_ascension_mode":true,"campfire_choices":[{"floor":1,"key":"RECALL"},{"data":"hermit:Brawl","floor":10,"key":"SMITH"}],"circlet_count":0,"master_deck":["hermit:Strike_Hermit","hermit:Strike_Hermit+1","hermit:Strike_Hermit","hermit:Strike_Hermit+1","hermit:Defend_Hermit","hermit:Defend_Hermit","hermit:Defend_Hermit","hermit:Defend_Hermit","hermit:Snapshot","hermit:Covet","hermit:Glare+1","hermit:Headshot","hermit:Brawl+1","hermit:WideOpen","Summon_Vampire_Lady","hermit:Maintenance"],"relics":["hermit:Momento","Blue Doll","hubris:DisguiseKit","aspiration:SeaSaltIceCream","aspiration:Stabinomicon","Replay:Baseball","Ice Cream","downfall:HeartBlessingRed","Ornamental Fan","Simple Rune"],"acts_visited":["Exordium"],"potions_floor_usage":[8,8,14],"damage_taken":[{"damage":4,"enemies":"Small Slimes","floor":2,"turns":5},{"damage":1,"enemies":"Cultist","floor":4,"turns":3},{"damage":0,"enemies":"2 Louse","floor":5,"turns":2},{"damage":9,"enemies":"3 Sentries","floor":8,"turns":7},{"damage":0,"enemies":"downfall:FleeingMerchant","floor":9,"turns":4},{"damage":13,"enemies":"Lagavulin","floor":11,"turns":5},{"damage":7,"enemies":"Blue Slaver","floor":12,"turns":2},{"damage":9,"enemies":"3 Sentries","floor":14,"turns":6},{"damage":9,"enemies":"3 Louse","floor":15,"turns":3},{"damage":26,"enemies":"downfall:Silent","floor":16,"turns":4}],"seed_played":"8747763840411125616","potions_obtained":[{"floor":4,"key":"PowerPotion"},{"floor":5,"key":"Adrenaline Potion"},{"floor":11,"key":"Explosive Potion"},{"floor":12,"key":"hexamod:EctoCoolerPotion"},{"floor":14,"key":"FearPotion"}],"is_trial":false,"path_per_floor":["R","M","?","M","M","?","T","E","$","R","E","M","?","E","M","B"],"character_chosen":"HERMIT","items_purchased":["Ice Cream","hermit:Brawl"],"campfire_rested":0,"item_purchase_floors":[9,9],"current_hp_per_floor":[75,71,71,70,70,70,70,61,61,61,48,41,41,32,23,0,0],"gold":103,"neow_bonus":"RANDOM_COMMON_RELIC","is_daily":false,"chose_seed":false,"campfire_upgraded":1,"win_rate":0.0,"timestamp":1609433099,"path_taken":["R","M","?","M","?","?","T","E","$","R","E","M","?","E","M","BOSS"],"items_purchased_type":["Relic","Card"],"build_version":"2020-12-22","purchased_purges":0,"victory":false,"max_hp_per_floor":[75,75,75,75,75,75,75,75,75,75,75,75,75,75,75,75,75],"card_choices":[{"not_picked":["hermit:Coalescence","hermit:Snipe"],"picked":"hermit:Glare","floor":2},{"not_picked":["hermit:Shortfuse","hermit:Scavenge"],"picked":"hermit:Headshot","floor":4},{"not_picked":["hermit:Snipe","hermit:Coalescence","hermit:Vantage"],"picked":"SKIP","floor":5},{"not_picked":["hermit:TrackingShot","hermit:Maintenance","hermit:FatalDesire","Blood_Whip"],"picked":"SKIP","floor":8},{"not_picked":["hermit:HeroicBravado","hermit:HighCaliber","hermit:Maintenance","Scare"],"picked":"SKIP","floor":9},{"not_picked":["hermit:Coalescence","hermit:Feint","Finger_Of_Death"],"picked":"hermit:WideOpen","floor":11},{"not_picked":["hermit:WideOpen","hermit:Cheat","hermit:Spite","Bone_Armory"],"picked":"SKIP","floor":12},{"not_picked":["hermit:Enervate","hermit:Glare","hermit:Roulette"],"picked":"Summon_Vampire_Lady","floor":14},{"not_picked":["hermit:Feint","hermit:Misfire","Negative_Energy_Shield"],"picked":"hermit:Maintenance","floor":15}],"player_experience":614630,"relics_obtained":[{"floor":7,"key":"aspiration:SeaSaltIceCream"},{"floor":8,"key":"Replay:Baseball"},{"floor":11,"key":"Ornamental Fan"},{"floor":14,"key":"Simple Rune"}],"event_choices":[{"damage_healed":0,"gold_gain":0,"player_choice":"Forge","damage_taken":0,"max_hp_gain":0,"max_hp_loss":0,"event_name":"Accursed Blacksmith","floor":3,"gold_loss":0,"cards_upgraded":["hermit:Glare"]}],"is_beta":false,"boss_relics":[],"items_purged_floors":[],"is_endless":false,"potions_floor_spawned":[4,5,11,12,14],"killed_by":"downfall:Silent","ascension_level":1}}