{"host":"8fjsnt81u6xsmhji","time":1609415109,"event":{"mods":["BaseMod","Beaked The Cultist","Colored Powertips","Downfall","Glutton Mod","Hermit","Minty Spire (QoL Compilation)","Quick Restart","StSLib","The Bug Knight","The Forsaken","The Hierophant"],"gold_per_floor":[99,99,110,136,151,99,167,195,107,126,126,151,76,61,75,171,171,171,188,199,199,199,199,199,210,226,226,226,226],"floor_reached":27,"playtime":1318,"items_purged":[],"score":271,"play_id":"6b64115e-a5e3-4a9d-8a5f-00db5041986b","local_time":"20201231054509","daily_mods":["Flight","DeadlyEvents"],"is_ascension_mode":false,"campfire_choices":[{"data":"hexamod:Float","floor":1,"key":"SMITH"},{"floor":11,"key":"RECALL"},{"floor":13,"key":"REST"},{"data":"hexamod:HexaLevel","floor":18,"key":"SMITH"}],"circlet_count":0,"master_deck":["hexamod:Strike","hexamod:Strike","hexamod:Strike","hexamod:Strike","hexamod:Defend","hexamod:Defend","hexamod:Defend","hexamod:Defend","hexamod:Sear","hexamod:Float+1","hexamod:EmpoweredFlame","hexamod:StepThrough","hexamod:FourthSeal","hexamod:ChargedBarrage","hexamod:GhostOfSpireFuture","hexamod:InspiringFlames","hexamod:ExtraCrispy","hexamod:GhostflameInferno","hexamod:HexaLevel+1","hexamod:SoulSteal+1","hexamod:ThirdSeal","hexamod:GhostOfSpireFuture","hexamod:ApocalypticArmor"],"relics":["hexamod:SpiritBrand","Oddly Smooth Stone","beaked:ShinyBauble","CaptainsWheel","theForsaken:Lifeblossom","downfall:HeartBlessingRed","beaked:SacredDeck","TungstenRod","hexamod:BolsterEngine","champ:DeflectingBracers"],"acts_visited":["Exordium","TheCity"],"potions_floor_usage":[12,14,16,16,27,27],"damage_taken":[{"damage":1,"enemies":"Small Slimes","floor":3,"turns":4},{"damage":0,"enemies":"Jaw Worm","floor":5,"turns":3},{"damage":0,"enemies":"downfall:FleeingMerchant","floor":6,"turns":4},{"damage":18,"enemies":"Lagavulin","floor":8,"turns":6},{"damage":1,"enemies":"downfall:FleeingMerchant","floor":9,"turns":4},{"damage":0,"enemies":"Cultist","floor":10,"turns":5},{"damage":0,"enemies":"Gremlin Nob","floor":12,"turns":4},{"damage":8,"enemies":"downfall:FleeingMerchant","floor":14,"turns":4},{"damage":5,"enemies":"3 Louse","floor":15,"turns":5},{"damage":50,"enemies":"downfall:Defect","floor":16,"turns":8},{"damage":14,"enemies":"3 Byrds","floor":19,"turns":6},{"damage":2,"enemies":"Spheric Guardian","floor":20,"turns":5},{"damage":39,"enemies":"Cultist and Chosen","floor":25,"turns":8},{"damage":21,"enemies":"Snecko","floor":26,"turns":8},{"damage":21,"enemies":"Gremlin Leader","floor":27,"turns":3}],"seed_played":"-4287561580132272520","potions_obtained":[{"floor":3,"key":"PowerPotion"},{"floor":8,"key":"DistilledChaos"},{"floor":9,"key":"Dexterity Potion"},{"floor":10,"key":"hexamod:DoubleChargePotion"},{"floor":12,"key":"PowerPotion"},{"floor":15,"key":"Energy Potion"},{"floor":16,"key":"DuplicationPotion"},{"floor":19,"key":"FearPotion"},{"floor":20,"key":"CultistPotion"}],"is_trial":true,"path_per_floor":["R","?","M","T","M","$","T","E","$","M","R","E","R","$","M","B",null,"R","M","M","?","T","T","T","M","M","E"],"character_chosen":"THE_SPIRIT","items_purchased":["hexamod:StepThrough","hexamod:ChargedBarrage"],"campfire_rested":1,"item_purchase_floors":[6,9],"current_hp_per_floor":[70,70,69,69,69,69,69,51,50,50,50,50,70,63,64,20,70,70,59,63,63,63,63,63,30,15,0,0,0],"gold":226,"neow_bonus":"","is_daily":false,"chose_seed":false,"campfire_upgraded":2,"win_rate":0.0,"timestamp":1609415109,"path_taken":["R","?","M","?","?","?","T","?","?","?","R","?","R","?","M","BOSS","R","M","M","?","?","?","T","?","?","?"],"items_purchased_type":["Card","Card"],"build_version":"2020-12-22","purchased_purges":0,"victory":false,"max_hp_per_floor":[70,70,70,70,70,70,70,70,70,70,70,70,70,70,70,70,70,70,70,70,70,70,70,70,70,70,70,70,70],"card_choices":[{"not_picked":["hexamod:PowerFromBeyond","hexamod:GhostLash"],"picked":"hexamod:EmpoweredFlame","floor":3},{"not_picked":["hexamod:BacktrackSmack","hexamod:NightmareStrike","hexamod:Rewind"],"picked":"SKIP","floor":5},{"not_picked":["hexamod:Firestarter","hexamod:GhostLash"],"picked":"hexamod:Hexaguard","floor":6},{"not_picked":["hexamod:DynamicBlow","hexamod:GhostOfSpireFuture"],"picked":"hexamod:FourthSeal","floor":8},{"not_picked":["hexamod:PhantomFireball","hexamod:Firestarter","hexamod:AdvancingGuard"],"picked":"SKIP","floor":9},{"not_picked":["hexamod:SpectralSpark","hexamod:Incineration"],"picked":"hexamod:GhostOfSpireFuture","floor":10},{"not_picked":["hexamod:GhostLash","hexamod:SkipABeat"],"picked":"hexamod:InspiringFlames","floor":12},{"not_picked":["hexamod:ShieldOfDarkness","hexamod:NightmareStrike","hexamod:UnlimitedPower"],"picked":"SKIP","floor":14},{"not_picked":["hexamod:InspiringFlames","hexamod:GhostLash"],"picked":"hexamod:ExtraCrispy","floor":15},{"not_picked":["hexamod:TurnItUp","hexamod:SearingWound"],"picked":"hexamod:GhostflameInferno","floor":16},{"not_picked":["hexamod:Rewind","hexamod:HauntingEcho"],"picked":"hexamod:SoulSteal+1","floor":19},{"not_picked":["hexamod:GhostLash","hexamod:Firestarter","hexamod:BacktrackSmack"],"picked":"SKIP","floor":20},{"not_picked":["hexamod:BurningTouch+1","hexamod:Hexaguard"],"picked":"hexamod:GhostOfSpireFuture","floor":25},{"not_picked":["hexamod:CatchUp","hexamod:BacktrackSmack+1","hexamod:FourthSeal"],"picked":"SKIP","floor":25},{"not_picked":["hexamod:BacktrackSmack","hexamod:Incineration"],"picked":"hexamod:ApocalypticArmor","floor":26},{"not_picked":["hexamod:HeatShield+1","hexamod:InspiringFlames","hexamod:SpectersWail"],"picked":"SKIP","floor":26}],"player_experience":652505,"relics_obtained":[{"floor":4,"key":"Oddly Smooth Stone"},{"floor":7,"key":"beaked:ShinyBauble"},{"floor":8,"key":"CaptainsWheel"},{"floor":12,"key":"theForsaken:Lifeblossom"},{"floor":22,"key":"TungstenRod"},{"floor":23,"key":"hexamod:BolsterEngine"},{"floor":24,"key":"champ:DeflectingBracers"}],"event_choices":[],"is_beta":false,"boss_relics":[{"not_picked":["hexamod:IceCube","Empty Cage"],"picked":"beaked:SacredDeck"}],"items_purged_floors":[],"is_endless":false,"potions_floor_spawned":[3,8,20],"killed_by":"Gremlin Leader","ascension_level":0}}