{"host":"tcbcu0e72zetwacg","time":1609444198,"event":{"mods":["AchievementEnabler","BaseMod","Downfall","Minty Spire (QoL Compilation)","StSLib"],"gold_per_floor":[99,116,129,140,156,182,182,209,209,209,237,87,87,106,127,236,236,236,32,32,32,32,32,32,32,32,32,32,32,32,32],"floor_reached":29,"playtime":2370,"items_purged":["hexamod:Strike"],"score":284,"play_id":"a6c1e03b-335d-42e6-9f02-282127486030","local_time":"20201231214958","is_ascension_mode":false,"campfire_choices":[{"data":"hexamod:Float","floor":1,"key":"SMITH"},{"data":"hexamod:FastForward","floor":9,"key":"SMITH"},{"data":"hexamod:EmpoweredFlame","floor":13,"key":"SMITH"},{"data":"hexamod:TimeWarp","floor":18,"key":"SMITH"},{"floor":25,"key":"REST"}],"circlet_count":0,"master_deck":["hexamod:Strike","hexamod:Strike+1","hexamod:Strike+1","hexamod:Defend+1","hexamod:Defend","hexamod:Defend+1","hexamod:Defend","hexamod:Sear","hexamod:Float+1","hexamod:FourthSeal","hexamod:FastForward+1","hexamod:InspiringFlames+1","hexamod:FirstSeal","hexamod:SecondSeal","hexamod:Firestarter+1","hexamod:EmpoweredFlame+1","hexamod:TimeWarp+1","hexamod:Again+1","hexamod:SixthSeal","hexamod:TimeOfNeed+1","hexamod:FastForward+1","hexamod:ExtraCrispy","hexamod:DynamicBlow+1","hexamod:ShieldOfDarkness+1"],"relics":["hexamod:SpiritBrand","Strawberry","Pantograph","Pocketwatch","Toxic Egg 2","downfall:Hecktoplasm","Boot","Nunchaku"],"acts_visited":["Exordium","TheCity"],"potions_floor_usage":[6,11,11,22,23,26],"damage_taken":[{"damage":1,"enemies":"Jaw Worm","floor":2,"turns":4},{"damage":0,"enemies":"Small Slimes","floor":3,"turns":3},{"damage":0,"enemies":"Cultist","floor":4,"turns":3},{"damage":11,"enemies":"3 Louse","floor":5,"turns":5},{"damage":59,"enemies":"Gremlin Nob","floor":6,"turns":6},{"damage":8,"enemies":"Blue Slaver","floor":8,"turns":5},{"damage":2,"enemies":"Lagavulin","floor":11,"turns":5},{"damage":6,"enemies":"Large Slime","floor":14,"turns":7},{"damage":6,"enemies":"Exordium Wildlife","floor":15,"turns":5},{"damage":30,"enemies":"downfall:Watcher","floor":16,"turns":10},{"damage":0,"enemies":"downfall:FleeingMerchant","floor":19,"turns":4},{"damage":29,"enemies":"Chosen","floor":21,"turns":8},{"damage":1,"enemies":"3 Byrds","floor":22,"turns":5},{"damage":63,"enemies":"Slavers","floor":23,"turns":7},{"damage":4,"enemies":"3 Cultists","floor":26,"turns":4},{"damage":17,"enemies":"Centurion and Healer","floor":27,"turns":6},{"damage":23,"enemies":"Cultist and Chosen","floor":28,"turns":7},{"damage":28,"enemies":"Gremlin Leader","floor":29,"turns":2}],"seed_played":"-8945227202697698073","potions_obtained":[{"floor":2,"key":"SteroidPotion"},{"floor":3,"key":"SneckoOil"},{"floor":5,"key":"LiquidBronze"},{"floor":5,"key":"Regen Potion"},{"floor":6,"key":"FearPotion"},{"floor":8,"key":"hexamod:InfernoChargePotion"},{"floor":14,"key":"sneckomod:MuddlingPotion"},{"floor":19,"key":"FearPotion"},{"floor":20,"key":"CultistPotion"},{"floor":21,"key":"hexamod:InfernoChargePotion"},{"floor":22,"key":"hexamod:EctoCoolerPotion"},{"floor":23,"key":"PowerPotion"}],"is_trial":false,"path_per_floor":["R","M","M","M","M","E","T","M","R","?","E","?","R","M","M","B",null,"R","$","?","M","M","E","T","R","M","M","M","E"],"character_chosen":"THE_SPIRIT","items_purchased":["hexamod:FastForward+1","hexamod:ExtraCrispy"],"campfire_rested":1,"item_purchase_floors":[19,19],"current_hp_per_floor":[77,76,76,76,65,34,34,33,33,21,19,94,94,88,89,64,94,94,94,94,72,78,22,22,50,53,43,27,0,0,0],"gold":32,"neow_bonus":"TEN_PERCENT_HP_BONUS","is_daily":false,"chose_seed":false,"campfire_upgraded":4,"win_rate":0.0,"timestamp":1609444198,"path_taken":["R","M","M","M","M","E","T","M","R","?","E","?","R","?","M","BOSS","R","$","?","M","M","E","T","R","M","M","M","E"],"items_purchased_type":["Card","Card"],"build_version":"2020-12-22","purchased_purges":1,"victory":false,"max_hp_per_floor":[77,77,77,77,77,84,84,84,84,84,84,94,94,94,94,94,94,94,94,94,94,94,94,94,94,94,94,94,94,94,94],"card_choices":[{"not_picked":["hexamod:NightmareGuise","hexamod:Rewind"],"picked":"hexamod:FourthSeal","floor":2},{"not_picked":["hexamod:CatchUp","hexamod:SpectralAdrenaline"],"picked":"hexamod:FastForward","floor":3},{"not_picked":["hexamod:GhostShield","hexamod:RainOfEmbers"],"picked":"hexamod:InspiringFlames","floor":4},{"not_picked":["hexamod:AdvancingGuard","hexamod:NightmareGuise"],"picked":"hexamod:FirstSeal","floor":5},{"not_picked":["hexamod:GhostShield","hexamod:SpectralAdrenaline"],"picked":"hexamod:SecondSeal","floor":6},{"not_picked":["hexamod:AdvancingGuard","hexamod:Hexaguard"],"picked":"hexamod:Firestarter","floor":8},{"not_picked":["hexamod:BacktrackSmack","hexamod:NecessarySacrifice+1"],"picked":"hexamod:EmpoweredFlame","floor":11},{"not_picked":["hexamod:FastForward+1","hexamod:SwordOfDarkness"],"picked":"hexamod:TimeWarp","floor":14},{"not_picked":["hexamod:AdvancingGuard+1","hexamod:InspiringFlames+1"],"picked":"hexamod:Again+1","floor":15},{"not_picked":["hexamod:TimeOfNeed+1","hexamod:FifthSeal"],"picked":"hexamod:SixthSeal","floor":16},{"not_picked":["hexamod:RetreatToShadows+1","hexamod:SkipABeat+1"],"picked":"hexamod:TimeOfNeed+1","floor":19},{"not_picked":["hexamod:StepThrough+1","hexamod:RainOfEmbers","hexamod:HauntingEcho"],"picked":"SKIP","floor":21},{"not_picked":["hexamod:ShieldOfDarkness+1","hexamod:RadiantFlame"],"picked":"hexamod:DynamicBlow+1","floor":22},{"not_picked":["hexamod:TimeOfNeed+1","hexamod:FourthSeal"],"picked":"hexamod:ShieldOfDarkness+1","floor":23},{"not_picked":["hexamod:SpectralAdrenaline+1","hexamod:FastForward+1","hexamod:HeatCrush"],"picked":"SKIP","floor":26},{"not_picked":["hexamod:RainOfEmbers","hexamod:InspiringFlames+1","hexamod:HeatMetal"],"picked":"SKIP","floor":27},{"not_picked":["hexamod:Firestarter","hexamod:FastForward+1","hexamod:ThermalTransfer+1"],"picked":"SKIP","floor":28}],"player_experience":243415,"relics_obtained":[{"floor":6,"key":"Strawberry"},{"floor":7,"key":"Pantograph"},{"floor":11,"key":"Toxic Egg 2"},{"floor":23,"key":"Boot"},{"floor":24,"key":"Nunchaku"}],"event_choices":[{"damage_healed":0,"gold_gain":0,"player_choice":"Success","damage_taken":12,"relics_obtained":["Pocketwatch"],"max_hp_gain":0,"max_hp_loss":0,"event_name":"Scrap Ooze","floor":10,"gold_loss":0}],"is_beta":false,"boss_relics":[{"not_picked":["Fusion Hammer","Pandora\u0027s Box"],"picked":"downfall:Hecktoplasm"}],"items_purged_floors":[19],"is_endless":false,"potions_floor_spawned":[2,5,6,8,21],"killed_by":"Gremlin Leader","ascension_level":0}}