{"host":"s41rn2jhghpwfrvz","time":1609373490,"event":{"mods":["BaseMod","Minty Spire (QoL Compilation)","Quick Restart","Relic Stats","SuperFastMode"],"gold_per_floor":[118,130,149,166,166,166,194,194,194,194,209,240,240,165,165,239,239,254,254,254,154,154,185,201,233,233,264,280,280,155,187,187,258,258,276,126,0,51,67,96,121,149,149,149,179,198,223,223,223,223,223,223,223,48,77,77],"floor_reached":57,"playtime":1520,"items_purged":["Leap","Protect+1","Adaptation+1","Hologram","Turbo"],"score":3829,"play_id":"9d07bb7f-55ef-4c42-9643-10debafe0059","local_time":"20201231021130","daily_mods":["SealedDeck","Diverse","Elite Swarm"],"is_ascension_mode":true,"campfire_choices":[{"data":"Body Slam","floor":6,"key":"SMITH"},{"data":"Body Slam","floor":8,"key":"SMITH"},{"data":"Pommel Strike","floor":10,"key":"SMITH"},{"data":"Acrobatics","floor":15,"key":"SMITH"},{"data":"Barricade","floor":29,"key":"SMITH"},{"data":"Impervious","floor":32,"key":"SMITH"},{"floor":49,"key":"RECALL"},{"data":"Panacea","floor":53,"key":"SMITH"}],"circlet_count":0,"master_deck":["AscendersBane","Reinforced Body","Pommel Strike+1","Shrug It Off","Body Slam+1","Body Slam+1","Acrobatics+1","Barricade+1","Acrobatics","Impervious+1","Adrenaline","Panacea+1","Master of Strategy","Madness","Madness"],"relics":["Burning Blood","Art of War","Akabeko","Molten Egg 2","Sozu","MutagenicStrength","HornCleat","Calipers","Gremlin Horn","Strawberry","Magic Flower","Coffee Dripper","Red Mask","CaptainsWheel","Pen Nib","Turnip","Bag of Preparation","Charon\u0027s Ashes","Thread and Needle","Sundial","Mango"],"acts_visited":["Exordium","TheCity","TheBeyond","TheEnding"],"potions_floor_usage":[56,56],"damage_taken":[{"damage":0,"enemies":"Cultist","floor":1,"turns":4},{"damage":0,"enemies":"Small Slimes","floor":2,"turns":5},{"damage":5,"enemies":"2 Louse","floor":3,"turns":2},{"damage":21,"enemies":"Large Slime","floor":4,"turns":7},{"damage":0,"enemies":"Lagavulin","floor":7,"turns":6},{"damage":0,"enemies":"2 Fungi Beasts","floor":11,"turns":2},{"damage":12,"enemies":"3 Sentries","floor":12,"turns":7},{"damage":0,"enemies":"The Guardian","floor":16,"turns":6},{"damage":6,"enemies":"3 Byrds","floor":18,"turns":5},{"damage":0,"enemies":"Gremlin Leader","floor":23,"turns":3},{"damage":0,"enemies":"2 Thieves","floor":24,"turns":2},{"damage":0,"enemies":"Book of Stabbing","floor":25,"turns":4},{"damage":18,"enemies":"Slavers","floor":27,"turns":2},{"damage":0,"enemies":"3 Cultists","floor":28,"turns":2},{"damage":0,"enemies":"Book of Stabbing","floor":31,"turns":3},{"damage":0,"enemies":"Champ","floor":33,"turns":4},{"damage":0,"enemies":"Orb Walker","floor":35,"turns":2},{"damage":0,"enemies":"2 Orb Walkers","floor":38,"turns":2},{"damage":0,"enemies":"3 Shapes","floor":39,"turns":1},{"damage":0,"enemies":"Reptomancer","floor":40,"turns":1},{"damage":0,"enemies":"Mind Bloom Boss Battle","floor":41,"turns":2},{"damage":0,"enemies":"Giant Head","floor":42,"turns":2},{"damage":0,"enemies":"Reptomancer","floor":45,"turns":1},{"damage":0,"enemies":"3 Darklings","floor":46,"turns":1},{"damage":0,"enemies":"Nemesis","floor":47,"turns":1},{"damage":0,"enemies":"Time Eater","floor":50,"turns":3},{"damage":0,"enemies":"Awakened One","floor":51,"turns":2},{"damage":0,"enemies":"Shield and Spear","floor":55,"turns":1},{"damage":0,"enemies":"The Heart","floor":56,"turns":6}],"seed_played":"2226607964044228941","potions_obtained":[{"floor":3,"key":"Regen Potion"},{"floor":4,"key":"PowerPotion"},{"floor":16,"key":"SkillPotion"}],"is_trial":true,"path_per_floor":["M","M","M","M","?","R","E","R","T","R","M","E","?","$","R","B",null,"M","?","?","$","T","E","M","E","T","E","M","R","$","E","R","B",null,"M","$","?","?","M","E","?","E","T","?","E","M","E","?","R","B","B",null,"R","$","E","B",null],"character_chosen":"IRONCLAD","items_purchased":[],"campfire_rested":0,"item_purchase_floors":[],"current_hp_per_floor":[74,75,75,60,65,65,71,71,71,71,77,71,47,47,47,53,73,73,73,73,73,73,79,80,80,80,75,81,81,81,87,87,87,87,87,87,87,87,87,87,87,87,87,77,86,87,87,71,71,80,87,87,87,87,101,101],"gold":77,"neow_bonus":"","is_daily":false,"chose_seed":false,"campfire_upgraded":7,"win_rate":0.0,"timestamp":1609373490,"path_taken":["M","M","M","?","?","R","E","R","T","R","M","E","?","$","R","BOSS","M","?","?","?","?","E","?","E","T","E","M","R","$","E","R","BOSS","M","$","?","?","M","E","?","E","T","?","E","M","E","?","R","BOSS","BOSS","R","$","E","BOSS"],"items_purchased_type":[],"build_version":"2020-12-22","purchased_purges":5,"victory":true,"max_hp_per_floor":[75,75,75,75,80,80,80,80,80,80,80,80,80,80,80,80,80,80,80,80,80,80,80,80,80,80,87,87,87,87,87,87,87,87,87,87,87,87,87,87,87,87,87,87,87,87,87,87,87,87,87,87,87,87,101,101],"relic_stats":{"Sozu":9,"Gremlin Horn":[17,17],"counters":[29,89],"Sundial":[50],"Magic Flower":[7],"Pen Nib":[8],"Turnip":[2],"Charon\u0027s Ashes":[209],"Art of War":[5],"Bag of Preparation":[14],"obtain_stats":[{"Calipers":23,"Gremlin Horn":25,"Magic Flower":31,"Thread and Needle":45,"Mango":55,"Pen Nib":40,"Charon\u0027s Ashes":43,"Bag of Preparation":42,"Burning Blood":0,"Akabeko":9,"Sozu":17,"CaptainsWheel":38,"HornCleat":22,"Sundial":47,"MutagenicStrength":20,"Strawberry":27,"Molten Egg 2":12,"Turnip":41,"Art of War":7,"Coffee Dripper":34,"Red Mask":37},{"Calipers":10,"Gremlin Horn":12,"Magic Flower":15,"Thread and Needle":23,"Mango":28,"Pen Nib":20,"Charon\u0027s Ashes":22,"Bag of Preparation":22,"Burning Blood":0,"Akabeko":5,"Sozu":8,"CaptainsWheel":18,"HornCleat":9,"Sundial":25,"MutagenicStrength":9,"Strawberry":13,"Molten Egg 2":7,"Turnip":21,"Art of War":5,"Coffee Dripper":16,"Red Mask":17},{"Calipers":47,"Gremlin Horn":53,"Magic Flower":60,"Thread and Needle":75,"Mango":83,"Pen Nib":70,"Charon\u0027s Ashes":74,"Bag of Preparation":74,"Burning Blood":0,"Akabeko":24,"Sozu":39,"CaptainsWheel":68,"HornCleat":44,"Sundial":77,"MutagenicStrength":44,"Strawberry":55,"Molten Egg 2":33,"Turnip":72,"Art of War":24,"Coffee Dripper":64,"Red Mask":66}],"Burning Blood":99},"card_choices":[{"not_picked":["Anger","Calculated Gamble","Headbutt"],"picked":"SKIP","floor":1},{"not_picked":["Auto Shields","ForeignInfluence"],"picked":"Acrobatics","floor":2},{"not_picked":["Battle Trance","Ball Lightning","LikeWater"],"picked":"SKIP","floor":3},{"not_picked":["Underhanded Strike","Turbo","Infernal Blade"],"picked":"SKIP","floor":4},{"not_picked":["Reaper","Multi-Cast","Alpha"],"picked":"SKIP","floor":7},{"not_picked":["Sucker Punch","Slice","Glacier"],"picked":"SKIP","floor":11},{"not_picked":["Machine Learning","Devotion","Die Die Die+1"],"picked":"SKIP","floor":12},{"not_picked":["Core Surge+1","Envenom"],"picked":"Barricade","floor":16},{"not_picked":["Evaluate","Dark Embrace"],"picked":"Acrobatics","floor":18},{"not_picked":["Omniscience","Brutality","Seek"],"picked":"SKIP","floor":23},{"not_picked":["Quick Slash+1","Accuracy","Rebound+1"],"picked":"SKIP","floor":24},{"not_picked":["Double Tap","Reaper+1","Biased Cognition"],"picked":"SKIP","floor":25},{"not_picked":["Bullet Time","Double Tap","Reaper+1"],"picked":"SKIP","floor":27},{"not_picked":["ClearTheMind","Heatsinks","CrushJoints+1"],"picked":"SKIP","floor":28},{"not_picked":["Impervious","LessonLearned+1","Alpha"],"picked":"SKIP","floor":31},{"not_picked":["LessonLearned+1","Alpha"],"picked":"Impervious","floor":31},{"not_picked":["Biased Cognition","Die Die Die+1"],"picked":"Adrenaline","floor":33},{"not_picked":["ThirdEye+1","Cold Snap+1","Cleave+1"],"picked":"SKIP","floor":35},{"not_picked":["Barrage+1","Scrape+1","SandsOfTime+1"],"picked":"SKIP","floor":39},{"not_picked":["Buffer","Impervious","Berserk"],"picked":"SKIP","floor":40},{"not_picked":["Fission","Alpha","Burst"],"picked":"SKIP","floor":42},{"not_picked":["Good Instincts","Secret Weapon"],"picked":"Panacea","floor":44},{"not_picked":["Enlightenment","Flash of Steel+1"],"picked":"Master of Strategy","floor":44},{"not_picked":["MasterReality","Barricade","Double Tap"],"picked":"SKIP","floor":45},{"not_picked":["Choke+1","Caltrops","Flex+1"],"picked":"SKIP","floor":46},{"not_picked":["Reboot","Wish","Fiend Fire+1"],"picked":"SKIP","floor":47},{"not_picked":["Juggernaut","Vault","Judgement"],"picked":"SKIP","floor":55}],"player_experience":1625400,"relics_obtained":[{"floor":7,"key":"Art of War"},{"floor":9,"key":"Akabeko"},{"floor":12,"key":"Molten Egg 2"},{"floor":22,"key":"HornCleat"},{"floor":23,"key":"Calipers"},{"floor":25,"key":"Gremlin Horn"},{"floor":27,"key":"Strawberry"},{"floor":31,"key":"Magic Flower"},{"floor":38,"key":"CaptainsWheel"},{"floor":40,"key":"Pen Nib"},{"floor":41,"key":"Turnip"},{"floor":42,"key":"Bag of Preparation"},{"floor":43,"key":"Charon\u0027s Ashes"},{"floor":45,"key":"Thread and Needle"},{"floor":47,"key":"Sundial"},{"floor":55,"key":"Mango"}],"event_choices":[{"damage_healed":0,"gold_gain":0,"player_choice":"Donut","damage_taken":0,"max_hp_gain":5,"max_hp_loss":0,"event_name":"Big Fish","floor":5,"gold_loss":0},{"damage_healed":0,"gold_gain":0,"player_choice":"Entered Light","damage_taken":24,"max_hp_gain":0,"max_hp_loss":0,"event_name":"Shining Light","floor":13,"gold_loss":0,"cards_upgraded":["Adaptation","Protect"]},{"damage_healed":0,"gold_gain":0,"player_choice":"Ignored","damage_taken":0,"max_hp_gain":0,"max_hp_loss":0,"event_name":"Ghosts","floor":19,"gold_loss":0},{"damage_healed":0,"gold_gain":0,"player_choice":"Inject Mutagens","damage_taken":0,"relics_obtained":["MutagenicStrength"],"max_hp_gain":0,"max_hp_loss":0,"event_name":"Drug Dealer","floor":20,"gold_loss":0},{"damage_healed":0,"gold_gain":0,"player_choice":"Paid","damage_taken":0,"relics_obtained":["Red Mask"],"max_hp_gain":0,"max_hp_loss":0,"event_name":"Tomb of Lord Red Mask","floor":37,"gold_loss":126},{"damage_healed":0,"gold_gain":0,"player_choice":"Fight","damage_taken":0,"max_hp_gain":0,"max_hp_loss":0,"event_name":"Mysterious Sphere","floor":38,"gold_loss":0},{"damage_healed":0,"gold_gain":0,"player_choice":"Fight","damage_taken":0,"max_hp_gain":0,"max_hp_loss":0,"event_name":"MindBloom","floor":41,"gold_loss":0},{"damage_healed":0,"gold_gain":0,"player_choice":"Memory 3","damage_taken":10,"max_hp_gain":0,"max_hp_loss":0,"event_name":"SensoryStone","floor":44,"gold_loss":0},{"damage_healed":0,"gold_gain":0,"player_choice":"Embrace Madness","damage_taken":16,"max_hp_gain":0,"max_hp_loss":0,"event_name":"Winding Halls","floor":48,"gold_loss":0,"cards_obtained":["Madness","Madness"]}],"is_beta":false,"boss_relics":[{"not_picked":["Ectoplasm","Black Blood"],"picked":"Sozu"},{"not_picked":["Calling Bell","Runic Cube"],"picked":"Coffee Dripper"}],"items_purged_floors":[14,21,30,36,54],"is_endless":false,"potions_floor_spawned":[3,4,16,25,27,31,33,35,39,45,46,55],"ascension_level":20}}