{"host":"ao8ok4k25npyixk7","time":1609441522,"event":{"mods":["BaseMod","Colored Map","Minty Spire (QoL Compilation)"],"gold_per_floor":[110,35,35,35,54,84,99,99,99,99,134,165,27,38,38,111,111,126,126,142,142,161,161,176,186,212,212,222,254,274,291,291,291,291],"floor_reached":33,"playtime":1784,"items_purged":["Strike_G"],"score":520,"play_id":"f62e8c36-8e8d-491e-b018-b9302f5e906b","local_time":"20201231200522","is_ascension_mode":true,"campfire_choices":[{"data":"Crippling Poison","floor":8,"key":"SMITH"},{"data":"Neutralize","floor":10,"key":"SMITH"},{"data":"Endless Agony","floor":15,"key":"SMITH"},{"data":"Night Terror","floor":23,"key":"SMITH"},{"data":"Burst","floor":27,"key":"SMITH"},{"floor":32,"key":"REST"}],"circlet_count":0,"master_deck":["AscendersBane","Strike_G","Strike_G","Defend_G","Defend_G","Defend_G","Defend_G","Defend_G","Survivor","Neutralize+1","Endless Agony+1","Crippling Poison+1","Burst+1","Escape Plan","Backstab","Backflip","Night Terror+1","PiercingWail+1","Crippling Poison","Setup","Blade Dance","Blade Dance","Expertise","Expertise","Terror"],"relics":["Ring of the Snake","NeowsBlessing","Paper Crane","Bronze Scales","Bottled Lightning","MawBank","Strange Spoon","WristBlade","Singing Bowl","Pear"],"acts_visited":["Exordium","TheCity"],"potions_floor_usage":[11,11,29,30,31],"damage_taken":[{"damage":0,"enemies":"Jaw Worm","floor":1,"turns":1},{"damage":0,"enemies":"Small Slimes","floor":5,"turns":1},{"damage":0,"enemies":"3 Sentries","floor":6,"turns":1},{"damage":0,"enemies":"Cultist","floor":7,"turns":4},{"damage":9,"enemies":"Gremlin Nob","floor":11,"turns":5},{"damage":0,"enemies":"Looter","floor":12,"turns":3},{"damage":0,"enemies":"Exordium Thugs","floor":14,"turns":4},{"damage":15,"enemies":"The Guardian","floor":16,"turns":20},{"damage":14,"enemies":"Spheric Guardian","floor":18,"turns":4},{"damage":0,"enemies":"3 Byrds","floor":20,"turns":2},{"damage":9,"enemies":"Cultist and Chosen","floor":22,"turns":5},{"damage":6,"enemies":"Centurion and Healer","floor":24,"turns":6},{"damage":1,"enemies":"Snecko","floor":25,"turns":5},{"damage":3,"enemies":"Cultist and Chosen","floor":28,"turns":3},{"damage":12,"enemies":"Slavers","floor":29,"turns":3},{"damage":4,"enemies":"3 Cultists","floor":30,"turns":5},{"damage":14,"enemies":"Centurion and Healer","floor":31,"turns":5},{"damage":37,"enemies":"Collector","floor":33,"turns":8}],"seed_played":"1022704859215546707","potions_obtained":[{"floor":1,"key":"EssenceOfSteel"},{"floor":7,"key":"PowerPotion"},{"floor":12,"key":"Swift Potion"},{"floor":14,"key":"SpeedPotion"},{"floor":29,"key":"SkillPotion"}],"is_trial":false,"path_per_floor":["M","$","?","?","M","E","M","R","T","R","E","M","$","M","R","B",null,"M","?","M","T","M","R","M","M","T","R","M","E","M","M","R","B"],"character_chosen":"THE_SILENT","items_purchased":["Strange Spoon"],"campfire_rested":1,"item_purchase_floors":[13],"current_hp_per_floor":[59,59,52,46,46,46,46,46,46,46,37,37,37,37,37,22,55,41,41,41,41,32,32,26,25,25,25,22,22,20,8,32,0,0],"gold":291,"neow_bonus":"THREE_ENEMY_KILL","is_daily":false,"chose_seed":false,"campfire_upgraded":5,"win_rate":0.0,"timestamp":1609441522,"path_taken":["M","$","?","?","?","E","M","R","T","R","E","M","$","M","R","BOSS","M","?","M","?","?","R","M","M","T","R","M","E","M","M","R","BOSS"],"items_purchased_type":["Relic"],"build_version":"2020-12-22","purchased_purges":1,"victory":false,"max_hp_per_floor":[66,66,66,66,66,66,66,66,66,66,66,66,66,66,66,66,66,66,66,66,66,66,66,66,66,66,66,66,78,80,82,82,82,82],"card_choices":[{"not_picked":["Slice","Backflip"],"picked":"Endless Agony","floor":1},{"not_picked":["Acrobatics","Poisoned Stab"],"picked":"Crippling Poison","floor":5},{"not_picked":["Acrobatics","Quick Slash"],"picked":"Burst","floor":6},{"not_picked":["Poisoned Stab","Outmaneuver"],"picked":"Escape Plan","floor":7},{"not_picked":["Dagger Spray","Masterful Stab"],"picked":"Backstab","floor":11},{"not_picked":["Acrobatics","Prepared"],"picked":"Backflip","floor":12},{"not_picked":["Dagger Spray","Terror","A Thousand Cuts"],"picked":"SKIP","floor":14},{"not_picked":["Adrenaline","A Thousand Cuts"],"picked":"Night Terror","floor":16},{"not_picked":["Finisher","Poisoned Stab"],"picked":"PiercingWail+1","floor":18},{"not_picked":["Quick Slash","Setup"],"picked":"Blade Dance","floor":20},{"not_picked":["All Out Attack","Dodge and Roll"],"picked":"Blade Dance","floor":22},{"not_picked":["Blade Dance+1","Dagger Throw"],"picked":"Expertise","floor":24},{"not_picked":["Bouncing Flask","Infinite Blades"],"picked":"Expertise","floor":25},{"not_picked":["Deflect","Acrobatics"],"picked":"Terror","floor":28},{"not_picked":["PiercingWail","Eviscerate+1","Deflect"],"picked":"Singing Bowl","floor":29},{"not_picked":["All Out Attack","Deflect","Sucker Punch"],"picked":"Singing Bowl","floor":30},{"not_picked":["Blade Dance+1","Crippling Poison","Poisoned Stab"],"picked":"Singing Bowl","floor":31}],"player_experience":244047,"relics_obtained":[{"floor":6,"key":"Bronze Scales"},{"floor":9,"key":"Bottled Lightning"},{"floor":11,"key":"MawBank"},{"floor":21,"key":"Singing Bowl"},{"floor":29,"key":"Pear"}],"event_choices":[{"damage_healed":0,"gold_gain":0,"player_choice":"Success","damage_taken":7,"relics_obtained":["Paper Crane"],"max_hp_gain":0,"max_hp_loss":0,"event_name":"Scrap Ooze","floor":3,"gold_loss":0},{"damage_healed":0,"gold_gain":0,"player_choice":"Damaged","damage_taken":6,"max_hp_gain":0,"max_hp_loss":0,"event_name":"Wheel of Change","floor":4,"gold_loss":0},{"damage_healed":0,"gold_gain":0,"cards_transformed":["Strike_G","Strike_G"],"player_choice":"Became Test Subject","damage_taken":0,"max_hp_gain":0,"max_hp_loss":0,"event_name":"Drug Dealer","floor":19,"gold_loss":0,"cards_obtained":["Crippling Poison","Setup"]}],"is_beta":false,"boss_relics":[{"not_picked":["Snecko Eye","Tiny House"],"picked":"WristBlade"}],"items_purged_floors":[2],"is_endless":false,"potions_floor_spawned":[1,7,12,14,18,22,24,25,29],"killed_by":"Collector","ascension_level":14}}