{"host":"nlowmoq7gy18n72d","time":1609453997,"event":{"mods":["BaseMod","Conspire","Downfall","Hermit","Infinite Spire","Jorbs\u0027s Wanderer Trilogy","Minty Spire (QoL Compilation)","Replay The Spire","StSLib","The Cursed"],"gold_per_floor":[99,118,136,186,258,286,286,321,347,365,290,290,290,323,323,333,344,444,444,444,458,469,469,469,497,497,497,124,135,135,161,176,187,202,202,202,202],"floor_reached":35,"playtime":1415,"items_purged":["Languid","champ:Strike"],"score":353,"play_id":"2129c2aa-f38a-49c9-a010-0012b3475657","local_time":"20210101013317","is_ascension_mode":true,"campfire_choices":[{"floor":1,"key":"RECALL"},{"data":"champ:FanOfKnives","floor":11,"key":"SMITH"},{"data":"champ:SteelEdge","floor":15,"key":"SMITH"},{"data":"champ:EnragedBash","floor":20,"key":"SMITH"},{"floor":30,"key":"REST"}],"circlet_count":0,"master_deck":["champ:Strike","champ:Strike","champ:Strike","champ:Defend","champ:Defend","champ:Defend","champ:Defend","champ:Execute","champ:Taunt","champ:FanOfKnives+1","champ:EnragedBash+1","champ:SteelEdge+1","champ:ShieldSigil","champ:BringItOn","champ:FocusedGladiator","champ:BerserkersShout","champ:CalledShot","champ:FanOfKnives","champ:Improvising","champ:StanceDance","champ:Backstep+1","infinitespire:Fortify","champ:BerserkerStyle","champ:AdrenalArmor","champ:GladiatorStyle","champ:FaceSlap","champ:EndlessRage"],"relics":["champ:ChampionCrown","Ring of Peace","Ring of Greed","The Courier","MealTicket","Blood Vial","Guardian:PocketSentry","Happy Flower","downfall:HeartBlessingRed","Omamori","SlaversCollar","downfall:RedIOU","conspire:SpecialSausage","Chameleon Ring","Bronze Scales","PreservedInsect","Juzu Bracelet","Akabeko","Regal Pillow"],"acts_visited":["Exordium","TheCity"],"potions_floor_usage":[8,14,18,18,35],"damage_taken":[{"damage":0,"enemies":"2 Louse","floor":2,"turns":2},{"damage":5,"enemies":"Jaw Worm","floor":3,"turns":4},{"damage":25,"enemies":"Replay:BlueRogue","floor":6,"turns":7},{"damage":47,"enemies":"conspire:MimicChest","floor":8,"turns":6},{"damage":0,"enemies":"Small Slimes","floor":10,"turns":4},{"damage":41,"enemies":"Lagavulin","floor":14,"turns":5},{"damage":32,"enemies":"conspire:2 RoseBushes","floor":16,"turns":4},{"damage":30,"enemies":"Large Slime","floor":17,"turns":6},{"damage":61,"enemies":"downfall:Watcher","floor":18,"turns":9},{"damage":24,"enemies":"Chosen","floor":21,"turns":6},{"damage":62,"enemies":"Centurion and Healer","floor":22,"turns":6},{"damage":44,"enemies":"Slavers","floor":25,"turns":6},{"damage":22,"enemies":"downfall:FleeingMerchant","floor":28,"turns":4},{"damage":35,"enemies":"Sentry and Sphere","floor":29,"turns":6},{"damage":27,"enemies":"Replay:Snechameleon","floor":31,"turns":4},{"damage":21,"enemies":"Cultist and Chosen","floor":32,"turns":7},{"damage":25,"enemies":"conspire:HollyBat","floor":33,"turns":8},{"damage":24,"enemies":"Snake Plant","floor":34,"turns":5},{"damage":45,"enemies":"downfall:Ironclad","floor":35,"turns":4}],"seed_played":"-9121957154544993711","potions_obtained":[{"floor":2,"key":"SteroidPotion"},{"floor":5,"key":"Ancient Potion"},{"floor":5,"key":"Doom Potion"},{"floor":5,"key":"LifebloodPotion"},{"floor":8,"key":"SpeedPotion"},{"floor":21,"key":"Dexterity Potion"},{"floor":32,"key":"AttackPotion"},{"floor":33,"key":"Ancient Potion"}],"is_trial":false,"path_per_floor":["R","M","M","?","?","E","T","?","T","M","R","PTL","PTL","E","R","M","M","B",null,"R","M","M","?","AVR","E","T","?","$","M","R","E","M","M","M","B"],"character_chosen":"THE_CHAMP","items_purchased":["champ:GladiatorStyle","Juzu Bracelet","Akabeko"],"campfire_rested":1,"item_purchase_floors":[28,28,28],"current_hp_per_floor":[99,99,99,99,99,90,90,69,69,73,73,73,73,57,57,32,36,28,99,99,92,54,54,54,27,27,27,46,34,63,50,43,46,30,0,0,0],"gold":202,"neow_bonus":"TEN_PERCENT_HP_BONUS","is_daily":false,"chose_seed":false,"campfire_upgraded":3,"win_rate":0.0,"timestamp":1609453997,"path_taken":["R","M","M","?","?","E","T","?","?","?","R","PTL","PTL","E","R","M","M","BOSS","R","M","M","?","AVR","E","T","?","$","M","R","E","M","M","M","BOSS"],"items_purchased_type":["Card","Relic","Relic"],"build_version":"2020-12-22","purchased_purges":2,"victory":false,"max_hp_per_floor":[99,99,99,99,99,99,99,99,99,99,99,99,99,99,99,99,99,99,99,99,99,99,99,99,99,99,99,99,99,99,99,99,99,99,99,99,99],"card_choices":[{"not_picked":["champ:EndlessRage","champ:Balance"],"picked":"champ:FanOfKnives","floor":2},{"not_picked":["champ:CrookedStrike","champ:TornadoPunch"],"picked":"champ:EnragedBash","floor":3},{"not_picked":["champ:BladeFlurry","champ:Haymaker"],"picked":"champ:SteelEdge","floor":5},{"not_picked":["champ:GutPunch","champ:BerserkersShout"],"picked":"champ:ShieldSigil","floor":6},{"not_picked":["champ:FanOfKnives","champ:StanceDance"],"picked":"champ:BringItOn","floor":8},{"not_picked":["champ:TornadoPunch","champ:IronFortress"],"picked":"champ:FocusedGladiator","floor":10},{"not_picked":["champ:RapidStrikes","champ:Circumvent"],"picked":"champ:BerserkersShout","floor":14},{"not_picked":["champ:BerserkersShout","champ:GladiatorsShout"],"picked":"champ:CalledShot","floor":16},{"not_picked":["champ:CalledShot","champ:Encircle"],"picked":"champ:FanOfKnives","floor":17},{"not_picked":["champ:EnchantSword","champ:EnchantShield"],"picked":"champ:Improvising","floor":18},{"not_picked":["champ:Circumvent","champ:ViciousMockery+1"],"picked":"champ:StanceDance","floor":21},{"not_picked":["champ:ViciousMockery","champ:DeathBlow"],"picked":"champ:Backstep+1","floor":22},{"not_picked":["champ:PreciseThrust+1","champ:CrownThrow"],"picked":"champ:BerserkerStyle","floor":25},{"not_picked":["champ:EnragedBash","champ:Circumvent"],"picked":"champ:AdrenalArmor","floor":28},{"not_picked":["champ:EnGarde","champ:FanOfKnives","champ:FlashCut+1"],"picked":"SKIP","floor":29},{"not_picked":["champ:DefensiveShout","champ:GutPunch"],"picked":"champ:FaceSlap","floor":31},{"not_picked":["champ:BerserkerStyle","champ:CrookedStrike","champ:BerserkersShout+1"],"picked":"SKIP","floor":32},{"not_picked":["champ:BladeFlurry","champ:PerfectedStrike"],"picked":"champ:EndlessRage","floor":33},{"not_picked":["champ:BringItOn+1","champ:FanOfKnives","champ:IronFortress"],"picked":"SKIP","floor":34}],"player_experience":619468,"relics_obtained":[{"floor":4,"key":"Ring of Peace"},{"floor":4,"key":"Ring of Greed"},{"floor":4,"key":"The Courier"},{"floor":4,"key":"MealTicket"},{"floor":6,"key":"Blood Vial"},{"floor":7,"key":"Guardian:PocketSentry"},{"floor":8,"key":"Ancient Tea Set"},{"floor":9,"key":"Happy Flower"},{"floor":14,"key":"Omamori"},{"floor":25,"key":"Bronze Scales"},{"floor":26,"key":"PreservedInsect"},{"floor":31,"key":"Regal Pillow"}],"event_choices":[],"is_beta":false,"boss_relics":[{"not_picked":["ReplayTheSpireMod:DimensionalGlitch","Busted Crown"],"picked":"SlaversCollar"}],"items_purged_floors":[24,28],"is_endless":false,"potions_floor_spawned":[2,8,10,21,32,33,34],"killed_by":"downfall:Ironclad","ascension_level":3}}