{"host":"h1l2j95f0ioyx0nx","time":1609435898,"event":{"mods":["AchievementEnabler","Arknights The Spire","Ascension Reborn","BaseMod","BetterRewards","Gold Saver","GungeonMod","Hermit","Lobotomy","Minty Spire (QoL Compilation)","Permanent Neow","Quick Restart","Shop Mod","Spicy Shops","StSLib","The Bug Knight","The Cursed","The Dragon Tamer","The Hierophant","The Jungle","The Poker Player","The Runesmith"],"gold_per_floor":[2250,1175,1385,1385,1399,1429,1449,1449,1449,1472,1508,1534,924,924,924,1049,1049,1073,1090,1114,1130,1130,1130,1153,557,586,401,439,166,166,185,185,309,309,333,333,10,10,22,22,22,22,22,46,68,108,166,200,200,200,200,200,19,57,57],"floor_reached":56,"playtime":6008,"items_purged":["Decay","Injury","Pain"],"score":1660,"play_id":"196ceff9-8cb7-42d7-8d34-dc56db4324b7","local_time":"20210101023138","is_ascension_mode":true,"campfire_choices":[{"floor":8,"key":"RECALL"},{"data":"HollowMod:SlysStrikes","floor":15,"key":"SMITH"},{"data":"HollowMod:SlysStrikes","floor":23,"key":"SMITH"},{"data":"Apotheosis","floor":32,"key":"SMITH"},{"data":"Madness","floor":40,"key":"SMITH"},{"data":"Madness","floor":49,"key":"SMITH"},{"data":"HollowMod:Weaversong","floor":52,"key":"SMITH"}],"circlet_count":0,"master_deck":["HollowMod:NailStrikeStart+1","HollowMod:NailStrikeStart+1","HollowMod:NailStrikeStart+1","HollowMod:QuickDashStart+1","HollowMod:QuickDashStart+1","HollowMod:QuickDashStart+1","HollowMod:QuickDashStart+1","HollowMod:FocusHealStart+1","HollowMod:PogoStrike+1","HollowMod:SharpenedNail","HollowMod:SiblingsSouls","HollowMod:SlysStrikes+1","HollowMod:QuirrelsAssistance","HollowMod:MonarchWings+1","HollowMod:CycloneSlash","HollowMod:LifebloodCore+1","HollowMod:WraithStrike","HollowMod:SharpenedShadows","HollowMod:ElderbugsWisdom","HollowMod:MonarchWings","HollowMod:Weaversong+1","HollowMod:CloakDash","HollowMod:HowlingWraiths","HollowMod:MantisMark","HollowMod:SlysStrikes+1","HollowMod:HeavyBlow+1","Jack Of All Trades","HollowMod:ChannelNail+1","Apotheosis+1","HollowMod:MawleksShell+1","ats:Demon Strength+1","Secret Weapon+1","HollowMod:SlysStrikes+1","Shockwave+1","hermit:FlashPowder+1","MasterReality+1","ats:Rat Pack+1","Madness+1","Madness+1","Magnetism+1","Enlightenment+1","Mayhem+1","Noise+1","PokerPlayerMod:Overdeal+1","hermit:Gestalt+1","Mimicry+1","Ball Lightning"],"relics":["HollowMod:VesselMask","HornCleat","Omamori","Toolbox","HandDrill","Sundial","White Beast Statue","MerchantsRug","DemoMod:GnawedKey","Meat on the Bone","ats:Originium","DemoMod:ClearGuonStone","DemoMod:DecoyRelic","Bottled Flame","Membership Card","DemoMod:GreenGuonStone","DemoMod:BlueGuonStone","Strange Spoon","DemoMod:Relodestone","Incense Burner","CaptainsWheel","Runesmith:UraniumAnvil","Eternal Feather","Happy Flower","DemoMod:PoisonVial","Darkstone Periapt","Ornamental Fan","Lee\u0027s Waffle","Frozen Eye","DemoMod:JetPack","PreservedInsect","theJungle:Creamberry","Pantograph","PrismaticShard","Kunai","Juzu Bracelet","Letter Opener","Anchor","DemoMod:GundromedaStrain","Sozu","WarpedTongs","Shuriken","DollysMirror","Ancient Tea Set","Orrery","War Paint","Toy Ornithopter","Ice Cream","DemoMod:Orange","Vajra","DemoMod:Metronome","DemoMod:MonsterBlood","HollowMod:MantisClawRelic","HollowMod:StagPassRelic"],"acts_visited":["Exordium","Exordium","TheBeyond","TheEnding"],"potions_floor_usage":[],"damage_taken":[{"damage":0,"enemies":"Small Slimes","floor":1,"turns":2},{"damage":5,"enemies":"2 Louse","floor":5,"turns":3},{"damage":0,"enemies":"3 Sentries","floor":6,"turns":5},{"damage":0,"enemies":"Cultist","floor":7,"turns":2},{"damage":0,"enemies":"Blue Slaver","floor":10,"turns":3},{"damage":0,"enemies":"HollowMod:MossKnight","floor":11,"turns":5},{"damage":3,"enemies":"Looter","floor":12,"turns":3},{"damage":0,"enemies":"HollowMod:FalseKnight","floor":16,"turns":7},{"damage":0,"enemies":"theJungle:Flameango_and_Byrd","floor":18,"turns":6},{"damage":0,"enemies":"theJungle:GiantWrat","floor":19,"turns":4},{"damage":5,"enemies":"theJungle:2_Flameangoes","floor":20,"turns":5},{"damage":3,"enemies":"theJungle:Snecko_Cultist_And_Trap","floor":21,"turns":4},{"damage":0,"enemies":"theJungle:SlimyTreeVines","floor":24,"turns":5},{"damage":0,"enemies":"theJungle:2_Phrogs","floor":28,"turns":5},{"damage":0,"enemies":"theJungle:Lyon","floor":31,"turns":5},{"damage":0,"enemies":"theJungle:FunGuy","floor":33,"turns":7},{"damage":0,"enemies":"Orb Walker","floor":35,"turns":3},{"damage":0,"enemies":"3 Shapes","floor":39,"turns":2},{"damage":0,"enemies":"3 Darklings","floor":44,"turns":3},{"damage":0,"enemies":"HollowMod:SlobberingHusk","floor":45,"turns":6},{"damage":0,"enemies":"Nemesis","floor":46,"turns":3},{"damage":0,"enemies":"2 Orb Walkers","floor":47,"turns":4},{"damage":0,"enemies":"Giant Head","floor":48,"turns":4},{"damage":0,"enemies":"Time Eater","floor":50,"turns":7},{"damage":0,"enemies":"Shield and Spear","floor":54,"turns":4},{"damage":5,"enemies":"The Heart","floor":55,"turns":6}],"seed_played":"5071167798535708640","potions_obtained":[{"floor":1,"key":"Regen Potion"},{"floor":5,"key":"ColorlessPotion"},{"floor":7,"key":"DemoMod:LeadSkinPotion"},{"floor":10,"key":"DistilledChaos"},{"floor":16,"key":"FairyPotion"}],"is_trial":false,"path_per_floor":["M","$","?","?","M","E","M","R","T","M","E","M","$","?","R","B",null,"M","M","M","M","?","R","M","$","T","?","E","$","?","M","R","B",null,"M","?","$","?","M","R","?","?","T","M","M","E","?","E","R","B",null,"R","$","E","B",null],"character_chosen":"THE_BUGKNIGHT","items_purchased":["HornCleat","Omamori","Toolbox","HandDrill","Sundial","White Beast Statue","MerchantsRug","DemoMod:GnawedKey","HollowMod:SlysStrikes","Membership Card","DemoMod:GreenGuonStone","DemoMod:BlueGuonStone","Strange Spoon","DemoMod:Relodestone","HollowMod:MonarchWings","Incense Burner","Happy Flower","DemoMod:PoisonVial","Darkstone Periapt","Ornamental Fan","Jack Of All Trades","Lee\u0027s Waffle","HollowMod:ChannelNail","Apotheosis","Frozen Eye","PrismaticShard","Kunai","Juzu Bracelet","Letter Opener","DemoMod:WeirdEgg","DollysMirror","Ancient Tea Set","Orrery","DemoMod:Metronome","DemoMod:MonsterBlood","HollowMod:MantisClawRelic"],"campfire_rested":0,"item_purchase_floors":[2,2,2,2,2,2,2,2,2,13,13,13,13,13,13,13,25,25,25,25,25,25,25,25,25,29,29,29,29,37,37,37,37,53,53,53],"current_hp_per_floor":[75,75,75,68,71,75,75,75,75,75,75,75,75,75,75,75,75,75,75,70,75,70,80,80,93,93,93,93,93,93,93,93,93,93,93,99,99,87,95,99,99,89,89,89,97,99,111,111,111,111,111,111,118,118,115],"gold":57,"neow_bonus":"TRANSFORM_CARD","is_daily":false,"chose_seed":false,"campfire_upgraded":6,"win_rate":0.0,"timestamp":1609435898,"path_taken":["M","$","?","?","M","E","M","R","T","M","E","M","$","?","R","BOSS","M","?","M","M","?","R","M","$","T","?","E","$","?","M","R","BOSS","M","?","$","?","M","R","?","?","T","M","M","E","?","E","R","BOSS","R","$","E","BOSS"],"items_purchased_type":["Relic","Relic","Relic","Relic","Relic","Relic","Relic","Relic","Card","Relic","Relic","Relic","Relic","Relic","Card","Relic","Relic","Relic","Relic","Relic","Card","Relic","Card","Card","Relic","Relic","Relic","Relic","Relic","Relic","Relic","Relic","Relic","Relic","Relic","Relic"],"build_version":"2020-12-22","purchased_purges":3,"victory":true,"max_hp_per_floor":[75,75,75,75,75,75,75,75,75,75,75,75,75,75,75,75,75,75,75,75,75,80,80,80,93,93,93,93,93,93,93,93,93,93,93,99,99,99,99,99,99,99,99,99,99,99,111,111,111,111,111,111,118,118,118],"card_choices":[{"not_picked":["HollowMod:SoulStrike","HollowMod:DoubleDash+1"],"picked":"HollowMod:SiblingsSouls","floor":1},{"not_picked":["HollowMod:MawleksShell","HollowMod:SiblingsShadow"],"picked":"HollowMod:QuirrelsAssistance","floor":5},{"not_picked":["HollowMod:LifebloodCocoon","HollowMod:GreatSlash"],"picked":"HollowMod:MonarchWings+1","floor":6},{"not_picked":["HollowMod:Grubsong","HollowMod:NewLittleFool+1"],"picked":"HollowMod:SoulEater","floor":6},{"not_picked":["HollowMod:DungDefenderAura","HollowMod:SharpenedNail"],"picked":"HollowMod:CycloneSlash","floor":7},{"not_picked":["HollowMod:CloakDash","HollowMod:BaldurShell"],"picked":"HollowMod:LifebloodCore","floor":10},{"not_picked":["HollowMod:Grubsong","HollowMod:VengefulVoid"],"picked":"HollowMod:WraithStrike","floor":11},{"not_picked":["HollowMod:InfectedAttack+1","HollowMod:CycloneSlash+1"],"picked":"HollowMod:SharpenedShadows","floor":11},{"not_picked":["HollowMod:SoulStrike","HollowMod:TaintedHusks"],"picked":"HollowMod:ElderbugsWisdom","floor":12},{"not_picked":["HollowMod:theNailsmith","HollowMod:NewInfectedGuardian"],"picked":"HollowMod:Weaversong","floor":16},{"not_picked":["HollowMod:MawleksShell+1","HollowMod:HeavyBlow"],"picked":"HollowMod:CloakDash","floor":18},{"not_picked":["HollowMod:DoubleDash","HollowMod:LifebloodCocoon"],"picked":"HollowMod:HowlingWraiths","floor":19},{"not_picked":["HollowMod:DoubleDash","HollowMod:AbyssShriek"],"picked":"HollowMod:MantisMark","floor":20},{"not_picked":["HollowMod:SoulShaman","HollowMod:DoubleDash"],"picked":"HollowMod:SlysStrikes","floor":21},{"not_picked":["HollowMod:VengefulSpirit","HollowMod:MonarchWings+1"],"picked":"HollowMod:HeavyBlow+1","floor":24},{"not_picked":["HollowMod:SoulSplash","HollowMod:DashSlash"],"picked":"HollowMod:MawleksShell+1","floor":28},{"not_picked":["Runesmith:HammerThrow","Deflect"],"picked":"ats:Demon Strength+1","floor":31},{"not_picked":["Runesmith:LightningRod+1","Brutality+1"],"picked":"Secret Weapon+1","floor":33},{"not_picked":["TheCursedMod:CursedShiv+1","TheCursedMod:RavingStaff+1","hermit:LowProfile+1"],"picked":"SKIP","floor":35},{"not_picked":["hierophant:HammerAndAnvil+1","PokerPlayerMod:SpadeStrike+1"],"picked":"Shockwave+1","floor":37},{"not_picked":["DemoMod:DoubleSwitch+1","Runesmith:HammerThrow+1"],"picked":"hermit:FlashPowder+1","floor":37},{"not_picked":["Runesmith:HeatedChisel+1","TheCursedMod:SmokeScreen+1"],"picked":"MasterReality+1","floor":37},{"not_picked":["Searing Blow+2","hermit:TrackingShot+1"],"picked":"ats:Rat Pack+1","floor":37},{"not_picked":["DemoMod:Ejector+1","DemoMod:BoxingGlove+1","Redo+1"],"picked":"SKIP","floor":39},{"not_picked":["Good Instincts+1","Flash of Steel+1"],"picked":"Magnetism+1","floor":42},{"not_picked":["Mind Blast+1","Secret Technique+1"],"picked":"Enlightenment+1","floor":42},{"not_picked":["Madness+1","Finesse+1"],"picked":"Mayhem+1","floor":42},{"not_picked":["HollowMod:SoulSplash","ats:Apocalypse+1"],"picked":"Noise+1","floor":44},{"not_picked":["TheCursedMod:Torture","PokerPlayerMod:HeartStrike+1"],"picked":"PokerPlayerMod:Overdeal+1","floor":45},{"not_picked":["hierophant:AuricBeam+1","Leap+1","Tough+1"],"picked":"SKIP","floor":46},{"not_picked":["ClearTheMind+1","PokerPlayerMod:DartThrow"],"picked":"hermit:Gestalt+1","floor":47},{"not_picked":["EmptyFist","hierophant:Upheaval+1"],"picked":"Mimicry+1","floor":48},{"not_picked":["hierophant:FieryStrike+1","Runesmith:OneForEveryone+1"],"picked":"Ball Lightning","floor":54}],"player_experience":139120,"relics_obtained":[{"floor":6,"key":"ats:Originium"},{"floor":6,"key":"DemoMod:ClearGuonStone"},{"floor":9,"key":"DemoMod:DecoyRelic"},{"floor":11,"key":"ats:Originium"},{"floor":11,"key":"Bottled Flame"},{"floor":16,"key":"CaptainsWheel"},{"floor":18,"key":"Eternal Feather"},{"floor":26,"key":"DemoMod:JetPack"},{"floor":26,"key":"PreservedInsect"},{"floor":28,"key":"ats:Originium"},{"floor":28,"key":"Pantograph"},{"floor":31,"key":"Anchor"},{"floor":33,"key":"DemoMod:GundromedaStrain"},{"floor":43,"key":"War Paint"},{"floor":43,"key":"Toy Ornithopter"},{"floor":46,"key":"Ice Cream"},{"floor":47,"key":"DemoMod:Orange"},{"floor":48,"key":"Vajra"},{"floor":54,"key":"HollowMod:StagPassRelic"}],"event_choices":[{"damage_healed":0,"gold_gain":175,"player_choice":"AGREE","damage_taken":0,"max_hp_gain":0,"max_hp_loss":0,"event_name":"Liars Game","floor":3,"gold_loss":0,"cards_obtained":["Doubt"]},{"damage_healed":0,"gold_gain":0,"player_choice":"Success","damage_taken":7,"relics_obtained":["Meat on the Bone"],"max_hp_gain":0,"max_hp_loss":0,"event_name":"Scrap Ooze","floor":4,"gold_loss":0},{"cards_removed":["HollowMod:SoulEater"],"damage_healed":0,"gold_gain":0,"player_choice":"Offered Uncommon","damage_taken":0,"max_hp_gain":0,"max_hp_loss":0,"event_name":"Bonfire Elementals","floor":14,"gold_loss":0},{"damage_healed":0,"gold_gain":0,"player_choice":"Rummage","damage_taken":0,"relics_obtained":["WarpedTongs"],"max_hp_gain":0,"max_hp_loss":0,"event_name":"Accursed Blacksmith","floor":36,"gold_loss":0,"cards_obtained":["Pain"]},{"damage_healed":0,"gold_gain":0,"player_choice":"Embrace Madness","damage_taken":12,"max_hp_gain":0,"max_hp_loss":0,"event_name":"Winding Halls","floor":38,"gold_loss":0,"cards_obtained":["Madness","Madness"]},{"damage_healed":0,"gold_gain":0,"player_choice":"Ignored","damage_taken":0,"max_hp_gain":0,"max_hp_loss":0,"event_name":"SecretPortal","floor":41,"gold_loss":0},{"damage_healed":0,"gold_gain":0,"player_choice":"Memory 3","damage_taken":10,"max_hp_gain":0,"max_hp_loss":0,"event_name":"SensoryStone","floor":42,"gold_loss":0},{"damage_healed":0,"gold_gain":0,"player_choice":"Fight","damage_taken":0,"max_hp_gain":0,"max_hp_loss":0,"event_name":"Mysterious Sphere","floor":47,"gold_loss":0}],"is_beta":false,"boss_relics":[{"not_picked":["Snecko Eye","Velvet Choker"],"picked":"Runesmith:UraniumAnvil"},{"not_picked":["Runic Pyramid","Coffee Dripper"],"picked":"Sozu"}],"items_purged_floors":[13,25,37],"is_endless":false,"potions_floor_spawned":[5,7,10,12,16,19,20,21,24,31,35,39,44,45,46,47,48],"ascension_level":0}}