{"host":"deadgod","time":1609383263,"event":{"mods":["2.2 Compatiblity","ATMod(ªü½@Mod)","Act Like it!","Arknights The Spire","Aspiration","BaseMod","Bestiary","CapriCore","ChefMod","Colored Map","Colored Powertips","GungeonMod","HololiveMod","Minty Spire (QoL Compilation)","Permanent Neow","Relic Filter","Relic Sorter","Robot Space Explorer","StSLib","Synergy Search","The Dragon Tamer","The Runesmith","UnlockEverythingMod","Waifu the Spire","¡i?ª«¥dµP¡jREMEMod"],"gold_per_floor":[116,191,209,228,244,270,270,288,340,340,355,355,355,383,383,487,487,504,504,504,603,7,7,37,97,123,123,174,99,185,255,255,428,428,572,206,342,373,373],"floor_reached":38,"playtime":5037,"items_purged":["chefmod:Strike"],"score":551,"play_id":"10a01c6d-2aac-4cbf-aee4-db61dd560839","local_time":"20201231105423","is_ascension_mode":false,"campfire_choices":[{"data":"chefmod:FullBurn","floor":7.0,"key":"SMITH"},{"data":"chefmod:KnifeFlurry","floor":10.0,"key":"SMITH"},{"data":"chefmod:FreezerBurn","floor":12.0,"key":"SMITH"},{"data":"chefmod:OrderUp","floor":15.0,"key":"SMITH"},{"data":"chefmod:SearedScallops","floor":23.0,"key":"SMITH"},{"data":"chefmod:TodaysSpecial","floor":27.0,"key":"SMITH"},{"data":"chefmod:AllYouCanEat","floor":32,"key":"SMITH"}],"circlet_count":0,"master_deck":["chefmod:Strike","chefmod:Strike","chefmod:Defend","chefmod:Defend","chefmod:Defend","chefmod:QuickThaw","chefmod:TodaysSpecial+1","chefmod:FullBurn+1","chefmod:DoubleChop","chefmod:DinoKale","chefmod:KnifeFlurry+1","chefmod:OrderUp+1","chefmod:FreezerBurn+1","chefmod:SearedScallops+1","chefmod:OrderUp","chefmod:AllYouCanEat+1","chefmod:ZaruSoba","chefmod:Granita","chefmod:PotatoGratin","chefmod:DeathByChocolate","chefmod:Puree","chefmod:CleanHouse","Parasite"],"relics":["chefmod:TrustyPot","AT_ATBox","REME_ComplimentaryCards","aspiration:Nostalgia","Burning Blood","ats:Originium","AT_RedTearstoneRing","ats:Originium","Pear","Hololive_Finger","Pen Nib","aspiration:RitualStick","Ice Cream","DemoMod:ClearGuonStone","REME_CardOfGreed","ats:Originium","AT_MibuBalloonWealth","DemoMod:MonsterBlood","ats:Originium","DemoMod:LamentConfigurum","aspiration:FutureDiary","Centennial Puzzle","Orichalcum","DemoMod:GlassGuonStoneRelic"],"acts_visited":["Exordium","TheCity","TheBeyond"],"potions_floor_usage":[38],"damage_taken":[{"damage":1.0,"enemies":"Jaw Worm","floor":1.0,"turns":4.0},{"damage":4.0,"enemies":"Cultist","floor":3.0,"turns":4.0},{"damage":0.0,"enemies":"Small Slimes","floor":4.0,"turns":4.0},{"damage":8.0,"enemies":"2 Fungi Beasts","floor":5.0,"turns":5.0},{"damage":7.0,"enemies":"Lagavulin","floor":6.0,"turns":8.0},{"damage":15.0,"enemies":"Exordium Wildlife","floor":8.0,"turns":5.0},{"damage":0.0,"enemies":"Looter","floor":11.0,"turns":3.0},{"damage":9.0,"enemies":"3 Sentries","floor":14.0,"turns":2.0},{"damage":20.0,"enemies":"Slime Boss","floor":16.0,"turns":11.0},{"damage":10.0,"enemies":"Shell Parasite","floor":18.0,"turns":5.0},{"damage":8.0,"enemies":"Gremlin Leader","floor":24.0,"turns":6.0},{"damage":2.0,"enemies":"2 Thieves","floor":25.0,"turns":2.0},{"damage":15.0,"enemies":"Book of Stabbing","floor":28.0,"turns":5.0},{"damage":0,"enemies":"3 Cultists","floor":30,"turns":4},{"damage":0,"enemies":"Cultist and Chosen","floor":31,"turns":4},{"damage":0,"enemies":"Automaton","floor":33,"turns":6},{"damage":0,"enemies":"3 Shapes","floor":35,"turns":4},{"damage":0,"enemies":"3 Darklings","floor":37,"turns":1},{"damage":3,"enemies":"Writhing Mass","floor":38,"turns":6}],"seed_played":"9053467739864647089","potions_obtained":[{"floor":3.0,"key":"ColorlessPotion"},{"floor":11.0,"key":"Ancient Potion"},{"floor":16.0,"key":"Swift Potion"},{"floor":18.0,"key":"SteroidPotion"},{"floor":25.0,"key":"Strength Potion"},{"floor":33,"key":"DistilledChaos"},{"floor":38,"key":"Swift Potion"}],"is_trial":false,"path_per_floor":["M","?","M","M","M","E","R","M","T","R","M","R","?","E","R","B",null,"M","T","?","?","$","R","E","M","T","R","E","?","M","M","R","B",null,"M","$","M","M"],"character_chosen":"THE_CHEF","items_purchased":["Ice Cream","DemoMod:ClearGuonStone","REME_CardOfGreed","Centennial Puzzle","Orichalcum"],"campfire_rested":0,"item_purchase_floors":[22,22,22,36,36],"current_hp_per_floor":[76,65,67,73,71,70,70,61,61,61,67,67,67,74,74,60,86,82,82,65,65,65,65,63,67,74,74,65,65,71,77,77,83,93,93,93,93,93,93],"gold":373,"neow_bonus":"NOSTALGIA","is_daily":false,"chose_seed":false,"campfire_upgraded":7,"win_rate":0.0,"timestamp":1609383263,"path_taken":["M","?","M","M","M","E","R","M","T","R","M","R","?","E","R","BOSS","M","?","?","?","$","R","E","?","T","R","E","?","M","M","R","BOSS","M","$","M","M"],"items_purchased_type":["Relic","Relic","Relic","Relic","Relic"],"build_version":"2020-11-17","purchased_purges":1,"victory":false,"max_hp_per_floor":[76,76,76,76,76,76,76,76,76,76,76,76,76,86,86,86,86,86,86,86,86,86,86,86,86,93,93,93,93,93,93,93,93,93,93,93,93,93,93],"card_choices":[{"not_picked":["chefmod:ColdSteel","chefmod:DinoKale"],"picked":"chefmod:FullBurn","floor":1.0},{"not_picked":["chefmod:FreshProduce","chefmod:ColdSteel"],"picked":"chefmod:DoubleChop","floor":3.0},{"not_picked":["chefmod:Sorbet","chefmod:Chop"],"picked":"chefmod:DinoKale","floor":4.0},{"not_picked":["chefmod:HotSoup","chefmod:SliceAndDice"],"picked":"chefmod:KnifeFlurry","floor":5.0},{"not_picked":["chefmod:SliceAndDice","chefmod:Defrost"],"picked":"chefmod:OrderUp","floor":6.0},{"not_picked":["chefmod:Gelato","chefmod:Fillet","chefmod:IcePick"],"picked":"SKIP","floor":8.0},{"not_picked":["chefmod:Puree","chefmod:Fillet"],"picked":"chefmod:FreezerBurn","floor":11.0},{"not_picked":["chefmod:TonkotsuRamen","chefmod:Ratatouille"],"picked":"chefmod:SearedScallops","floor":14.0},{"not_picked":["chefmod:DeepFreeze","chefmod:Canape"],"picked":"chefmod:OrderUp","floor":16.0},{"not_picked":["chefmod:Fillet","chefmod:Chop"],"picked":"chefmod:AllYouCanEat","floor":18.0},{"not_picked":["chefmod:Cleavers","chefmod:FryPan+1","chefmod:Defrost"],"picked":"SKIP","floor":24.0},{"not_picked":["chefmod:SearedScallops","chefmod:BaoBuns+1"],"picked":"chefmod:ZaruSoba","floor":25.0},{"not_picked":["chefmod:IcePick+1","chefmod:ColdSteel+1"],"picked":"chefmod:Granita","floor":28.0},{"not_picked":["chefmod:ZaruSoba","chefmod:Defrost","chefmod:Sorbet+1"],"picked":"SKIP","floor":30},{"not_picked":["chefmod:SpaghettiCarbonara","chefmod:Sorbet"],"picked":"chefmod:PotatoGratin","floor":31},{"not_picked":["chefmod:SushiPlatter","chefmod:FrozenTuna"],"picked":"chefmod:DeathByChocolate","floor":33},{"not_picked":["chefmod:DoubleChop+1","chefmod:MonsterBait+1"],"picked":"chefmod:Puree","floor":35},{"not_picked":["chefmod:SpaghettiCarbonara+1","chefmod:ZaruSoba"],"picked":"chefmod:CleanHouse","floor":37}],"player_experience":37640,"relics_obtained":[{"floor":6.0,"key":"ats:Originium"},{"floor":6.0,"key":"AT_RedTearstoneRing"},{"floor":14.0,"key":"ats:Originium"},{"floor":14.0,"key":"Pear"},{"floor":19.0,"key":"Pen Nib"},{"floor":24.0,"key":"ats:Originium"},{"floor":24.0,"key":"AT_MibuBalloonWealth"},{"floor":26.0,"key":"DemoMod:MonsterBlood"},{"floor":28.0,"key":"ats:Originium"},{"floor":28.0,"key":"DemoMod:LamentConfigurum"}],"event_choices":[{"damage_healed":0.0,"max_hp_gain":0.0,"max_hp_loss":0.0,"gold_gain":75.0,"event_name":"World of Goop","player_choice":"Gather Gold","floor":2.0,"gold_loss":0.0,"damage_taken":11.0},{"cards_removed":["chefmod:Strike"],"damage_healed":0.0,"max_hp_gain":0.0,"max_hp_loss":0.0,"gold_gain":0.0,"event_name":"Bonfire Elementals","player_choice":"Offered Basic","floor":13.0,"gold_loss":0.0,"damage_taken":0.0},{"damage_healed":0.0,"max_hp_gain":0.0,"max_hp_loss":0.0,"gold_gain":99.0,"event_name":"Nest","player_choice":"Stole From Cult","floor":21.0,"gold_loss":0.0,"damage_taken":0.0},{"cards_removed":["chefmod:Strike"],"damage_healed":0,"gold_gain":0,"player_choice":"Gave Gold","damage_taken":0,"max_hp_gain":0,"max_hp_loss":0,"event_name":"Beggar","floor":29,"gold_loss":75}],"is_beta":true,"boss_relics":[{"not_picked":["aspiration:RunesmithSkillbook","aspiration:MobileForge"],"picked":"Hololive_Finger"},{"not_picked":["REME_DuelDisc","chefmod:PepperMill"],"picked":"aspiration:FutureDiary"}],"items_purged_floors":[36],"is_endless":false,"potions_floor_spawned":[3,11,16,18,25,33,38],"killed_by":"Writhing Mass","ascension_level":0}}